3900 6217
522 332 641 394 ‘104

520 437 811 520 quitatem
845 440 1092 511 fratris.
1144 440 1568 520 Respondetur
1610 458 1687 501 ex
1733 440 2080 519 Augustino

520 530 632 606 ibi,
654 538 717 592 et
746 531 1005 592 habetur
1034 550 1088 592 c.
1112 532 1251 594 Hoc
1292 538 1363 595 ut
1384 532 1642 607 videtur,
1665 537 1726 608 2,
1754 536 1816 609 tl,
1856 539 2076 613 quaest.

525 624 586 695 5,
612 623 993 702 Scripturam
1030 643 1267 685 sacram
1290 644 1416 686 non
1450 626 1813 705 explicuisse
1848 627 1947 686 cui
1985 626 2082 685 in-

523 715 859 776 dicandum
887 718 989 792 sit,
1022 722 1165 796 quia
1197 718 1497 779 nimirum
1537 718 1626 778 illi
1660 724 1754 779 est
1801 717 2084 779 indican-

522 808 671 869 dum
696 810 802 888 qui
833 816 1033 889 potest
1062 811 1365 891 prodesse,
1399 818 1461 873 et
1490 832 1615 873 nou
1662 811 1897 882 obesse.
1932 819 1995 873 et
2031 812 2084 871 si

521 900 685 961 solus
710 900 815 962 ille
844 903 983 977 scit,
1024 902 1113 964 illi
1140 905 1277 978 soli,
1308 906 1415 983 qui
1445 912 1675 984 peccat,
1714 924 1823 985 per
1851 922 2087 965 correc-

522 996 754 1055 tionem
784 1004 1077 1057 secretam
1106 998 1509 1059 indicandum
1540 1006 1649 1059 est.

608 1088 703 1148 10.
774 1088 1031 1167 objectio
1086 1092 1363 1153 secunda.
1395 1124 1477 1137 ——
1530 1091 1795 1156 Solacia.
1832 1122 1914 1137 —-
1959 1090 2078 1153 Sed

521 1188 735 1242 contra
758 1183 1031 1243 secundo
1065 1201 1079 1242 t
1116 1201 1264 1243 nam
1292 1185 1569 1263 Episcopi
1594 1193 1657 1245 et
1682 1184 2080 1263 Inquisitores

521 1292 679 1353 soepe
720 1294 829 1355 per
877 1276 1079 1336 edicta
1116 1275 1361 1355 publica
1405 1278 1775 1357 proes-ipiunt
1802 1276 1920 1336 sibi
1975 1276 2077 1336 de-

400 1362 407 1371 '
521 1368 801 1429 nuntiari
842 1370 1125 1444 crimina,
1186 1388 1293 1431 seu
1334 1376 1585 1445 secreta,
1631 1388 1739 1431 seu
1802 1368 2075 1449 publica,

522 1479 658 1539 quae
684 1478 845 1541 saepe
884 1480 1009 1523 non
1044 1470 1189 1523 sunt
1214 1469 1428 1524 contra
1458 1482 1789 1525 commune
1816 1463 2076 1539 bonum3

521 1560 583 1614 et
608 1554 777 1632 quod
804 1554 921 1615 hoc
944 1555 1023 1615 sit
1052 1556 1309 1633 justum,
1354 1564 1523 1636 patet
1552 1576 1627 1617 ex
1660 1574 1794 1628 usu,
1842 1562 1905 1615 ει
1932 1555 2080 1632 quia

520 1647 768 1726 expedit
794 1650 1109 1708 communi
1140 1649 1302 1709 bono
1346 1656 1416 1709 ιιι
1473 1649 1624 1710 talia
1654 1656 1897 1729 peccata
1948 1666 2078 1707 non

520 1746 815 1801 maneant
839 1742 1169 1821 impunita.
1194 1742 1619 1821 Respondetur
1647 1744 1709 1802 in
1736 1742 1851 1803 hoc
1872 1741 2080 1801 obser·

521 1833 819 1905 vandum,
864 1852 1035 1913 posse
1066 1835 1167 1895 hic
1202 1835 1385 1895 simul
1431 1836 1728 1913 conjungi
1764 1835 1933 1895 viam
1985 1834 2082 1893 in·-

520 1926 893 2005 quisitioniS,
937 1934 999 1987 et
1042 1928 1094 1987 si
1124 1927 1277 1989 tales
1322 1929 1661 2007 superiores
1691 1928 1956 2006 juridice
1983 1927 2080 1987 in-

522 2025 859 2098 terrogent,
892 2020 1341 2089 observandum
1390 2039 1495 2091 an,
1528 2022 1781 2095 scilicet,
1824 2036 2079 2100 praeces-

522 2114 671 2173 serit
695 2112 943 2192 publica
970 2113 1246 2190 infamia,
1275 2113 1373 2174 vel
1400 2114 1709 2175 sufficiens
1744 2130 1979 2188 rumor,
2009 2119 2079 2173 ut

519 2209 773 2284 exponit
800 2206 871 2267 D.
898 2206 1189 2281 Thomas,
1233 2214 1349 2267 art.
1383 2209 1443 2281 7,
1474 2206 1553 2268 ad
1592 2209 1630 2267 5
1658 2223 1679 2283 ;
1716 2212 1866 2267 tunc
1908 2208 2080 2266 enim

516 2300 912 2379 teneturquis
938 2300 1326 2376 denuntiare,
1354 2307 1417 2361 et
1442 2300 1833 2380 respondere,
1862 2307 1926 2361 et
1950 2318 2078 2359 non

517 2392 833 2455 attendere
851 2395 1135 2455 ordinem
1164 2394 1562 2473 correptionis
1587 2392 1894 2466 fraternae,
1931 2392 2078 2471 quia

518 2506 645 2549 non
702 2488 1050 2567 proceditur
1095 2488 1203 2549 illa
1248 2489 1387 2563 via,
1432 2494 1495 2549 et
1550 2488 1827 2567 superior
1878 2488 2077 2546 utitur

510 2580 653 2659 jure
688 2598 799 2641 suo
842 2582 911 2641 in
958 2581 1175 2641 ordine
1206 2581 1283 2641 ad
1316 2598 1641 2642 commune
1672 2579 1931 2641 bonum.
1964 2579 2074 2638 So·

516 2676 647 2737 lum
676 2675 981 2737 interdum
1008 2680 1209 2754 posset
1226 2674 1519 2755 explicari
1545 2674 1807 2735 intentio
1832 2689 2070 2733 eorum.

518 2769 671 2831 Nam
710 2770 762 2829 si
816 2768 1135 2843 delictum,
1176 2770 1459 2847 quamvis
1510 2766 1842 2845 aliquando
1888 2765 2078 2825 fuerit

518 2862 605 2923 ita
632 2862 974 2942 publicum,
1004 2862 1133 2940 jam
1164 2866 1255 2922 est
1276 2861 1531 2922 omnino
1562 2859 1982 2930 emendatum,
2017 2864 2077 2918 ct

516 2975 641 3017 non
698 2966 789 3017 est
837 2956 1201 3035 periculum,
1254 2955 1571 3015 moraliter
1612 2953 1828 3014 haberi
1876 2956 2078 3031 potest

517 3056 814 3129 tanquam
842 3068 967 3110 non
1003 3049 1426 3123 commissum,
1460 3054 1523 3109 et
1576 3046 1954 3107 credendum
1983 3051 2076 3105 est

515 3160 643 3203 non
674 3161 803 3207 esse
850 3160 1065 3203 eorum
1112 3142 1523 3203 intentionem
1556 3140 1634 3201 de
1677 3139 1795 3201 hoc
1850 3137 2075 3199 delicto

518 3236 924 3314 interrogare,
970 3235 1087 3295 nisi
1134 3234 1285 3295 illud
1331 3245 1613 3313 expresse
1643 3233 1891 3293 dicant:
1926 3248 2074 3292 nam

518 3329 573 3389 si
602 3328 717 3389 hoc
744 3329 994 3404 faciant,
1040 3328 1453 3389 obediendum
1486 3333 1665 3402 esset,
1694 3326 1843 3405 quia
1887 3332 2073 3385 utun-

522 3430 622 3483 tur
646 3424 788 3501 jure
814 3440 943 3484 suo.
979 3423 1043 3484 Si
1074 3440 1219 3482 vero
1246 3420 1467 3481 delicta
1492 3440 1617 3481 non
1656 3421 1780 3481 sint
1808 3418 1978 3492 talia,
2007 3422 2075 3478 ut

514 3519 617 3577 via
666 3517 1085 3596 inquisitionis
1125 3517 1357 3595 possint
1400 3514 1477 3577 de
1523 3514 1642 3575 illis
1693 3515 2074 3591 interrogare

510 3610 795 3689 juridice,
840 3616 991 3671 tunc
1043 3609 1419 3670 credendum
1463 3614 1555 3669 est
1595 3626 1698 3669 eos
1748 3606 2074 3686 procedere

516 3704 859 3765 secundum
909 3704 1193 3765 ordinem
1244 3702 1633 3765 correctionis
1654 3700 1965 3762 fraternae.
2001 3699 2076 3759 Et

515 3798 617 3858 hic
651 3803 743 3859 est
769 3798 1129 3874 servandus,
1159 3802 1229 3856 ιιι
1272 3795 1451 3857 divus
1477 3792 1764 3868 Thomas,
1799 3793 1865 3853 in
1914 3790 2075 3852 solu·

514 3892 683 3953 tione
710 3890 789 3953 ad
829 3893 889 3967 5,
922 3891 1213 3970 explicat,
1248 3908 1447 3969 neque
1472 3888 1641 3951 aliud
1664 3888 1931 3968 expedit,
1967 3895 2075 3949 aut

516 3986 927 4046 necessarium
972 3990 1065 4045 est
1104 3984 1421 4044 communi
1468 3982 1657 4059 bono,
1704 3984 1801 4042 cui
1854 3980 2076 4043 sufficit

514 4083 586 4138 ιιι
618 4078 868 4157 publica
890 4078 1115 4139 delicta
1163 4078 1525 4157 puniantur,
1558 4086 1619 4137 ει
1656 4075 1897 4137 occulta
1928 4092 2073 4135 eou-

516 4172 790 4233 venienti
818 4171 1033 4232 ordine
1061 4171 1375 4231 charitatis
1404 4169 1829 4231 cohibeantur.
1864 4170 2072 4247 Neque

522 4265 691 4325 enim
746 4282 856 4345 per
906 4284 970 4325 se
1006 4264 1311 4344 loquendo
1346 4262 1577 4323 habent
1604 4262 1943 4343 superiores
1971 4264 2072 4341 jus

514 4360 593 4419 ad
619 4360 930 4438 punienda
958 4364 1203 4437 peccatu
1230 4356 1494 4418 occulta.

602 4456 697 4513 11.
748 4450 1007 4532 objectio
1053 4452 1259 4524 tertia,
1322 4452 1391 4511 de
1434 4449 1641 4512 ordine
1683 4450 2071 4513 correctionis

510 4548 805 4623 fraterna·
828 4545 901 4607 in
934 4545 1349 4627 reliyionibus.
1376 4574 1457 4589 -
1496 4544 1586 4605 De
1629 4560 1751 4624 qua
1782 4561 1848 4604 re
1876 4544 2076 4623 quoad

514 4642 788 4701 nostram
824 4640 1163 4713 societatem
1218 4642 1425 4699 amtor
1452 4640 1518 4698 in
1560 4638 1594 4697 4
1635 4641 1779 4699 tom.
1806 4638 1875 4698 de
1902 4635 2071 4698 Reli-

512 4732 708 4811 9ion0.
728 4764 812 4777 -
842 4732 1178 4811 Responsio
1224 4730 1610 4793 trimembris.
1655 4764 1732 4775 --
1786 4730 2072 4791 Primum

510 4826 837 4887 membrum
864 4827 932 4888 de
967 4824 1177 4887 delicto
1214 4826 1282 4885 de
1310 4840 1423 4903 quo
1456 4824 1915 4904 inquiritur.-
1960 4820 2072 4884 Se-

512 4918 769 4979 cundum
803 4918 1147 4989 membrum,
1182 4920 1249 4981 de
1284 4916 1494 4980 delicto
1544 4918 1782 4978 omnino
1819 4915 2071 4991 occulto,

513 5011 619 5072 sed
638 5014 847 5073 contra
877 5028 1178 5073 commune
1200 5012 1433 5073 bonum.
1459 5040 1541 5053 —
1570 5010 1689 5070 Sed
1716 5014 1933 5069 contra
1950 5015 2072 5069 ter-

510 5102 623 5176 tio,
646 5120 790 5163 nam
818 5104 884 5163 in
914 5102 1320 5182 religionibus
1345 5120 1471 5163 non
1492 5108 1771 5163 servatur
1789 5102 1891 5161 liic
1920 5101 2073 5163 ordo

512 5197 903 5257 correctionis
948 5198 1258 5271 fraternae,
1295 5204 1357 5257 et
1396 5197 1489 5273 (ut
1517 5195 1764 5280 dicitur)
1798 5196 1863 5255 in
1904 5196 2067 5255 Con·

508 5290 703 5350 stitut.
728 5290 1115 5351 Dominican.
1138 5290 1401 5351 habetur
1428 5288 1789 5349 immediate
1810 5306 1937 5349 esse
1961 5288 2066 5348 de·

510 5382 857 5445 nuntianda
910 5384 1131 5445 delicta
1194 5382 1495 5462 superiori
1504 5398 1525 5458 ;
1576 5389 1639 5443 ει
1676 5381 1841 5442 idem
1880 5380 2068 5443 habet

510 5474 957 5551 Bonaventura,
980 5476 1044 5536 in
1070 5476 1341 5554 Exposit.
1376 5474 1607 5553 reguloe
1634 5476 1699 5537 S.
1730 5473 2061 5535 Francisci.

1244 336 1481 393 msam.
1518 338 1643 391 vm.
1681 338 1761 391 DE
1794 334 2128 391 PRAECEPTO
2159 337 2600 393 connnc‘rioms
2631 340 2994 394 FnATEnNAE.

2163 441 2608 520 Respondctur,
2633 443 2820 503 etiam
2838 442 2904 503 in
2923 439 3325 520 religionibus
3343 438 3720 500 servandum

2163 552 2292 595 esse
2322 534 2637 595 charitatis
2665 535 2967 610 ordinem,
2995 540 3204 595 tamen
3237 533 3482 593 diverso
3511 531 3722 605 modo,

2163 644 2275 705 pro
2315 626 2670 687 diversitate
2712 633 2938 701 statuS,
2997 632 3058 687 et
3113 626 3725 685 circumstantiarum

2163 736 2300 797 quae
2331 721 2396 780 in
2423 738 2496 780 ea
2519 727 2888 797 occurrunt3
2923 721 3132 799 itaque
3165 717 3488 779 servandas
3520 724 3588 777 et
3613 735 3722 794 ap-

2163 811 2462 890 plicandae
2491 819 2636 873 suut
2659 813 2890 891 regulae
2913 812 3262 891 generalcs;
3295 828 3443 871 nam
3475 810 3578 870 vel
3620 808 3726 869 de·

2164 905 2475 965 nuntiatio
2511 905 2603 979 fit,
2635 906 2948 985 superiore
2989 907 3120 984 ipso
3151 907 3236 965 sic
3273 908 3726 981 interrogante,

2164 997 2264 1057 vel
2299 998 2472 1075 quasi
2520 1017 2596 1059 ex
2639 999 2884 1077 proprio
2926 999 3127 1058 officio
3179 996 3632 1069 denuntiandi,
3671 1000 3732 1053 et

2157 1090 2406 1169 propria
2434 1098 2672 1170 sponte.
2714 1092 2778 1152 Si
2803 1091 2991 1171 priori
3027 1091 3232 1165 modo,
3257 1087 3730 1151 observandum

2157 1190 2250 1245 est
2293 1202 2374 1243 an
2421 1184 2487 1244 in
2534 1183 2646 1243 tali
2693 1185 2994 1263 religione
3019 1185 3196 1263 juxta
3245 1182 3644 1251 institutum,
3675 1186 3734 1239 et

2158 1277 2660 1339 consuetudinem
2699 1278 2856 1356 ejus,
2887 1276 2990 1338 via
3041 1276 3459 1356 inquisitionis
3507 1274 3736 1353 juridi-

2161 1389 2230 1433 ce
2264 1378 2563 1446 servetur,
2591 1380 2652 1433 et
2683 1379 2830 1433 tunc
2863 1372 3284 1433 observandus
3309 1377 3402 1431 νει
3439 1371 3644 1431 etiam
3675 1368 3736 1427 in

2161 1464 2588 1543 respondendo
2635 1464 2786 1525 ordo
2836 1465 3138 1545 judicum.
3196 1466 3350 1524 Nam
3407 1465 3462 1523 si
3503 1460 3736 1541 juridi-

2161 1576 2232 1619 ce
2272 1558 2632 1635 interroget‚
2671 1558 3166 1637 respondendum
3201 1569 3294 1619 εει
3331 1558 3410 1617 ad
3449 1554 3734 1635 superio-

2160 1668 2290 1711 rem
2328 1656 2390 1711 et
2427 1650 2504 1712 ad
2546 1652 2680 1730 ejus
2709 1658 3013 1728 mentem3
3053 1651 3106 1711 si
3143 1668 3290 1712 vero
3329 1668 3462 1711 non
3505 1648 3736 1728 juridi-

2159 1762 2226 1805 ce
2255 1746 2610 1823 interroget.
2665 1746 2810 1825 quia
2831 1746 3062 1807 scilicet
3087 1753 3180 1807 est
3227 1744 3552 1806 occultum
3611 1743 3734 1803 cri·

2159 1854 2327 1911 men,
2351 1839 2509 1898 ratio
2531 1826 2848 1899 charitatis
2871 1838 3156 1899 habenda
3179 1845 3292 1913 est,
3324 1838 3508 1898 sicuti
3533 1836 3735 1895 etiam

2159 1931 2406 2009 quando
2433 1932 2678 2011 propria
2709 1938 2926 2011 sponte
2949 1932 3021 1991 fit
3044 1931 3458 2003 denuntiatio,
3493 1936 3568 1989 et
3587 1936 3734 1987 tunc

2158 2022 2522 2102 applicanda
2551 2030 2642 2085 est
2659 2025 2926 2085 secunda
2954 2024 3288 2084 conclusio.
3335 2024 3494 2083 Nam
3529 2022 3594 2081 si
3635 2022 3734 2081 de-

2157 2115 2370 2176 lictum
2398 2123 2488 2177 est
2515 2125 2730 2177 contra
2752 2135 3083 2178 commune
3107 2116 3340 2177 bonum
3373 2114 3730 2193 religionis,

2157 2209 2366 2269 statim
2404 2216 2496 2271 εει
2541 2210 3064 2271 denuntiandum.
3103 2210 3221 2270 Ubi
3261 2208 3732 2269 advertendum

2157 2309 2272 2373 εει,
2301 2310 2372 2361 ιιι
2413 2309 2724 2382 peccatum
2782 2303 3030 2382 aliquod
3082 2300 3356 2380 religiosi
3395 2298 3730 2380 Judicetur

2157 2397 2429 2475 graviter
2467 2397 2876 2476 perniciosum
2902 2397 3212 2475 religioni.
3257 2415 3388 2456 non
3437 2400 3734 2475 oportere

2158 2496 2228 2550 ut
2254 2490 2334 2550 sit
2381 2491 2618 2551 crimen
2655 2490 2930 2564 haeresis,
2983 2489 3082 2549 vel
3113 2489 3403 2569 proditio,
3435 2495 3594 2557 etc..
3633 2486 3736 2547 sed

2154 2584 2302 2645 satis
2353 2591 2443 2643 est
2489 2585 2542 2644 si
2587 2602 2664 2644 ex
2699 2583 2806 2643 illo
2849 2601 3038 2663 grave
3088 2581 3456 2643 scandalum
3487 2580 3738 2641 oriatur

2155 2677 2300 2755 ipsis
2328 2677 2653 2755 religiosis3
2680 2684 2742 2738 et
2763 2696 2951 2756 grave
2975 2694 3148 2753 voco,
3171 2693 3300 2735 nou
3323 2674 3536 2735 solum
3565 2672 3736 2753 quod

2155 2771 2232 2831 ad
2247 2770 2532 2831 mortalia
2549 2778 2792 2849 peccata
2817 2770 3098 2843 inclinat,
3115 2769 3221 2829 sed
3249 2767 3418 2847 quod
3451 2768 3524 2828 in
3547 2784 3739 2827 causa

2157 2871 2271 2938 est,
2297 2871 2366 2924 nt
2395 2863 2578 2924 multi
2607 2865 2856 2924 remisse
2885 2870 2946 2922 ει
2973 2880 3116 2922 cum
3153 2860 3604 2940 frequentibus
3629 2859 3738 2919 de-

2154 2956 2416 3017 fectibus
2447 2957 2658 3017 vivant
2671 2974 2691 3033 3
2732 2974 2876 3017 nam
2907 2954 3024 3015 hoc
3053 2956 3185 3015 sinc
3221 2954 3416 3015 dubio
3475 2972 3598 3033 pro
3637 2972 3738 3013 ra-

2155 3051 2322 3111 tione
2349 3056 2542 3110 status
2569 3055 2662 3110 est
2689 3068 2874 3128 grave
2909 3048 3232 3120 damnum,
3266 3046 3472 3107 multo
3527 3046 3736 3123 magis

2154 3161 2342 3222 quam
2369 3143 2450 3203 sit
2486 3143 2745 3203 intamia
2787 3143 2972 3201 unius
3029 3140 3306 3218 religiosi
3337 3139 3516 3201 circa
3541 3156 3732 3198 suum

2155 3236 2567 3316 superiorem;
2595 3254 2666 3297 ac
2706 3234 2908 3295 simile
2949 3240 3041 3295 εει
3067 3235 3120 3293 ει
3155 3235 3238 3293 ειι
3265 3232 3512 3293 morale
3557 3232 3728 3310 peri-

2153 3329 2383 3403 culum,
2405 3336 2475 3389 ut
2509 3347 2584 3391 ex
2631 3328 2738 3389 tali
2767 3334 3012 3407 peccato
3037 3327 3240 3405 gravis
3271 3326 3519 3387 oriatur
3553 3323 3720 3384 insa-

2154 3423 2282 3483 mia
2306 3424 2544 3501 corpori
2567 3421 2900 3500 religionis,
2936 3427 2997 3481 et
3029 3420 3276 3481 similia.

2237 3519 2332 3579 ⁴2.
2385 3515 2658 3579 Tertium
2701 3514 3051 3588 nmmum,
3089 3514 3165 3575 de
3197 3511 3414 3574 delicto
3453 3511 3731 3593 privato.

2153 3646 2234 3659 --
2261 3613 2494 3687 Tertio,
2543 3612 2594 3669 si
2631 3614 2941 3687 peccatum
2971 3608 3050 3669 sit
3081 3607 3336 3668 omnino
3374 3606 3728 3685 privatum,

2155 3704 2516 3784 regulariter
2535 3702 2867 3781 loquendo,
2899 3702 3087 3763 etiam
3109 3716 3329 3760 censeo
3349 3699 3544 3759 licere
3573 3696 3732 3757 mad

2153 3798 2508 3859 immediate
2557 3796 2758 3856 dicere
2787 3792 3111 3873 superiori,
3141 3792 3290 3871 quia
3315 3794 3368 3851 si
3413 3790 3559 3852 leve
3611 3796 3730 3864 est,

2153 3890 2306 3953 levis
2331 3898 2424 3952 est
2443 3890 2628 3951 etiam
2654 3888 2931 3963 infamia,
2979 3894 3044 3947 et
3089 3903 3320 3963 magna
3351 3894 3448 3945 est
3483 3884 3732 3944 utilitas

2153 3986 2209 4048 ει
2257 3985 2364 4063 qui
2406 3982 2828 4044 denuntiatur.
2877 3982 3030 4041 Item
3067 3979 3284 4041 similis
3331 3978 3732 4063 consuetudo

2153 4084 2244 4139 est
2271 4077 2447 4138 valde
2473 4080 2905 4148 consentanea,
2935 4062 2998 4134 ει
3021 4073 3150 4133 fere
3187 4070 3550 4133 necessaria
3575 4068 3728 4129 huic

2151 4170 2360 4244 statui,
2388 4176 2458 4229 ut
2494 4167 2683 4248 possit
2709 4165 3021 4245 proficere.
3057 4165 3124 4225 Si
3157 4182 3304 4225 vero
3329 4169 3425 4225 est
3467 4163 3730 4241 gravius

2152 4262 2468 4334 delictum,¹
2493 4262 2594 4322 vix
2619 4260 2753 4321 fieri
2783 4264 2980 4338 potest
3000 4270 3072 4319 ut
3097 4275 3226 4318 non
3253 4261 3482 4317 noceat
3505 4254 3730 4315 multis

2151 4362 2399 4436 propter
2427 4370 2722 4433 magnam
2749 4351 3258 4425 familiaritatem,
3319 4354 3384 4409 ει
3439 4364 3728 4407 commu-

2153 4449 2522 4509 nicationem
2575 4446 2737 4507 inter
2791 4443 3102 4521 religiosos
3140 4441 3420 4520 ejusdem
3449 4440 3723 4511 domus;

2151 4560 2312 4621 saepe
2339 4541 2526 4601 etiam
2565 4544 2656 4599 est
2689 4554 2880 4615 grave
2922 4534 3260 4614 periculum
3301 4530 3590 4593 infamiae
3634 4538 3730 4589 to-

2151 4636 2274 4695 tius
2301 4631 2638 4711 religioniS,
2671 4635 2732 4690 et
2754 4628 2972 4689 deinde
3006 4628 3110 4687 vix
3139 4632 3338 4705 potest
3359 4642 3498 4687 esse
3529 4623 3729 4685 ratio·

2151 4728 2310 4789 nalis
2343 4745 2478 4807 spes
2517 4722 2962 4786 emendationis
3011 4719 3294 4801 perfectae
3341 4718 3484 4779 sine
3539 4734 3729 4795 supe·

2149 4823 2314 4883 riore
2328 4837 2348 4899 ;
2377 4820 2522 4899 quia
2549 4822 2660 4878 aut
2691 4816 3006 4893 religiosus
3034 4820 3246 4893 peccat
3273 4831 3348 4873 ex
3383 4810 3638 4871 malitia
3665 4815 3730 4870 ει

2153 4912 2624 4986 consuetudine,
2655 4916 2714 4970 et
2740 4916 2889 4969 tunc
2915 4925 3024 4987 per
3051 4925 3114 4966 se
3141 4911 3309 4984 patet
3335 4903 3725 4976 difficiiltas3

2153 5012 2264 5069 aut
2298 5024 2374 5067 ex
2401 5004 2761 5082 fragilitate,
2791 5007 2852 5061 et
2891 5004 3036 5059 tuuc
3061 5002 3306 5077 oportet
3347 4996 3572 5057 tollere
3621 5014 3727 5055 oc·

2153 5101 2428 5161 casiones
2460 5115 2477 5159 2
2519 5096 2642 5157 illis
2677 5094 2842 5155 enim
2876 5088 3291 5163 manentibuS‚
3321 5106 3454 5149 non
3519 5092 3733 5167 potest

2153 5193 2493 5255 existimari
2521 5189 2700 5251 firma
2725 5184 3070 5249 emendatio
3087 5204 3105 5256 ;
3136 5181 3260 5242 illac
3306 5186 3524 5241 autem
3585 5180 3728 5241 tolli

2147 5288 2251 5347 vix
2285 5289 2535 5365 possunt
2561 5281 2786 5359 absque
2825 5276 3157 5356 superiore.
3211 5273 3487 5349 Accedit,
3551 5272 3730 5353 quod

2147 5397 2288 5441 cum
2307 5375 2576 5455 religiosi
2605 5371 2964 5453 profitentur
2983 5367 3370 5447 religionem,
3393 5364 3496 5425 vel
3531 5365 3729 5425 tacite

2149 5471 2246 5535 vel
2265 5488 2546 5551 expresse
2567 5466 2922 5529 renuntiant
2947 5462 3154 5541 aliquo
3177 5458 3360 5521 modo
3379 5458 3518 5537 juri
3543 5458 3728 5538 quod
