3900 6217
764 469 932 524 SECT.
969 472 1007 524 Ι.
1043 473 1126 524 ΑΝ
1157 472 1452 524 ECCLESlA
1487 471 1713 536 Possm
1749 471 1830 522 ET
1861 471 1966 524 JUS
2000 470 2245 523 HABEAT
2278 468 2684 534 pumicum,
2721 468 2855 520 ETC.

243 578 445 638 dicare.
478 577 598 636 Hoc
623 571 1020 634 manifestum
1045 578 1160 649 est,
1183 577 1244 632 et
1276 572 1356 634 de
1381 570 1501 632 fide
1532 576 1770 632 certum

243 689 306 730 cx
359 666 550 728 verbis
597 665 822 726 Christi
845 709 864 738 ,
916 663 1136 726 Matth.
1167 668 1285 726 24:
1323 664 1772 727 Proedicabitur

241 765 332 826 hoc
357 760 751 840 Ecanyelium
791 761 860 820 iu
890 759 1170 820 universo
1219 759 1356 819 orbe
1393 759 1462 820 in
1509 757 1772 820 testimo·

237 856 385 918 nium
432 855 696 915 omnibus
759 853 1033 934 yentibuc
1075 877 1100 920 ,·
1152 857 1216 911 et
1265 851 1456 912 Marci
1503 849 1766 912 ultimo:

238 948 550 1012 Prcedicatc
581 945 989 1026 Ecanyelium
1025 945 1189 1006 omni
1239 950 1534 1008 creaturae
1545 968 1574 1014 ,·
1621 960 1769 1004 nam

234 1043 328 1122 qui
365 1041 476 1100 hoc
505 1040 821 1120 praecepit,
854 1038 1024 1098 dedit
1067 1025 1258 1098 etiam
1297 1043 1662 1117 potestatem
1706 1037 1772 1096 id
1811 1109 1820 1124 .

233 1133 600 1214 exequendi,
631 1139 702 1192 ut
750 1132 952 1192 exitus
1014 1133 1204 1192 etiam
1266 1131 1566 1212 probavit.
1614 1131 1771 1192 Dicit

231 1229 380 1290 enim
427 1227 683 1301 Paulus,
723 1226 804 1286 ad
857 1224 1082 1286 ColosS.
1134 1229 1158 1285 1
1193 1269 1216 1300 ,
1260 1225 1337 1285 de
1385 1223 1764 1303 Evangelio:

231 1322 493 1384 Pervenit
529 1321 612 1383 ad
635 1337 762 1391 voc,
797 1317 956 1382 sicut
988 1321 1057 1380 in
1085 1324 1206 1382 toto
1237 1319 1452 1382 mundo
1480 1324 1572 1382 cst
1596 1320 1770 1393 sruc-

231 1414 446 1494 tificam
496 1417 556 1475 ct
609 1430 898 1475 crescens.
945 1413 1128 1473 Ratio
1177 1418 1388 1473 autem
1439 1417 1531 1472 est
1579 1410 1767 1485 clara,

228 1509 358 1588 quia
377 1506 530 1567 fides
556 1512 648 1566 est
663 1505 955 1566 omnihus
983 1505 1328 1566 necessaria
1353 1505 1432 1564 ad
1459 1503 1722 1566 salutem
1745 1519 1766 1580 3

230 1619 360 1679 ergo
391 1599 807 1662 necessarium
850 1599 1036 1659 etiam
1083 1598 1202 1660 fuit
1237 1605 1309 1659 ut
1351 1597 1482 1658 haec
1525 1597 1678 1658 fides
1703 1597 1772 1660 in

227 1697 496 1756 universo
546 1696 784 1756 mundo
825 1694 1187 1756 annuntiari
1217 1700 1439 1774 posset,
1471 1694 1768 1772 quoniam

224 1790 360 1851 alias
401 1806 526 1848 non
559 1788 853 1849 omnibus
880 1793 1038 1848 esset
1067 1787 1231 1847 salus
1275 1787 1613 1848 secundum
1667 1804 1769 1846 or-

224 1883 510 1944 dinariam
539 1883 770 1962 legem,
804 1883 970 1961 quia,
1005 1881 1340 1944 secundum
1369 1898 1766 1942 communem

223 1984 276 2039 et
303 1977 688 2037 ordinarium
709 1975 987 2050 modum,
1017 1975 1168 2035 fides
1197 1992 1321 2035 non
1342 1981 1762 2053 comparatur,

223 2071 324 2132 nisi
373 2087 482 2149 per
543 2069 831 2130 auditum
893 2075 956 2128 et
1013 2067 1516 2148 proedicationem
1552 2112 1570 2143 ,
1613 2073 1766 2128 teste

223 2163 390 2223 Paulo
427 2162 508 2222 ad
557 2164 822 2224 Roman.
874 2165 993 2237 103
1039 2167 1100 2222 et
1125 2161 1266 2222 ideo
1291 2161 1448 2223 dixit
1491 2161 1768 2222 Christus

221 2258 522 2330 Dominus,
573 2258 718 2318 Luc.
755 2258 876 2317 Ωιι
930 2255 1044 2320 Sic
1083 2257 1378 2335 scriptum
1417 2262 1510 2320 est
1537 2300 1553 2327 ‚
1594 2261 1652 2318 et
1677 2256 1768 2318 sic

221 2349 500 2430 oportebat
532 2351 688 2431 pati
739 2348 1078 2424 Christum,
1104 2355 1163 2413 ct
1199 2367 1512 2431 requcrc
1538 2367 1578 2410 a
1605 2365 1768 2408 mor-

220 2443 344 2516 tuis,
369 2449 422 2504 et
444 2443 790 2521 proedicari
819 2445 886 2505 in
909 2445 1144 2506 nominc
1177 2444 1308 2522 ejus
1328 2442 1764 2521 paenitentiam.

223 2535 428 2598 Deinde
471 2535 586 2597 hic
639 2545 810 2598 actus
847 2537 1228 2618 praedicandi
1266 2537 1491 2620 fidem,
1527 2543 1622 2597 est
1661 2553 1772 2615 per

223 2646 278 2688 se
301 2628 595 2690 honestus
619 2647 695 2690 ex
736 2629 976 2710 objecto
1004 2649 1114 2690 suo
1137 2649 1154 2703 ;
1189 2648 1338 2709 ergo
1373 2636 1463 2691 est
1491 2629 1568 2690 de
1599 2647 1662 2688 se
1689 2628 1770 2690 li·-

220 2721 396 2781 citus:
435 2739 600 2800 ergo
663 2723 852 2784 etiam
903 2729 1170 2803 potestas
1211 2722 1537 2784 exercendi
1588 2721 1768 2784 illum

220 2821 400 2875 actum
442 2815 688 2895 ubique
728 2833 840 2897 per
879 2835 943 2876 se
981 2815 1290 2895 loquendo
1316 2816 1481 2876 licita
1527 2823 1658 2890 est,
1703 2822 1768 2876 et

221 2908 480 2970 Ecclesiae
533 2909 860 2970 convenit.
915 2909 1188 2988 Denique
1241 2916 1333 2970 est
1399 2909 1587 2969 etiam
1649 2908 1766 2968 hoc

227 3009 684 3063 consentaneum
713 3003 941 3064 rationi
968 3003 1259 3078 naturali,
1287 3003 1434 3082 quia
1457 3001 1766 3082 corripere

224 3095 440 3157 smtrem
487 3097 780 3158 fraterna
811 3098 1213 3171 correctione,
1253 3103 1318 3158 et
1344 3094 1562 3157 docere
1590 3096 1767 3174 igno-

219 3195 452 3266 rantem,
492 3193 856 3270 praesertim
900 3190 976 3252 de
1007 3189 1188 3250 rebus
1217 3189 1296 3250 ad
1337 3188 1532 3250 bonos
1563 3206 1765 3250 mores

215 3283 653 3361 pertinentibus
679 3329 700 3360 ,
752 3290 848 3344 est
891 3284 969 3344 de
1010 3283 1149 3361 lege
1202 3289 1472 3357 naturae,
1507 3287 1570 3342 et
1622 3281 1763 3341 idco

215 3382 452 3456 potestas
483 3378 550 3438 id
593 3378 929 3457 praestandi
957 3375 1248 3438 omnibus
1271 3375 1602 3453 convenit3
1633 3377 1761 3436 imo

214 3470 374 3530 etiam
419 3469 728 3549 obligatio
783 3477 1060 3550 tempore
1128 3475 1521 3548 opportun03
1576 3487 1759 3548 ergo,

211 3565 500 3644 supposita
557 3563 941 3625 revelatione
981 3609 1001 3639 ‚
1056 3570 1118 3625 et
1179 3563 1540 3624 necessitate
1592 3563 1758 3640 fidei,

213 3659 679 3718 communicatio
713 3657 879 3718 illius
911 3676 1022 3736 per
1063 3673 1412 3718 sermonem
1451 3661 1513 3718 et
1540 3655 1764 3717 doctri-

213 3769 356 3824 nam,
387 3752 590 3813 veluti
627 3769 705 3812 ex
734 3751 867 3831 ipso
908 3753 1049 3831 jure
1097 3757 1334 3811 naturae
1366 3751 1667 3830 sequitur,
1700 3757 1763 3812 et

211 3841 359 3915 licet3
402 3863 554 3922 ergo
599 3845 789 3906 etiam
833 3849 1102 3923 potestas
1151 3843 1550 3924 praedicandi.
1585 3844 1759 3906 Unde

210 3936 384 3998 obiter
421 3939 746 4017 colligitur
777 3937 938 3999 hauc
979 3945 1344 4018 potestatem
1385 3938 1752 4016 simplic-em,

211 4036 266 4088 ut
288 4031 368 4090 sic
395 4031 628 4106 dicam,
670 4049 779 4109 per
804 4049 869 4092 se
907 4030 1240 4111 loquenda,
1280 4033 1614 4092 convenire
1640 4031 1756 4092 ali·

211 4139 312 4200 quo
358 4123 542 4186 modo
583 4124 875 4185 omnibus
925 4123 1233 4201 fidelibuS,
1264 4125 1318 4184 si
1363 4125 1446 4186 ad
1495 4124 1558 4186 id
1599 4143 1755 4204 proe-

211 4217 476 4278 standum
503 4217 887 4278 sufficienter
905 4217 1192 4278 instructi
1225 4218 1373 4293 sint,
1413 4225 1476 4278 et
1501 4217 1757 4278 aliunde

211 4326 316 4368 non
359 4311 437 4370 sit
465 4310 596 4372 illis
639 4310 1046 4390 prohibitum.
1083 4312 1278 4385 Patet,
1310 4311 1458 4390 quia
1485 4318 1578 4372 est
1603 4329 1758 4390 opus

209 4403 502 4464 charitatis
529 4447 551 4478 ,
604 4409 667 4463 et
711 4421 910 4463 unum
966 4421 1042 4464 ex
1083 4404 1370 4483 operibus
1413 4405 1757 4464 misericor-

209 4493 329 4570 diis,
357 4497 524 4576 quod
581 4496 786 4574 magis
827 4513 905 4557 ex
951 4498 1235 4575 sequenti
1276 4497 1610 4558 assertione
1653 4497 1758 4557 de-

209 4588 544 4650 clarabitur.

276 4683 330 4741 2.
377 4681 664 4745 Secunda
699 4683 995 4745 assertio:
1035 4701 1164 4763 quoe
1192 4684 1277 4744 sit
1323 4684 1618 4747 Ecclesiae
1647 4703 1756 4763 po-

211 4779 372 4836 testas
398 4777 480 4836 ad
500 4777 959 4854 proedicandam
988 4775 1201 4857 ubique
1242 4794 1443 4838 veram
1468 4776 1757 4853 fidem.—

212 4863 334 4925 Dico
357 4868 634 4928 secundo
661 4890 678 4926 ε
711 4868 984 4930 Ecclesia
1007 4888 1133 4930 non
1162 4867 1364 4930 solum
1397 4867 1582 4929 habet
1607 4870 1754 4929 sim-

209 4957 408 5035 plicem
447 4971 513 5022 et
545 4963 658 5038 (ut
698 4963 785 5022 sic
822 4961 1058 5038 dicam)
1105 4961 1532 5040 permissivam
1563 4961 1755 5022 facul-

209 5053 402 5127 tatem,
431 5054 542 5114 sed
577 5055 768 5115 etiam
803 5053 989 5114 habet
1022 5054 1126 5131 jus
1167 5072 1310 5114 cum
1359 5055 1607 5133 speciali
1648 5074 1756 5135 po·

209 5147 404 5206 testate
450 5147 832 5226 praedicandi
873 5146 1282 5225 Evangelium
1314 5146 1567 5227 ubique.
1607 5149 1752 5210 Haec

210 5235 433 5298 videtur
471 5258 605 5300 esse
635 5257 810 5300 mens
837 5241 909 5300 D.
941 5240 1163 5300 Thom.
1207 5243 1269 5300 2.
1301 5241 1365 5314 Ξ,
1391 5246 1607 5319 quaest.
1642 5243 1748 5315 10,

209 5331 364 5390 artic.
403 5334 493 5410 8.,
551 5333 662 5394 ubi
713 5335 1042 5412 cajetanus
1099 5339 1161 5392 et
1211 5333 1319 5394 alii
1374 5334 1751 5413 expositores

211 5419 358 5483 idem
393 5426 694 5502 sentiunt,
725 5433 786 5487 et
833 5426 942 5488 alii
991 5425 1370 5501 scholastici,
1401 5427 1467 5486 in
1509 5429 1572 5500 2,
1602 5426 1746 5488 dist.

211 5511 297 5587 ti,
333 5523 395 5576 et
433 5518 776 5597 praesertim
809 5518 1028 5596 Major,
1071 5518 1214 5580 dist.
1255 5519 1373 5595 44,
1417 5525 1632 5598 quaest.
1683 5521 1746 5595 3,

213 5609 398 5670 etalii
441 5611 512 5672 in
567 5613 638 5686 4,
678 5610 950 5673 distinct.
1000 5613 1081 5689 43
1131 5612 1312 5687 Sot0,
1361 5610 1634 5673 distinct.
1683 5613 1746 5686 5,

3292 463 3410 528 437

1851 579 2062 652 quaest.
2110 574 2317 648 unica,
2348 576 2465 632 art.
2518 571 2635 648 103
2678 569 2937 644 Victor„
2969 569 3320 632 Retectione
3374 575 3401 634 1

1851 666 1928 728 dc
1972 668 2173 744 Indis,
2220 669 2259 730 2
2305 671 2465 747 part.
2498 663 2685 740 illius,
2716 681 2893 725 num.
2922 665 2985 724 9.
3020 664 3411 726 Fundamen-

1849 766 1989 822 tum
2034 767 2151 832 est,
2181 760 2326 840 quia
2374 758 2646 821 Christus
2689 759 2987 818 Dominus
3031 755 3250 818 hahuit
3292 758 3409 822 hoc

1845 856 1949 934 jus
1984 855 2048 915 in
2079 855 2395 915 universos
2435 851 2719 912 homines
2763 857 3062 930 tanquam
3100 850 3166 910 in
3206 851 3409 912 haere-

1851 949 2109 1009 ditatem
2146 964 2345 1016 suam,
2379 963 2569 1026 quam
2612 944 2924 1006 mediante
2973 942 3409 1022 praedicatione

1849 1040 1995 1102 fidei
2036 1047 2171 1101 erat
2218 1039 2651 1118 acquisiturus,
2692 1045 2755 1098 et
2796 1037 2943 1116 quia
2986 1055 3111 1097 non
3139 1044 3274 1098 erat
3300 1056 3411 1118 per

1851 1154 1915 1196 se
1949 1136 2156 1214 ipsum
2198 1133 2489 1194 docturus
2516 1148 2734 1192 omnes
2779 1135 3027 1208 genteS,
3080 1130 3253 1190 illam
3302 1151 3411 1212 po-

1851 1234 2134 1289 testatem
2182 1245 2323 1288 cum
2361 1227 2503 1305 jure
2546 1232 2609 1286 et
2649 1224 3011 1286 auctoritate
3044 1225 3169 1286 suis
3218 1225 3411 1304 Apos-

1849 1321 2013 1396 tolis,
2044 1328 2106 1382 et
2134 1339 2245 1401 per
2275 1339 2377 1382 eos
2414 1318 2696 1382 Ecclesiae
2732 1317 3248 1390 communicavit3
3301 1319 3413 1380 ha-

1851 1416 1956 1478 bet
2002 1434 2148 1494 ergo
2186 1414 2455 1476 Ecclesia
2498 1413 2615 1475 hoc
2660 1413 2761 1492 jus
2814 1410 3093 1490 speciale.
3152 1411 3411 1476 Antece-

1851 1509 2005 1570 dens
2034 1513 2233 1570 totum
2260 1526 2335 1568 ex
2364 1506 2557 1568 veteri
2584 1512 2646 1568 et
2668 1523 2830 1566 novo
2861 1506 3253 1568 Testamenta
3288 1505 3413 1568 col-

1850 1603 2096 1682 ligitur;
2149 1620 2297 1662 nam
2326 1603 2393 1662 in
2424 1600 2645 1662 Psalm.
2678 1601 2741 1670 2,
2773 1601 2837 1661 in
2882 1617 3143 1678 persona
3188 1601 3413 1683 Christi

1849 1697 2107 1758 dicitur:
2150 1697 2290 1775 qu
2320 1699 2519 1759 cutem
2549 1695 2911 1758 constitutus
2931 1711 3069 1756 sum
3093 1693 3229 1757 Rea>
3253 1695 3325 1756 ab
3348 1711 3411 1754 eo

1849 1807 2045 1870 super,
2097 1787 2255 1852 Sion
2305 1791 2560 1850 montem
2608 1791 2884 1848 sanctum
2930 1788 3060 1865 ejus
3082 1811 3110 1860 ;
3155 1785 3409 1848 modum

1848 1889 2057 1945 autem
2108 1881 2465 1962 acquirendi
2503 1899 2767 1960 regnum
2816 1880 3085 1952 indicat,
3138 1880 3403 1943 addens:

1847 1979 2204 2041 Proedicam
2235 1981 2601 2058 preceptum
2642 1975 2771 2054 ejus
2800 2000 2827 2048 ,·
2874 1980 2937 2036 et
2992 1973 3213 2034 deinde
3263 1972 3409 2032 sub-

1841 2071 2087 2150 jungit:
2122 2069 2380 2133 Postula
2423 2087 2460 2130 a
2498 2087 2610 2139 me,
2640 2073 2695 2132 ct
2730 2067 2878 2130 dabo
2913 2065 3023 2129 tibi
3050 2073 3249 2146 ,centes
3284 2068 3409 2130 Itoe·

1843 2165 2159 2226 reditatcm
2200 2167 2386 2236 tuam,
2423 2167 2479 2225 cc
2518 2163 2943 2240 possessionem
2989 2165 3157 2224 tuam
3208 2164 3409 2226 terma·-

1848 2275 1951 2319 nos
1991 2265 2193 2334 terroe,
2227 2256 2336 2316 ubi
2364 2263 2576 2334 aperte
2604 2254 2857 2315 docetur
2886 2256 3229 2334 amplitudo
3258 2257 3409 2334 iuris

1845 2351 2035 2429 hujus
2088 2351 2157 2410 in
2206 2351 2567 2411 universum
2618 2347 2855 2411 orbem.
2904 2349 3030 2411 Hoc
3074 2362 3285 2411 autem
3338 2351 3409 2412 in

1850 2444 2090 2506 Christo
2130 2450 2191 2504 et
2224 2461 2335 2524 per
2374 2442 2687 2505 Christum
2726 2443 3054 2522 impletum
3099 2463 3229 2506 esse
3276 2445 3408 2522 ipse

1847 2545 2105 2602 testatus
2134 2545 2246 2615 est,
2274 2537 2492 2601 Matth.
2527 2537 2640 2600 ult.
2668 2557 2681 2597 :
2719 2540 2888 2602 Data
2916 2545 3001 2602 cst
3028 2541 3180 2603 milti
3212 2541 3407 2604 omnis

1837 2640 2113 2714 potestas
2155 2633 2221 2694 in.
2266 2633 2405 2696 coelo
2434 2637 2491 2696 ct
2533 2633 2793 2694 interra
2815 2657 2841 2704 ,·
2874 2632 3096 2694 deiude
3144 2631 3409 2712 subjun-

1849 2727 1981 2806 git:
2026 2727 2263 2789 Euntcs
2324 2727 2517 2788 doceto
2564 2745 2763 2788 omnes
2810 2733 3012 2808 qentes
3032 2751 3057 2799 ;
3101 2744 3212 2806 per
3267 2743 3407 2806 quae

1843 2819 2036 2880 verba
2068 2837 2251 2881 suum
2276 2820 2377 2898 jus
2409 2826 2472 2878 et
2501 2825 2859 2898 potestatem
2893 2819 3015 2880 illis
3060 2821 3407 2880 communi·

1846 2914 2038 2988 cavit,
2057 2919 2119 2973 et
2145 2912 2263 2973 hoc
2282 2917 2397 2987 est,
2425 2912 2593 2990 quod
2620 2912 2768 2973 dicit
2787 2913 3037 2985 Paulus,
3058 2914 3099 2972 2
3126 2913 3402 2974 Corinth.

1847 3007 1920 3068 5:
1955 3007 2181 3070 Posuit
2209 3006 2276 3068 in
2316 3006 2485 3068 nobis
2512 3007 2750 3068 verbum
2788 3004 3311 3080 reconciliationis,
3338 3013 3403 3066 et

1845 3099 2208 3179 subjungit:
2242 3100 2372 3162 Pro
2424 3098 2663 3164 Christo
2698 3115 2839 3178 cryc
2868 3098 3159 3179 locatione
3196 3101 3409 3184 funyi-

1846 3213 2004 3254 mur.
2042 3194 2305 3272 Legatus
2346 3197 2556 3254 autem
2596 3192 2941 3270 Principem
2972 3198 3398 3271 repraesentat,

1843 3291 1906 3347 et
1941 3287 2076 3364 ejus
2100 3291 2465 3365 potestatem
2508 3284 2871 3364 participat3
2902 3284 3066 3346 unde
3094 3285 3279 3347 etiam
3310 3292 3405 3347 eat

1842 3377 1999 3440 illud
2029 3380 2109 3440 ad
2152 3378 2374 3458 Ephes.
2404 3381 2487 3440 4:
2530 3378 2827 3452 Quosdam
2860 3379 3022 3440 dedit
3062 3375 3399 3456 Apostolos,

1843 3472 1999 3534 alios
2019 3476 2299 3552 pastores
2324 3477 2383 3534 et
2406 3473 2672 3534 doctam
2698 3470 2766 3532 in
2792 3469 3247 3547 aedificationem
3265 3489 3396 3536 cor-

1837 3565 2009 3644 poris
2046 3563 2304 3639 Christi,
2340 3571 2403 3626 et
2444 3564 2580 3624 ideo
2604 3609 2626 3640 ,
2670 3567 2710 3625 2
2761 3561 2843 3624 ad
2893 3563 3163 3624 Timoth.
3194 3567 3233 3626 2
3259 3610 3279 3640 ,
3310 3564 3401 3625 ait

1843 3655 2110 3717 Paulus:
2157 3656 2411 3733 Verbum
2444 3655 2558 3719 Dei
2604 3673 2724 3717 non
2761 3662 2853 3718 cst
2892 3657 3211 3738 alliyatum
3230 3683 3255 3730 ,·
3310 3657 3405 3718 ni-

1845 3748 2073 3808 mirum
2104 3750 2253 3828 quia
2279 3749 2549 3812 Ecclesia
2580 3747 2769 3810 habet
2800 3750 2907 3827 jus
2943 3749 3097 3810 illud
3122 3749 3403 3812 dissemi-

1841 3841 2057 3917 nandi,
2091 3842 2219 3902 imo
2251 3861 2378 3902 non
2406 3841 2603 3904 solum
2626 3843 2755 3922 jus,
2786 3841 2893 3904 sed
2922 3843 3110 3904 etiam
3145 3847 3405 3906 necessi-

1839 3940 2029 3995 tatem
2074 3942 2135 3995 et
2173 3935 2615 4014 obligationem
2668 3935 2897 4010 habet,
2936 3937 3117 4015 juxta
3164 3936 3318 3998 illud
3364 3941 3397 4000 1

1838 4027 2116 4089 Corinth.
2158 4031 2239 4091 9:
2298 4028 2381 4093 Si
2423 4047 2541 4090 nou
2580 4029 3079 4111 evanyclizavero,
3111 4050 3201 4094 coe
3246 4031 3407 4094 mihi

1837 4127 1928 4184 est
1942 4167 1964 4198 ,
2014 4125 2338 4186 necessitas
2374 4124 2533 4185 enim
2573 4123 2729 4185 mihi
2779 4123 3086 4188 incumbit.
3126 4124 3403 4203 Denique

1835 4215 1996 4276 hanc
2036 4217 2363 4277 veritatem
2410 4216 2783 4278 convincunt
2809 4216 2998 4279 verba
3041 4217 3265 4280 Christi
3318 4218 3400 4278 ad

1837 4309 2129 4369 Petrum:
2180 4309 2375 4374 Pasce
2435 4327 2565 4372 oves
2614 4328 2797 4386 meas,
2840 4310 3064 4371 Joann.
3096 4311 3213 4385 21,
3254 4311 3403 4390 quia

1838 4400 2097 4461 verbum
2139 4402 2427 4482 pascendi
2478 4401 2711 4463 indicat
2766 4421 2893 4464 non
2940 4420 3401 4482 quamcumque

1837 4500 2223 4574 potestatem,
2256 4497 2360 4556 sed
2403 4517 2545 4561 cum
2583 4496 3051 4578 jurisdictionc;
3098 4502 3159 4556 et
3192 4497 3402 4575 praeci-

1835 4606 1958 4668 pue
1996 4598 2314 4651 exercetur
2352 4593 2451 4652 vel
2490 4593 2695 4672 potius
2739 4591 3061 4652 'inchoatur
3098 4607 3207 4668 per
3238 4609 3391 4668 prae·

1837 4681 2209 4742 dicationem
2236 4704 2254 4757 3
2300 4684 2405 4745 illa
2437 4691 2646 4746 autem
2674 4690 2941 4765 potestas
2981 4683 3126 4743 data
3166 4690 3259 4743 est
3292 4685 3400 4745 Pe-

1835 4780 1957 4848 tro,
1987 4781 2056 4834 ut
2098 4783 2391 4854 perpetua
2424 4778 2491 4838 iu
2540 4777 2811 4838 Ecclesia
2860 4777 3157 4850 duraret;
3212 4775 3400 4837 habet

1835 4885 1983 4944 ergo
2010 4868 2281 4929 Ecclesia
2307 4869 2659 4949 hujusmodi
2682 4871 2786 4949 jus
2824 4875 2888 4930 et
2926 4875 3310 4949 potestatem.

1918 4961 1976 5020 3.
2018 4961 2205 5023 Ratio
2232 4979 2303 5024 cxc
2332 4969 2509 5040 parce
2530 4963 2681 5038 finis
2710 4963 3091 5040 assianatur.
3118 4995 3201 5008 —
3222 4961 3398 5022 Ratio

1837 5058 2045 5114 autem
2084 5072 2159 5114 ex
2200 5062 2375 5133 parte
2404 5055 2547 5116 finis
2575 5055 2747 5116 reddi
2778 5062 3001 5135 potest,
3030 5056 3175 5134 quia
3202 5061 3398 5134 potes-

1835 5150 1928 5203 tas
1986 5145 2247 5207 docendi
2286 5146 2472 5208 fidem
2521 5154 2655 5208 erat
2694 5149 3076 5223 necessaria,
3123 5156 3194 5208 ut
3240 5149 3395 5224 dixi,

1832 5236 1910 5300 ad
1931 5239 2195 5300 salutem
2225 5239 2581 5317 hominum,
2613 5247 2675 5300 et
2702 5247 2774 5300 ut
2802 5241 3145 5322 redemptio
3175 5242 3401 5303 Christi

1833 5339 2036 5413 posset
2080 5332 2369 5394 omnibus
2427 5333 2785 5395 hominibus
2842 5333 3179 5414 applicari3
3244 5352 3399 5413 ergo

1830 5433 1901 5487 ut
1927 5431 2085 5486 esset
2122 5425 2359 5501 efficax,
2390 5426 2603 5488 debuit
2648 5428 3098 5490 communicari
3140 5447 3267 5490 non
3298 5447 3395 5488 so-

1830 5519 1963 5580 lum
1992 5538 2134 5580 cum
2160 5519 2421 5599 simplici
2452 5519 2768 5596 facultate,
2800 5527 2864 5582 et
2902 5521 3079 5600 quasi
3119 5520 3391 5598 licentia,

1829 5613 1934 5674 sed
1982 5613 2171 5674 etiam
2225 5631 2367 5673 cum
2426 5611 2674 5694 proprio
2720 5614 2858 5693 jure
2924 5619 2985 5674 et
3047 5619 3393 5694 potestate3
