3900 6217
1084 354 1255 408 SECT.
1292 357 1354 408 11.
1392 353 1643 416 QUANDO
1677 351 2001 404 INCEPERU'
2034 348 2346 402 EchEsm.

183 462 314 526 nobis
340 458 609 526 exierunt,
656 456 767 518 scd
808 473 925 516 non
960 460 1235 519 orantem
1274 457 1447 520 nobis
1466 483 1493 530 ,·
1535 471 1675 535 quse

184 555 351 626 verba,
372 549 639 630 quamvis
685 547 765 610 ab
797 550 1144 626 Augustino
1168 549 1339 612 varie
1366 567 1677 629 exponan-

186 657 277 722 tur,
316 651 503 704 tamen
544 641 723 704 tertio
770 641 847 704 de
894 643 1231 720 Baptism0‚
1274 659 1407 720 cap.
1462 645 1561 716 18,
1616 647 1676 702 et

186 745 393 801 tractatu
436 737 471 796 3
510 735 571 796 in
611 736 875 814 primam
916 735 1125 810 Joan.,
1160 736 1237 798 de
1265 736 1519 796 occultis
1554 735 1677 796 hoe-

182 833 345 897 reticis
376 829 473 890 illa
515 827 827 906 inthigit,
868 845 1021 906 quos
1063 828 1331 890 Joannes
1366 829 1517 889 dicit
1560 846 1680 890 nou

185 945 279 991 esse
300 943 363 986 esc
392 921 575 996 nobis,
609 921 671 982 id
704 927 819 997 est,
850 939 927 982 ex
954 921 1245 996 Ecclesn,
1275 922 1561 1000 quamvis
1604 939 1679 982 ex

188 1018 326 1082 nohis
340 1016 647 1078 videantur
661 1014 875 1076 exiisse
895 1037 910 1075 :
929 1015 1073 1079 Non
1087 1014 1179 1078 ait
1198 1015 1419 1096 (inquit
1440 1015 1681 1092 Augus-

186 1112 335 1186 tinus)
352 1109 497 1190 quod
526 1109 783 1172 mado
820 1108 1009 1172 alicui
1040 1109 1193 1190 facti
1218 1114 1385 1186 sunt,
1406 1111 1513 1172 scd
1529 1108 1688 1189 quod

184 1203 331 1269 alieri
350 1205 545 1277 erant,
587 1207 731 1286 etc.,
778 1206 841 1261 et
879 1199 1041 1262 inira
1070 1218 1086 1262 z
1116 1201 1266 1266 Sive
1292 1206 1495 1283 aperte
1526 1204 1683 1282 soris

178 1299 295 1367 siat,
322 1297 433 1358 sice
450 1294 615 1358 intus
634 1313 759 1358 esso
784 1295 1123 1364 videantur.
1150 1314 1282 1357 cvm
1320 1313 1527 1358 revera
1564 1313 1685 1356 non

65 1427 67 1474 Ξ
177 1393 295 1454 sint.
320 1385 499 1462 Unde,
532 1387 689 1448 libro
711 1386 789 1448 de
830 1387 1023 1451 Gestis
1066 1407 1211 1449 cum
1258 1389 1554 1463 EmeritO,
1585 1407 1685 1450 ca-

176 1485 273 1564 pite
296 1482 499 1560 primo,
521 1480 629 1555 ait,
655 1482 939 1561 quosdam
964 1500 1087 1546 esse
1102 1480 1405 1545 nobiscum
1419 1499 1687 1562 praescu-

175 1577 248 1638 tia
268 1572 563 1656 cmm-ali,
591 1575 697 1654 qui
738 1575 911 1638 corde
950 1579 1097 1638 cunt
1128 1575 1196 1637 in
1208 1578 1390 1656 parte
1426 1574 1680 1636 Donati.

176 1669 306 1729 Idem
328 1670 363 1728 4
381 1667 453 1727 de
470 1666 807 1746 BaptismO,
825 1669 1023 1746 capite
1042 1669 1140 1730 10.
1164 1669 1465 1728 Praeterca
1480 1669 1687 1730 Patres

179 1761 533 1822 communiter
566 1759 785 1820 dicunt
814 1761 1173 1824 haereticum
1216 1763 1526 1822 occultum
1557 1779 1685 1822 non

178 1873 275 1916 esse
302 1871 503 1914 verum
528 1851 986 1929 Christianum3
1028 1853 1421 1930 Athanasius,
1456 1873 1687 1916 sermo-

178 1967 237 2008 ne
261 1946 495 2024 septimo
534 1953 755 2006 eontra
782 1947 1043 2008 Arianos
1060 1961 1079 2024 3
1128 1947 1497 2028 Cyprianus,
1527 1947 1687 2008 libro

178 2047 369 2119 quarto,
390 2039 643 2118 epistola
662 2041 702 2100 2
714 2056 735 2118 3
759 2040 1201 2116 Tertullianus,
1218 2040 1377 2102 libro
1400 2041 1478 2101 de
1506 2040 1688 2102 Pudi-

180 2133 730 2210 citia3Augustinus,
761 2133 837 2194 de
866 2133 1074 2194 Gratia
1103 2133 1362 2209 Christi,
1397 2133 1596 2211 capite
1626 2135 1683 2192 1.

179 2225 306 2286 Idem
330 2230 529 2286 autem
552 2232 799 2288 estesse
828 2245 972 2288 vere
1002 2227 1442 2301 Christianum,
1475 2232 1537 2286 et
1560 2242 1691 2286 esse

180 2336 349 2378 verum
375 2317 656 2380 Ecclesiae
684 2318 1061 2396 membrum,
1084 2327 1361 2398 utsupra
1380 2337 1457 2380 ex
1478 2317 1690 2380 Conci-

178 2411 240 2472 lio
262 2411 594 2473 Tridentino
634 2412 1035 2474 adduximuS.
1074 2412 1509 2490 Confirmatur,
1544 2431 1693 2474 nam

180 2505 285 2564 talis
298 2503 602 2566 haereticus
628 2525 759 2568 non
784 2513 879 2568 est
900 2525 1041 2568 vere
1062 2506 1411 2568 membrum
1436 2505 1685 2581 Christi,

182 2621 283 2664 cum
306 2621 417 2662 non
434 2601 513 2662 sit
536 2600 635 2662 illi
663 2619 775 2680 per
800 2607 1013 2662 actum
1039 2601 1181 2660 vitae
1206 2600 1543 2679 spiritualis
1566 2598 1693 2661 ullo

184 2696 323 2756 modo
338 2695 725 2772 conjunctus.
754 2695 1029 2756 Tandem
1050 2693 1267 2755 eadem
1297 2693 1537 2754 ratione
1564 2692 1689 2752 hae-

186 2789 359 2850 reticus
380 2805 499 2850 non
546 2789 761 2850 solum
814 2787 1120 2860 mentaliS,
1164 2787 1270 2848 sed
1303 2787 1491 2846 etiam
1526 2792 1691 2846 exte·

190 2883 295 2956 rior,
318 2883 359 2942 si
384 2881 459 2942 sit
482 2882 793 2952 occultus,
840 2899 949 2960 per
992 2881 1279 2941 accidens
1307 2885 1463 2941 esset
1502 2897 1693 2940 mem·

197 2974 321 3036 lirum
348 2975 658 3050 Ecclesiae,
700 2973 848 3053 quia
872 2975 1097 3054 poterit
1124 2991 1331 3036 coram
1376 2971 1690 3048 omnibus,

202 3069 357 3130 eisdem
379 3068 757 3132 ceremoniis
778 3069 895 3144 uti,
926 3075 987 3128 et
1016 3068 1297 3130 eamdem
1329 3067 1513 3130 fidem
1559 3084 1697 3145 pm-

196 3159 325 3223 fitcti.

240 3257 315 3316 23.
372 3255 635 3334 Satisfit
684 3255 957 3320 adductis
996 3271 1115 3338 p-ro
1154 3255 1355 3318 cadem
1399 3251 1691 3334 opinione.

184 3379 243 3392 -
262 3348 333 3408 Ex
352 3367 467 3428 quo
492 3347 877 3427 intelligitur
903 3347 1127 3408 falsum
1158 3365 1287 3408 csse
1316 3347 1483 3426 quod
1506 3365 1695 3426 oppo-

182 3441 269 3500 sita
280 3443 563 3504 sententia
590 3443 880 3518 assumit,
911 3460 1135 3522 nempe
1164 3441 1468 3502 unitatem
1488 3441 1695 3502 Eccle-

182 3534 258 3596 siae
273 3541 488 3596 tantum
516 3537 868 3616 requirere,
898 3542 960 3596 et
991 3535 1249 3596 omnino
1281 3535 1611 3596 consistere
1632 3534 1699 3596 in

180 3626 544 3690 hacexteriori
568 3629 1015 3709 conjunctione
1048 3633 1111 3690 et
1143 3628 1359 3708 politia
1386 3627 1699 3690 ecclesias-

182 3721 273 3780 tica
284 3742 301 3796 ;
330 3722 445 3784 imo
470 3723 591 3786 hoc
616 3722 1035 3784 necessarium
1060 3740 1187 3782 non
1212 3727 1302 3782 est
1328 3730 1396 3781 ut
1426 3720 1699 3782 Ecclesia

180 3812 272 3872 dici
306 3815 479 3893 possit
502 3834 657 3878 vere
688 3821 751 3876 et
775 3815 1052 3877 absolute
1086 3813 1366 3890 visibilis,
1408 3814 1571 3893 quod
1610 3813 1700 3874 vi-

65 3911 67 3940 *
182 3905 323 3967 detur
364 3910 691 3970 contrariae
731 3907 1055 3970 sententiae
1100 3907 1285 3969 luisse
1330 3907 1701 3968 fundamen-

183 4005 305 4074 tum,
338 4001 411 4062 de
435 4020 561 4081 quo
590 4003 661 4063 in
690 4005 958 4064 sectione
986 4006 1203 4062 octava
1228 4000 1351 4062 late
1380 4001 1656 4061 dicemus
1674 4045 1696 4076 ,

65 4077 67 4160 ᾗ
184 4099 227 4152 et
248 4112 339 4172 per
376 4101 820 4174 argumentum
851 4094 1269 4156 adhominem
1302 4099 1512 4174 apertu
1548 4111 1702 4155 con—

65 4207 67 4254 :
182 4193 272 4245 stat
287 4209 301 4260 ;
318 4207 455 4248 nam
474 4189 698 4250 eadem
712 4191 977 4264 ratione,
1000 4206 1205 4268 neque
1224 4185 1539 4248 character
1552 4183 1701 4267 bap-

182 4279 394 4342 tismalis
410 4290 567 4343 esset
586 4283 969 4344 necessarius
986 4281 1055 4342 in
1080 4279 1377 4342 membris
1398 4279 1697 4356 Ecclesiae,

182 4374 311 4450 quod
328 4381 529 4438 tamen
541 4375 695 4438 dicti
715 4382 993 4438 auctores
1008 4379 1241 4452 negant
1252 4395 1269 4449 3
1282 4380 1345 4435 et
1360 4373 1542 4454 plane
1558 4373 1702 4434 sim-

184 4463 379 4541 pliciter
396 4467 622 4530 falsum
652 4474 770 4545 est,
795 4467 1115 4530 hominem
1140 4473 1453 4528 carentem
1494 4471 1557 4527 et
1584 4464 1705 4526 fide

185 4563 231 4616 et
252 4559 570 4624 charactere
608 4580 789 4642 posse
816 4579 948 4624 esse
988 4559 1340 4622 membrum
1378 4557 1660 4620 Ecclesioe
1681 4574 1702 4637 3

186 4649 503 4716 alterutrum
521 4673 677 4734 ergo
688 4656 1050 4734 requiritur,
1070 4660 1353 4716 ettamen
1370 4660 1704 4732 utrumque

65 4761 67 4818 ζ
186 4756 257 4802 est
281 4745 457 4808 forma
478 4749 743 4810 interior
761 4754 824 4810 et
843 4748 1215 4829 spiritualis;
1248 4764 1399 4825 ergo
1422 4764 1551 4807 non
1580 4745 1707 4806 suf-

189 4833 291 4896 ficit
316 4845 565 4902 exterior
592 4842 713 4902 ista
740 4839 1079 4904 consensio.
1126 4841 1333 4920 Neque
1376 4839 1705 4918 Gregorius

190 4935 275 4989 aut
306 4935 672 5011 Augustinus
698 4935 1049 5014 oppositum
1078 4933 1319 5009 dicunt,
1348 4952 1497 4996 nam
1529 4951 1705 4994 reve-

194 5039 247 5082 ra
270 5027 444 5102 potius
470 5028 545 5088 de
564 5029 989 5108 peccatoribus
1007 5027 1178 5107 loqui
1206 5028 1497 5091 videntur
1516 5049 1535 5102 3
1568 5025 1702 5088 Ori·

196 5131 343 5190 gcues
368 5128 606 5198 vero,et
622 5121 877 5182 sortasse
900 5119 1210 5182 interdum
1238 5121 1623 5200 Augustinus
1642 5125 1706 5181 ct

198 5208 281 5267 alii
306 5211 499 5274 dicunt
524 5233 629 5276 eos
656 5231 785 5276 esse
830 5213 895 5276 in
918 5213 1188 5274 Ecclesia
1226 5215 1563 5275 secundum
1602 5231 1703 5274 ex-

200 5301 437 5366 teriorem
470 5307 777 5386 speciem3
816 5313 1023 5368 textus
1057 5312 1265 5366 autem
1310 5306 1531 5366 citatus
1570 5323 1701 5384 cap.

200 5391 529 5475 Audicinmr,
563 5400 724 5462 nihil
750 5401 827 5461 ad
858 5419 987 5462 rem
1024 5399 1313 5480 pertinet,
1348 5418 1491 5460 uam
1520 5400 1710 5460 verba

202 5481 285 5547 ilia
306 5506 320 5548 ι
341 5491 437 5554 Bac
461 5510 572 5573 quo
604 5493 761 5558 talia
792 5494 1133 5578 proedicarc
1176 5494 1375 5577 coepic,
1420 5511 1459 5554 a
1487 5491 1711 5573 quibus

3197 340 3320 400 253

1754 449 2084 514 videbatur
2111 449 2274 510 sumi
2303 451 2768 528 argumentum,
2802 462 2930 506 non
2959 449 3186 520 textus,
3216 445 3324 507 sed

1755 545 2010 606 fortasse
2058 543 2336 605 Gratiani
2377 547 2522 602 sunt
2561 537 2769 612 verba,
2802 544 2866 599 et
2903 538 3186 618 quamvis
3227 557 3320 600 es-

1756 643 1894 698 sent
1934 637 2015 698 de
2055 641 2232 697 textu
2263 641 2530 712 sumpta,
2577 631 2736 692 nihil
2777 630 3122 706 efficerent;
3174 649 3322 694 nam

1758 729 1925 792 aliud
1950 737 2045 792 est
2063 729 2412 790 membrum
2433 745 2562 788 esse
2594 725 2900 796 Ecclesiae‚
2932 725 3007 785 de
3035 743 3161 804 quo
3194 725 3324 802 agi-

1760 839 1925 897 muS,
1958 821 2130 882 aliud
2177 821 2443 882 retinere
2475 825 2538 882 et
2569 835 2928 880 conservare
2962 821 3324 895 potestatem

1760 915 2230 977 ecclesiasticam
2261 920 2324 976 ct
2347 914 2868 993 jurisdictionem,
2898 929 3036 992 quae
3065 910 3225 972 forte
3254 911 3322 970 in

1762 1027 1888 1069 non
1916 1009 2219 1084 membro,
2253 1015 2324 1069 ιιι
2345 1011 2476 1088 jam
2515 1006 2945 1080 indicavimus,
2980 1003 3326 1066 conservari

1766 1109 2009 1182 potest3
2035 1109 2097 1164 et
2125 1102 2200 1164 de
2230 1103 2348 1164 hoc
2374 1102 2462 1162 ibi
2487 1118 2690 1163 sermo
2718 1099 3001 1162 habetur.

2389 1333 2606 1385 ssse‘rlo
2640 1334 2702 1385 11.

2091 1518 2337 1593 Quando
2365 1518 2660 1598 inceperit
2699 1515 3003 1579 Ecclesia.

1850 1763 1905 1822 1.
1947 1760 2040 1821 Dc
2079 1757 2366 1821 Ecclesia
2395 1757 2691 1819 hominum
2723 1754 2954 1836 afficior.
2985 1787 3067 1801 --
3091 1750 3334 1836 Opinio-

1764 1871 1871 1916 ms
1917 1853 2133 1916 carioe.
2182 1883 2261 1898 ·-
2317 1849 2632 1930 Explicata
2666 1847 2948 1909 Ecclesiae
2986 1847 3226 1908 ratione
3271 1850 3336 1906 et

1768 1948 2058 2022 essentia,
2085 1951 2320 2026 oportet
2361 1945 2496 2022 ejus
2540 1944 2848 2022 originem
2889 1959 3224 2020 exponere,
3264 1947 3334 2001 ut

1768 2041 1917 2102 hinc
1942 2039 2184 2100 facilius
2211 2039 2290 2099 ad
2332 2038 2384 2116 ej
2394 2055 2465 2098 us
2517 2036 2919 2116 proprietates
2946 2034 3329 2094 accedamus.

1772 2133 1853 2194 Su
1860 2151 2068 2213 ppono
2121 2137 2330 2192 tamen
2380 2147 2728 2190 sermonem
2775 2147 2902 2189 esse
2943 2127 3020 2188 de
3065 2124 3335 2188 Ecclesia

1770 2225 2144 2299 hominum3
2181 2241 2328 2286 nam
2372 2221 2754 2302 Angelorum
2799 2220 3071 2282 Ecclesia
3121 2221 3188 2281 in
3225 2237 3332 2282 eo-

1771 2337 1917 2380 rum
1975 2318 2286 2380 creatione
2327 2317 2627 2396 incepisse
2677 2321 2914 2376 certum
2968 2322 3062 2376 est
3079 2360 3102 2390 ,
3147 2313 3335 2393 siqui-

1772 2413 1917 2474 dem
1947 2413 2015 2472 in
2041 2411 2244 2491 gratia
2289 2417 2351 2471 et
2377 2409 2501 2472 fide
2529 2409 2717 2470 creati
2746 2408 3021 2483 fuerunt,
3054 2411 3116 2468 et
3145 2424 3337 2468 unam

1776 2503 2164 2586 spiritualem
2223 2503 2682 2564 constituerunt
2722 2498 3198 2580 rempublicam,
3259 2499 3334 2560 ad

1773 2598 2060 2660 eumdem
2103 2597 2318 2672 finem,
2349 2595 2463 2657 sub
2490 2595 2720 2656 eisdem
2769 2591 3340 2675 supernaturalibus

1772 2693 2044 2771 legibus,
2073 2699 2138 2754 et
2175 2693 2390 2753 eodem
2441 2690 2721 2771 principe
2751 2691 2896 2764 Dec,
2928 2688 3285 2750 tendentem
3317 2702 3335 2747 5

1772 2787 1850 2850 de
1868 2787 2134 2848 Ecclesia
2155 2803 2302 2864 ergo
2327 2786 2680 2860 hominum,
2696 2802 2884 2864 quam
2907 2783 3026 2844 hac
3053 2782 3118 2842 in
3141 2799 3340 2860 quaes-

1772 2882 1943 2942 tione
1992 2878 2309 2940 immerito
2365 2877 2684 2939 confundit
2733 2876 3068 2950 ArboreuS,
3123 2873 3234 2935 lib.
3299 2875 3338 2934 5

1774 2973 2178 3054 Theosophiae
2197 3017 2217 3047 ,
2279 2973 2478 3052 capite
2537 2972 2738 3044 tertio,
2795 2976 2858 3030 ct
2901 2968 3152 3048 quidam
3204 2967 3336 3042 alii,

1775 3069 1977 3148 prima
2005 3067 2218 3146 opinio
2259 3065 2611 3144 distinguit.
2649 3065 2805 3124 Nam
2832 3060 3166 3142 aliquando
3191 3060 3341 3120 fun-

1776 3162 1922 3222 data
1945 3159 2068 3220 fuit
2093 3160 2160 3220 in
2195 3157 2320 3219 fide
2353 3157 2464 3220 Dei
2511 3157 2649 3234 sini⁸
2677 3156 2896 3230 liciter,
2946 3154 3079 3215 sine
3124 3152 3341 3214 ordine

1776 3255 1855 3314 ad
1885 3253 2197 3314 Christum
2225 3247 2584 3324 Dominum,
2615 3258 2678 3310 et
2699 3251 2816 3310 hoc
2841 3248 3023 3309 modo
3051 3247 3344 3326 inquiunt

1777 3347 2078 3426 incepisse
2120 3346 2186 3406 in
2219 3345 2460 3406 Adamo
2477 3359 2498 3421 3
2531 3342 2862 3422 aliquando
2891 3359 3038 3402 vero
3082 3339 3344 3400 fundata

1776 3440 1896 3502 suit
1920 3441 1988 3501 in
2016 3438 2139 3501 fide
2167 3444 2230 3500 et
2257 3437 2492 3498 meritis
2537 3435 2786 3511 Christi,
2829 3440 2895 3496 et
2943 3435 3032 3494 ita
3086 3432 3342 3513 quidam

1778 3533 2000 3594 volunt
2025 3533 2321 3611 incepisse
2340 3531 2528 3592 etiam
2557 3531 2625 3590 in
2658 3527 2924 3604 Adam0,
2953 3545 3080 3588 non
3106 3545 3145 3587 a
3177 3527 3346 3606 prin-

1778 3627 1940 3706 cipio
1983 3624 2336 3700 creationis,
2385 3623 2492 3684 sed
2537 3629 2674 3702 post
2718 3621 2985 3702 lapsum,
3030 3637 3174 3680 cum
3207 3619 3342 3699 pri-

1778 3737 1958 3780 mum
1985 3718 2220 3780 scilicet
2245 3715 2470 3778 habuit
2489 3714 2932 3794 redemptionis
2961 3731 3088 3774 suae
3114 3712 3346 3774 revela-

1779 3814 2014 3874 tionem
2044 3817 2106 3873 et
2135 3809 2323 3872 iidem
2346 3853 2366 3887 ,
2415 3825 2488 3870 ac
2540 3807 2850 3870 commissi
2897 3808 3130 3887 peccati
3174 3805 3346 3867 dolo—

1780 3920 1956 3982 rem3
1981 3903 2088 3965 alii
2113 3920 2262 3965 vero
2301 3901 2520 3964 volunt
2553 3901 2851 3981 incepisse
2877 3899 2956 3962 ab
2979 3899 3158 3975 Abel,
3187 3916 3345 3980 quo-

1780 3997 1966 4058 modo
1992 3997 2283 4058 videntur
2305 3995 2476 4076 loqui
2505 3994 2915 4056 communiter
2943 3993 3190 4068 Patres,
3223 3995 3350 4054 Διι-

1780 4090 2089 4169 gustinus,
2123 4089 2366 4152 Psalmo
2397 4089 2514 4151 ⁴42
2555 4093 2622 4149 et
2650 4089 2785 4162 118,
2813 4107 3096 4150 sermone
3123 4089 3239 4150 217
3271 4087 3348 4148 de

1779 4187 2080 4264 Tempore
2094 4200 2116 4262 3
2149 4182 2503 4263 Gregorius,
2531 4183 2792 4245 homilia
2823 4183 3064 4250 decima
3088 4201 3253 4244 nona
3279 4181 3350 4242 in

1782 4276 2124 4356 Evangelia
2139 4293 2160 4355 5
2189 4277 2353 4356 quod
2381 4279 2662 4357 sequitur
2702 4278 3192 4352 Turrecremata,
3229 4277 3352 4356 pri-

1784 4389 1889 4432 mo
1916 4369 2102 4447 libro,
2154 4372 2354 4448 capite
2391 4371 2690 4449 vigesimo
2731 4369 3026 4446 secundo,
3077 4376 3141 4431 et
3180 4368 3352 4450 vige-

1785 4465 1944 4524 simo
1989 4463 2236 4543 quinto,
2284 4463 2395 4542 qui
2428 4463 2618 4525 refert
2647 4463 2800 4524 alios
2814 4477 2836 4540 3
2884 4461 3120 4540 Alens„
3173 4464 3214 4524 4
3257 4481 3348 4542 p.,

1784 4557 2126 4638 quaestione
2155 4557 2219 4632 4,
2251 4556 2486 4618 memb.
2520 4559 2579 4616 1.

1868 4651 1929 4711 2.
1981 4648 2343 4712 Notationcs
2387 4663 2502 4726 pro
2552 4649 2860 4712 decisione.
2903 4681 2984 4695 —
3030 4649 3162 4728 Ego
3207 4664 3354 4710 vero

1782 4761 2066 4823 suppono
2110 4742 2444 4804 Ecclesiam
2507 4743 2752 4822 proprie
2770 4788 2791 4818 ,
2851 4745 2972 4804 nisi
3023 4743 3354 4804 abutamur

1784 4837 2092 4912 terminis,
2127 4855 2254 4896 non
2281 4854 2456 4916 posse
2485 4836 2814 4912 consistere
2841 4835 2909 4896 in
2937 4855 3064 4898 uno
3105 4843 3353 4898 tantum

1782 4929 2061 5005 homine,
2087 4935 2157 4990 ut
2189 4929 2348 4991 bene
2377 4930 2616 4990 notavit
2652 4930 3122 4994 'turrecremata
3141 4948 3351 5010 supra,

1783 5043 1921 5106 cap.
1952 5028 2066 5100 ν275
2097 5031 2158 5088 et
2177 5023 2415 5099 Alens„
2443 5027 2624 5086 tertia
2645 5031 2837 5105 parte,
2865 5033 3082 5105 quaest.
3107 5025 3352 5098 ultima,

1784 5117 2068 5179 membro
2091 5121 2152 5194 5,
2185 5118 2448 5179 articulo
2470 5120 2546 5195 23
2577 5123 2642 5178 et
2659 5117 2988 5194 Abulcns„
3017 5118 3354 5197 quaestione

1786 5213 2053 5292 septima
2095 5211 2158 5272 in
2205 5211 2444 5291 prolog.
2507 5230 2692 5292 super
2740 5212 3123 5274 Matthoeum.
3177 5211 3355 5271 Ratio

1788 5303 1974 5384 plana
1998 5311 2112 5380 est,
2155 5306 2300 5384 quia
2349 5304 2631 5369 Ecclesia
2675 5323 2903 5366 nomen
2954 5311 3046 5366 cst
3093 5304 3357 5365 collecti-

1790 5416 1965 5474 vum,
2015 5405 2078 5458 ct
2129 5399 2286 5472 ideo,
2352 5399 2513 5459 sicut
2551 5399 2814 5481 pupulus
2855 5399 2951 5458 vvl
2994 5397 3357 5479 Respublica

1793 5511 1919 5554 uon
1970 5511 2094 5552 una
2130 5499 2370 5554 tautum
2418 5511 2680 5572 persona
2708 5498 2969 5568 constat,
3017 5495 3104 5552 ita
3158 5509 3356 5574 neque
