3900 6217
513 320 634 381 442

515 422 720 485 sertio.
761 452 842 469 -
887 421 1050 483 Inter
1093 420 1206 481 has
1249 421 1586 481 sententias
1631 419 1818 481 tertia
1865 419 2076 500 opinio

515 514 742 588 media,
772 531 909 591 quae
932 512 1097 573 inter
1113 512 1390 575 infideles
1407 513 1681 574 subditos
1708 519 1770 575 et
1787 532 1914 575 non
1933 513 2075 575 sub·

515 608 673 667 ditos
721 606 1097 684 principibus
1135 606 1483 667 christianis
1515 606 1862 685 distinguit,
1916 606 2075 667 mihi

514 700 831 780 probanda
880 700 1142 761 videtur.
1204 700 1378 761 Unde
1419 700 1555 759 dico
1597 702 1801 779 primo
1829 701 2070 761 licitum

515 812 644 853 esse
698 792 1046 854 christianis
1095 792 1474 872 principibus
1519 810 1737 870 cogere
1791 792 2073 853 infideles

517 887 634 947 sibi
663 886 938 947 subditos
967 884 1045 945 ad
1083 884 1270 946 fidem
1317 885 1709 949 audiendam.
1751 886 1841 946 lta
1885 885 2074 947 sentit

517 982 796 1055 Pezant.,
825 984 886 1041 et
910 980 1150 1041 Banhes
1187 983 1254 1041 2.
1306 983 1368 1054 2,
1427 980 1766 1060 quaestione
1807 979 2071 1053 decima,

517 1073 773 1135 articulo
815 1075 890 1147 83
931 1080 992 1134 et
1042 1073 1324 1153 quamvis
1371 1074 1472 1135 hic
1509 1073 1812 1153 posterior
1857 1072 2073 1133 formi-

519 1166 644 1242 det,
664 1167 810 1245 quia
836 1167 1148 1227 existimat
1169 1184 1495 1245 nunquam
1517 1166 1636 1229 hoc
1663 1168 1851 1229 fuisse
1871 1166 1949 1228 ab
1964 1168 2077 1227 Ec-

519 1262 705 1323 clesia
734 1261 1054 1336 usitatum,
1075 1261 1482 1322 nihilominus
1511 1280 1612 1323 me
1651 1262 1917 1324 multum
1947 1278 2079 1321 mo-

518 1360 618 1415 vet
643 1354 992 1431 exemplum
1017 1355 1364 1415 Romanum
1389 1372 1408 1431 ;
1436 1374 1582 1417 nam
1603 1356 1842 1417 Summi
1867 1354 2075 1417 Ponti-

516 1447 660 1507 fices
685 1453 914 1525 cogunt
931 1448 964 1509 J
970 1447 1172 1509 udaeos
1195 1448 1312 1509 sibi
1354 1448 1652 1525 subditos,
1683 1455 1756 1509 ut
1789 1448 1980 1510 semel
2010 1449 2076 1508 in

513 1540 902 1601 hebdomada
924 1541 1428 1621 praedicationem
1461 1542 1606 1603 fidei
1634 1542 1916 1618 audiant,
1950 1560 2078 1621 poe-

515 1652 596 1694 na
633 1634 920 1713 imposita
957 1635 1054 1695 his
1091 1636 1197 1714 qui
1227 1635 1446 1697 audire
1487 1641 1804 1708 recusant3
1837 1654 1962 1715 qua
2002 1636 2080 1697 de

513 1746 582 1789 re
625 1734 792 1791 extat
839 1728 1018 1791 Bulla
1061 1728 1294 1790 Nicolai
1351 1729 1454 1805 ΙΙΙ,
1508 1749 1648 1810 quae
1695 1730 1912 1808 incipit
1980 1730 2079 1796 1⁷2·-

516 1839 724 1895 mam;
741 1828 801 1883 et
819 1823 940 1883 alia
959 1823 1241 1900 Gregorii
1265 1824 1420 1896 XIII,
1438 1842 1578 1902 qnae
1599 1824 1814 1903 incipit
1840 1822 2079 1887 Sancta

515 1920 714 1979 mater
739 1918 1045 1981 Ecclesia.
1093 1918 1488 1997 Respondent
1527 1923 1736 1977 tamen
1771 1917 1963 1997 aliqui
2004 1917 2077 1977 il-

516 2007 643 2069 lam
671 2027 796 2069 non
821 2028 950 2071 esse
985 2028 1257 2089 poenam,
1293 2011 1400 2072 sed
1439 2029 1569 2071 esse
1611 2009 1918 2090 quoddam
1972 2012 2079 2071 tri-

515 2101 764 2177 butum,
793 2104 955 2181 quod
984 2103 1105 2164 illis
1133 2104 1510 2179 infidelibuS,
1540 2111 1840 2184 tanquam
1869 2104 2074 2165 subdi·

517 2195 620 2271 tis,
651 2202 847 2274 potest
867 2197 1032 2273 juste
1061 2197 1337 2276 imponi3
1379 2198 1718 2259 remittitur
1756 2204 1969 2258 autem
2000 2216 2077 2259 cx

517 2288 900 2367 benignitate
942 2290 1262 2369 principie,
1307 2291 1382 2351 iis
1427 2290 1536 2369 qui
1575 2290 2073 2370 praedicationem

517 2382 852 2458 audierint,
893 2390 954 2445 et
1003 2384 1089 2444 ita
1131 2384 1238 2443 illa
1267 2403 1394 2445 non
1436 2390 1527 2445 est
1554 2386 1809 2453 coactio,
1859 2384 2079 2445 saltem

519 2475 770 2551 directa,
801 2477 905 2538 sed
929 2477 1026 2537 vel
1049 2478 1350 2539 indirecta
1375 2478 1454 2537 ad
1473 2495 1812 2553 summum,
1847 2477 1944 2538 vel
1972 2497 2079 2556 po-

518 2568 645 2629 tius
681 2571 964 2631 attractio
1011 2589 1122 2650 per
1165 2570 1539 2631 beneficium
1579 2571 1938 2633 remittendi
1968 2571 2079 2631 tri·

520 2661 762 2737 butum,
795 2664 904 2742 qui
935 2663 1155 2725 modus
1191 2663 1396 2725 licitus
1424 2669 1538 2739 est,
1586 2670 1659 2724 ιιι
1697 2664 1764 2723 in
1798 2664 2079 2743 sequenti

516 2758 782 2817 sectione
804 2757 1096 2820 dicemus,
1125 2758 1244 2819 Sed
1265 2758 1413 2819 licet
1437 2758 1569 2818 haec
1591 2757 1797 2818 evasio
1826 2757 2079 2818 eviden-

519 2855 616 2909 ter
663 2850 1003 2929 improbari
1055 2869 1181 2911 non
1235 2852 1446 2931 possit,
1499 2850 1909 2911 nihilominus
1945 2851 2079 2911 sine

518 2942 924 3005 fundamento
943 2945 1286 3023 excogitata
1305 2944 1570 3019 videtur,
1587 2944 1736 3023 quia
1759 2944 1864 3003 illa
1885 2962 2080 3023 quan-

519 3036 664 3096 titas
713 3037 1016 3116 peeuuiae,
1071 3056 1209 3116 quae
1264 3038 1607 3117 imponitur
1659 3036 2083 3097 recusantibus

522 3128 759 3204 audire,
810 3148 936 3191 non
975 3131 1318 3208 imponitur
1361 3129 1476 3191 sub
1518 3130 1640 3191 alio
1695 3129 1877 3190 titulo
1925 3131 2083 3209 justi

521 3222 776 3298 tributi,
824 3223 929 3283 sed
983 3224 1181 3284 solum
1233 3230 1484 3303 propter
1529 3223 1922 3284 omissionem
1976 3241 2085 3284 seu

520 3316 1027 3392 inobedientiam,
1057 3322 1120 3378 et
1159 3324 1381 3395 praeter
1415 3316 1590 3377 illam
1627 3315 2083 3393 impositionem

523 3416 667 3470 sunt
687 3410 808 3471 alia
829 3409 1061 3471 tributa
1079 3410 1469 3483 sufficientia,
1501 3427 1640 3487 quoe
1669 3408 1791 3468 illis
1813 3408 2084 3470 infideli-

522 3504 638 3565 bus
660 3510 908 3583 propter
942 3504 1394 3583 suchctionem
1433 3502 1839 3582 temporalem
1885 3502 2084 3582 impo-

523 3603 776 3659 uantur.

600 3692 660 3750 4.
712 3691 1017 3754 Probatur
1061 3692 1316 3753 ratione.
1348 3722 1430 3737 -
1460 3689 1717 3751 Ratione
1747 3690 1940 3768 igitur
1980 3688 2085 3750 de·-

522 3783 792 3845 claratur
850 3786 1101 3845 assertio
1128 3833 1144 3858 ‚
1194 3784 1339 3863 quia
1401 3782 1642 3844 duobus
1685 3784 1883 3843 modis
1947 3801 2083 3863 pos·

521 3887 668 3939 sunt
710 3878 816 3939 isti
858 3879 1086 3939 subditi
1118 3879 1252 3957 cogi
1297 3877 1377 3939 ad
1421 3877 1800 3938 audiendum
1854 3894 2085 3937 sermo·

522 3990 668 4032 nem
703 3972 845 4033 fidei
878 3994 893 4033 ε
929 3973 1130 4051 primo
1157 4018 1172 4045 ,
1215 3972 1363 4051 quia
1410 3990 1487 4032 ex
1531 3976 1834 4050 praecepto
1875 3970 2088 4031 divino

523 4070 814 4125 tenentur
857 4064 1044 4127 fidem
1083 4066 1321 4141 audire,
1365 4071 1434 4126 ut
1469 4065 1658 4125 sensit
1681 4064 1979 4138 Victoria,
2018 4065 2089 4124 in

523 4158 724 4238 prima
757 4158 1083 4219 relectione
1109 4159 1295 4233 dicta,
1344 4175 1610 4219 numero
1657 4158 1766 4234 363
1815 4166 1876 4217 et
1924 4164 2087 4217 certe

524 4270 649 4313 non
697 4250 922 4312 sufficit
959 4252 1036 4313 ad
1087 4252 1467 4312 coactionem
1510 4251 1729 4311 saltem
1757 4249 2081 4325 directam,

523 4346 671 4425 quia
695 4346 1088 4407 observantia
1123 4344 1290 4405 illius
1312 4346 1624 4424 praecepti,
1658 4351 1720 4403 et
1743 4360 1891 4403 cura
1921 4343 2085 4405 illins

523 4457 650 4500 non
685 4442 951 4519 pertinet
995 4438 1074 4501 ad
1117 4438 1520 4517 temporalem
1561 4436 2083 4516 jurisdictionem,

522 4540 594 4594 ut
617 4553 724 4613 per
754 4553 819 4594 se
845 4533 1082 4594 clarum
1111 4540 1226 4593 est.
1273 4530 1555 4593 Secundo
1581 4549 1730 4609 ergo
1759 4536 1959 4609 potest
1998 4529 2084 4590 ibi

523 4625 897 4687 intervenire
925 4625 1177 4705 aliquod
1205 4632 1582 4704 praeceptum
1621 4625 1860 4702 justum
1893 4622 2084 4702 ipsius

523 4719 721 4795 princi
726 4720 840 4797 piS,
873 4720 956 4779 ad
977 4718 1136 4797 quod
1167 4717 1620 4778 observandum
1646 4722 1848 4796 potest
1873 4714 2087 4777 subdi-

525 4818 620 4872 tos
643 4829 786 4871 suos
814 4826 1072 4889 cogere3
1105 4816 1164 4871 et
1203 4810 1316 4871 hoc
1358 4809 1607 4871 videtur
1636 4809 1814 4869 valde
1859 4807 2083 4888 proba·

523 4902 668 4978 bile,
698 4904 846 4982 qnia
889 4904 998 4965 illa
1033 4904 1190 4964 actio
1231 4902 1525 4965 audiendi
1577 4902 2085 4982 praedicationem

523 5014 634 5077 per
660 5015 723 5059 sc
749 5004 814 5058 et
834 4997 1160 5058 intrinsece
1189 5013 1314 5055 non
1343 5002 1437 5056 est
1463 4994 1944 5074 supernaturalis
1972 5009 1991 5070 3
2022 4997 2085 5053 et

522 5088 862 5150 secundum
903 5093 1234 5169 praesentes
1288 5088 1782 5149 circumstantias
1831 5091 2086 5165 possunt

523 5182 749 5244 subditi
775 5181 1060 5243 convinci
1087 5181 1250 5261 quod
1279 5182 1360 5241 sit
1398 5181 1680 5254 honesta,
1706 5186 1768 5241 et
1795 5180 1873 5241 ad
1919 5196 2084 5239 com·

525 5276 782 5336 modum
807 5275 1052 5336 illorum
1075 5274 1389 5348 ordinata3
1415 5274 1540 5333 imo
1569 5273 1756 5334 etiam
1777 5278 1975 5350 potest
1996 5289 2091 5331 re-

525 5369 670 5430 ferri
695 5368 772 5429 ad
793 5386 928 5431 eam
953 5367 1283 5427 utilitatem
1303 5364 1686 5448 reipublicoe,
1710 5382 1897 5443 quam
1917 5362 2089 5445 prin-

523 5480 664 5543 ceps
695 5460 1050 5541 temporalis
1077 5478 1407 5539 procurare
1435 5463 1636 5539 potest
1673 5463 1736 5517 ct
1763 5456 1965 5528 debet,
1995 5458 2092 5516 ni-

1009 324 1246 377 DISPUT.
1285 322 1456 375 XVIII.
1491 323 1572 375 DE
1603 323 1813 377 uenus
1847 324 2068 386 QUIBUS
2100 326 2205 377 UTI
2238 326 2415 377 LICET
2450 326 2532 378 AD
2566 322 3067 387 CONVERTENDOS,
3104 324 3236 379 mc.

2158 422 2389 483 mirum
2413 423 2487 483 all
2522 423 2821 501 maiorem
2846 422 3238 484 concordiam
3264 430 3329 485 et
3347 442 3551 503 pacem
3576 448 3687 489 om-

2154 516 2333 575 nium
2356 515 2770 588 subditorum,
2788 516 2889 576 vel
2912 522 2983 577 nt
3005 514 3286 578 infideles
3316 517 3435 597 ipsi
3454 519 3689 583 liberen-

2153 614 2257 669 tur
2283 608 2362 669 ab
2388 608 2700 670 erroribus
2728 609 2805 669 de
2850 608 3076 688 quibus
3116 611 3402 671 convinci
3438 623 3686 689 possunt,

2153 720 2227 764 eo
2250 702 2413 781 quod
2438 704 2561 764 sint
2589 710 2805 763 contra
2828 703 3135 763 rationem
3158 704 3531 779 naturalem,
3559 726 3690 786 >qua-

2153 795 2242 856 les
2280 795 2549 857 Gentiles
2589 801 2923 870 sectantur,
2982 794 3085 856 vel
3136 797 3285 874 quia
3339 804 3549 859 contra
3586 800 3693 862 alia

2154 888 2453 965 militant,
2497 906 2640 969 quae
2686 889 2805 969 ipsi
2846 888 3183 951 admittunt
3226 897 3292 951 et
3334 892 3608 968 credunt,
3636 902 3695 955 ut

2154 981 2379 1042 Judaeis
2410 984 2735 1061 contingit,
2776 1000 2846 1043 ac
2878 982 3145 1063 denique
3174 990 3375 1063 potest
3400 984 3503 1045 ille
3544 994 3695 1048 actus

2154 1076 2431 1138 ordinari
2462 1083 2533 1138 ut
2578 1078 2671 1139 illi
2696 1076 2929 1137 subditi
2954 1094 3165 1139 veram
3194 1076 3576 1154 religionem,
3604 1098 3693 1139 ve-

2155 1188 2419 1249 rumque
2462 1170 2568 1231 Dei
2610 1170 2849 1231 cultum
2886 1170 3116 1249 eligere
3146 1170 3407 1251 possint,
3444 1173 3597 1251 quod
3636 1175 3693 1234 iu

2157 1264 2331 1325 omni
2357 1263 2633 1326 humana
2662 1263 2979 1344 republica
3013 1264 3171 1325 bene
3198 1265 3483 1325 instituta
3507 1282 3695 1343 procu-

2157 1357 2423 1417 randum
2456 1364 2549 1417 est
2567 1374 2589 1435 ;
2640 1376 2787 1436 ergo
2841 1356 2963 1417 tale
3013 1357 3383 1418 mandatnm
3428 1374 3503 1417 ex
3546 1364 3695 1436 parte

2156 1450 2450 1531 principis
2479 1452 2715 1529 justum
2744 1456 2856 1526 est,
2888 1456 2950 1511 et
2980 1468 3109 1511 non
3148 1451 3399 1511 excedit
3433 1451 3695 1529 jurisdic-

2156 1545 2393 1605 tionem
2440 1544 2603 1621 ejus;
2644 1560 2793 1621 ergo
2836 1560 3016 1623 poena
3065 1542 3359 1623 imposita
3388 1549 3579 1622 potest
3613 1562 3691 1603 co·

2161 1654 2307 1715 gere
2344 1636 2621 1698 subditos
2648 1637 2728 1696 ad
2751 1636 2905 1697 illud
2932 1636 3332 1697 servandum.

2240 1734 2297 1794 5.
2348 1730 3027 1813 Arqumenta'seoundoe
3066 1728 3382 1793 sententia·
3416 1748 3533 1792 non
3552 1732 3693 1793 mili-
3799 1750 3800 1769 ³

2160 1830 2296 1887 tant
2325 1831 2539 1888 contra
2572 1824 2727 1885 liano
2750 1825 3161 1887 assertionem.
3184 1856 3269 1869 -
3286 1824 3527 1904 Duplex
3554 1824 3695 1887 Bau·
3799 1862 3800 1905 ι

2158 1920 2313 1981 hosii
2344 1918 2637 1981 limitatio
2666 1918 2747 1979 ad
2766 1919 3178 1980 assertionem.
3205 1948 3291 1963 --
3308 1918 3525 1979 Prima
3548 1920 3694 1993 refel—
3799 1944 3800 1951 ι

2156 2012 2332 2075 titur.
2360 2044 2442 2059 —
2489 2011 2770 2075 Secunda
2810 2012 3204 2092 approbatur.
3236 2040 3321 2057 -
3360 2010 3437 2070 Et
3472 2012 3553 2071 ita
3589 2030 3693 2072 non

2158 2105 2505 2185 procedunt
2530 2111 2744 2165 contra
2773 2103 2933 2165 hanc
2958 2110 3199 2183 partem
3228 2110 3591 2181 argumenta
3620 2122 3693 2164 se-

2156 2198 2377 2259 cundae
2408 2198 2751 2273 sententiae,
2787 2215 2935 2257 nam
2960 2196 3305 2277 procedunt
3330 2196 3527 2256 solum
3563 2198 3695 2257 circa

2157 2310 2285 2353 non
2312 2290 2611 2351 subditos,
2664 2290 2839 2351 Unde
2886 2292 2965 2351 ad
2992 2291 3269 2370 primum
3306 2290 3569 2350 fatemur
3590 2310 3693 2353 non
3799 2338 3800 2343 1

2158 2383 2292 2445 fieri
2322 2385 2439 2445 hoc
2464 2384 2711 2464 speciali
2754 2390 3053 2464 potestate
3080 2402 3118 2444 a
3145 2384 3393 2445 Christo
3427 2383 3582 2458 data,
3610 2386 3695 2444 sed
3799 2454 3800 2457 Ἴ

2159 2477 2439 2539 sufficere
2460 2478 2840 2539 ordinariam
2864 2482 3229 2556 potestatem
3254 2478 3545 2557 principis
3564 2484 3693 2539 tem-

2159 2572 2407 2651 poralis,
2464 2577 2527 2631 et
2574 2571 2715 2633 ideo
2762 2572 3075 2632 immerito
3120 2573 3187 2632 in
3232 2572 3503 2644 secundo
3542 2590 3697 2649 argu-

2161 2671 2373 2725 mento
2428 2663 2653 2725 Christi
2718 2665 3071 2743 exemplum
3134 2666 3238 2726 vel
3298 2666 3693 2745 Apostolorum

2159 2758 2526 2838 postulatur,
2558 2758 2709 2838 quia
2736 2758 2975 2817 illinon
3005 2764 3474 2838 assumpserunt
3494 2758 3691 2837 princi·
3798 2768 3800 2797 ¹

2159 2860 2377 2933 patum
2418 2850 2847 2931 temporalem,
2900 2870 3103 2931 neque
3136 2853 3242 2913 illo
3290 2854 3387 2913 usi
3430 2860 3583 2913 sunt.
3620 2851 3693 2911 Ad

2159 2947 2417 3007 tertium
2450 2963 2619 3021 vero,
2645 2945 2723 3005 de
2748 2945 3063 3006 coactione
3096 2946 3173 3007 ad
3204 2946 3418 3019 fidem,
3446 2946 3583 3005 dato
3606 2964 3695 3004 an·
3799 2996 3800 3001 ,

2161 3038 2503 3122 tecedcnte,
2556 3042 2819 3116 negatur
2870 3040 3336 3117 consequentia,
3392 3045 3523 3099 tum
3576 3037 3693 3115 quia
3799 3050 3800 3123 J

2162 3137 2360 3211 potest
2387 3131 2523 3209 quis
2550 3130 2685 3208 cogi
2712 3130 2793 3190 ad
2818 3131 3223 3206 audiendum,
3253 3150 3381 3191 non
3406 3138 3600 3191 autem
3625 3129 3687 3189 ad
3799 3130 3800 3137 ’

2164 3224 2560 3298 credendum,
2604 3223 2765 3283 sicut
2812 3230 3011 3302 potest
3044 3224 3181 3303 quis
3222 3224 3365 3302 cogi
3404 3230 3477 3283 ut
3519 3221 3695 3282 audiat

2164 3318 2667 3399 praedicationem
2734 3318 3135 3380 consiliorum
3182 3318 3689 3397 evangelicorum,

2162 3413 2264 3472 vel
2308 3412 2386 3473 de
2437 3412 2830 3473 concessione
2876 3411 3433 3489 indulgentiarum,
3482 3417 3541 3473 et
3588 3426 3693 3469 non
3799 3442 3800 3493 3

2162 3511 2489 3585 propterea
2529 3504 2776 3582 cogitur
2814 3504 2912 3565 vel
2956 3504 3037 3565 ad
3088 3505 3407 3584 sequenda
3448 3502 3690 3573 consilia,
3799 3526 3800 3533 ι

2164 3600 2265 3660 vel
2287 3598 2365 3659 ad
2386 3598 2715 3659 lucrandas
2746 3597 3192 3675 indulgentias3
3220 3604 3360 3657 tum
3380 3598 3557 3657 etiam
3576 3594 3695 3672 quia

2165 3712 2292 3753 non
2312 3698 2403 3752 est
2430 3691 2847 3751 necessarium
2868 3696 2939 3750 ut
2958 3696 3335 3768 praeceptum
3353 3688 3501 3749 illud
3528 3688 3693 3764 impo-
3799 3684 3800 3757 ζ

2165 3793 2355 3848 natur
2382 3783 2498 3844 sub
2526 3784 2937 3845 determinata
2966 3783 3207 3844 ratione
3226 3782 3513 3844 credendi
3538 3780 3693 3841 fidem
3799 3826 3800 3829 ,

2170 3876 2730 3959 supernaturalem,
2756 3877 2860 3937 sed
2886 3876 3003 3937 sub
3028 3878 3345 3937 communi
3366 3876 3591 3935 ratione
3606 3871 3697 3931 eli·
3799 3956 3800 3961 η

2167 3973 2354 4052 gendi
2406 3988 2618 4033 veram
2666 3970 3059 4048 religionem,
3108 3974 3171 4029 et
3215 3969 3453 4030 vitandi
3490 3982 3695 4027 errores

2165 4064 2393 4126 rationi
2446 4064 2635 4125 etiam
2680 4068 3123 4142 repugnantes.
3168 4063 3244 4122 Et
3294 4062 3383 4122 ita
3432 4060 3603 4121 etiam
3624 4055 3688 4115 ad

2166 4162 2454 4237 quartam
2510 4157 2815 4216 rationem
2848 4172 3215 4234 responsum
3260 4162 3374 4215 est.
3418 4152 3589 4215 Addit
3616 4156 3691 4207 ta-

2167 4268 2312 4310 men
2345 4248 2589 4309 Bauhes
2618 4250 2769 4308 duas
2806 4248 3209 4309 limitationes
3235 4246 3419 4325 hujus
3444 4242 3689 4305 assertio·

2165 4342 2303 4403 nis:
2352 4342 2551 4421 prima
2588 4346 2701 4415 est,
2732 4346 2801 4401 ut
2828 4340 2961 4399 haec
2986 4340 3219 4399 coactio
3242 4339 3353 4401 fiat
3378 4344 3599 4398 tantum
3624 4331 3687 4391 ad
3799 4350 3800 4419 j

2166 4436 2357 4495 semel
2384 4433 2768 4495 audiendum
2804 4432 3017 4506 fidem,
3049 4432 3199 4512 quia
3224 4432 3377 4493 alias
3400 4432 3449 4491 si
3466 4428 3567 4489 fiat
3588 4427 3686 4485 fre-

2166 4535 2451 4607 quenter,
2484 4527 2601 4588 erit
2630 4526 2912 4586 virtualis
2934 4524 3225 4605 quaedam
3242 4525 3471 4587 coactio
3492 4523 3563 4582 ad
3580 4538 3686 4579 cre-

2164 4622 2438 4683 dendum
2457 4644 2475 4695 ;
2498 4620 2689 4701 altera
2710 4618 3001 4679 limitatio
3022 4626 3137 4693 est,
3168 4625 3239 4678 ut
3258 4618 3369 4679 fiat
3390 4616 3496 4678 sub
3519 4628 3678 4693 poena

2165 4715 2505 4775 moderata.
2538 4713 2657 4775 Sed
2698 4712 2867 4791 prior
2903 4710 3194 4771 limitatio
3240 4710 3396 4772 mihi
3428 4726 3545 4769 non
3576 4704 3685 4784 pla-

2164 4813 2301 4881 cet3
2349 4813 2485 4866 tum
2536 4806 2683 4884 quia
2723 4803 3103 4867 contrarium
3144 4804 3436 4884 probatur
3468 4818 3539 4861 ex
3560 4814 3683 4859 con-

2166 4899 2495 4960 suetudine
2541 4899 2823 4959 Romana
2844 4895 3111 4956 adducta
3124 4912 3145 4973 ;
3174 4903 3310 4956 tum
3339 4895 3515 4956 etiam
3536 4890 3677 4970 quia,

2164 4992 2483 5053 moraliter
2504 4990 2838 5071 loquendO,
2862 4995 3019 5049 esset
3040 4988 3283 5049 inutilis
3294 4986 3533 5057 coactio,
3558 4980 3681 5061 quia

2164 5084 2244 5144 ad
2274 5084 2461 5145 fidem
2489 5083 2937 5161 suscipiendam
2960 5100 3089 5143 non
3116 5082 3263 5142 satis
3292 5089 3384 5141 est
3402 5075 3574 5139 semel
3592 5091 3679 5132 au-

2170 5177 2304 5237 dire
2326 5176 2524 5252 illam,
2556 5176 2898 5256 praesertim
2926 5174 3286 5235 hominibus
3319 5170 3555 5235 assuetis
3574 5165 3678 5225 suis

2170 5269 2519 5344 erroribus3
2552 5275 2687 5329 tum
2731 5268 3000 5346 denique
3023 5268 3173 5346 quia
3194 5267 3249 5326 si
3273 5263 3452 5327 semel
3476 5267 3557 5322 est
3574 5256 3677 5317 liei·

2167 5368 2257 5437 ta,
2302 5369 2365 5422 et
2384 5380 2511 5421 non
2548 5360 2769 5422 habuit
2794 5358 3106 5433 effectum,
3142 5358 3315 5423 nulla
3351 5356 3495 5418 ratio
3520 5358 3596 5413 est
3610 5346 3675 5407 ob

2169 5472 2359 5535 quam
2394 5472 2519 5516 non
2552 5456 2743 5533 possit
2762 5454 2991 5515 iterum
3014 5452 3218 5525 licere,
3248 5468 3439 5530 neque
3460 5444 3583 5507 inde
3596 5458 3671 5501 se-
