3900 6217
491 396 612 459 438
670 402 678 409 ’

490 502 692 583 potuit
746 507 955 563 autem
1011 500 1283 563 Christus
1339 499 1634 559 Dominus
1693 498 1866 559 illam
1933 499 2053 559 hoc

493 596 680 657 modo
722 595 1216 671 communicare3
1252 611 1399 670 ergo
1433 593 1520 652 ita
1547 593 1810 653 contulit
1855 592 2047 652 illam.

495 690 746 764 Deinde,
779 688 1062 767 quamvis
1089 687 1222 747 haec
1248 692 1518 766 potestas
1541 704 1668 747 non
1699 687 1884 765 possit
1911 704 2051 765 pro·

493 782 627 843 bari
670 782 910 842 ratione
956 780 1249 855 naturali,
1281 786 1370 841 est
1419 779 1823 839 nihilominus
1872 779 2050 839 valde

493 881 904 936 consentanea
967 875 1085 953 ipsi
1143 873 1372 933 rationi
1414 871 1684 932 naturali
1717 918 1734 947 ,
1779 870 1948 953 quia,
1982 880 2053 932 ut

494 966 906 1048 dicebam,jus
928 967 1186 1029 docendi
1217 968 1574 1044 ignorantes
1594 972 1685 1026 est
1710 967 1882 1045 quasi
1909 984 2053 1025 con-

497 1061 778 1123 naturale
811 1064 1176 1142 cuicumque
1208 1061 1452 1121 homini
1477 1084 1495 1133 ;
1533 1078 1706 1139 ergo,
1737 1060 2052 1139 supposita

493 1156 850 1216 necessitate
892 1154 1063 1229 fidei,
1107 1160 1199 1215 cst
1225 1154 1402 1215 valde
1441 1160 1927 1215 consentaneum
1955 1173 2049 1215 ra-

491 1248 672 1321 tioni,
703 1248 868 1328 quod
889 1256 1105 1309 auctor
1125 1248 1271 1309 fidei
1300 1249 1427 1309 suis
1451 1249 1774 1324 ministriS,
1801 1255 1862 1309 et
1895 1266 2050 1328 proe·

491 1342 704 1403 sertim
729 1342 972 1403 vicario
1000 1361 1113 1402 suo
1140 1342 1520 1421 relinqueret
1551 1341 1810 1421 speciale
1841 1344 1943 1421 jus
1973 1342 2053 1401 ad

489 1433 930 1495 illuminandos
965 1436 1250 1496 homiues
1277 1436 1343 1497 in
1375 1436 1654 1495 doctrina
1683 1434 1850 1497 fidei.

567 1529 629 1587 4.
677 1530 889 1591 Tertia
903 1531 1156 1592 assertio
1178 1554 1200 1588 .·
1227 1529 1510 1592 Ecclesia
1532 1530 1698 1591 habet
1709 1529 1824 1609 jus
1850 1536 2057 1591 tutan·

492 1622 557 1682 da·
603 1639 746 1683 suos
804 1622 1231 1699 praedicatores
1283 1627 1339 1683 et
1400 1623 1505 1701 qui
1561 1624 2055 1700 praedicationem

490 1714 847 1792 impeditam,
873 1715 1186 1791 puniendi.
1215 1746 1296 1760 --
1315 1716 1404 1774 Ex
1425 1714 1542 1774 hac
1565 1716 1836 1775 secunda
1862 1734 2054 1776 asser·

491 1806 963 1885 tione-sequitur
987 1808 1191 1883 tertia,
1224 1807 1546 1881 nimirum,
1581 1804 1914 1869 Ecclesiat'n
1941 1809 2053 1869 ha-

487 1898 634 1958 bere
663 1900 764 1977 jus
791 1900 1160 1961 defendendi
1190 1900 1617 1979 praedicatorcs
1644 1919 1808 1977 snos,
1837 1909 1899 1963 et
1936 1921 2049 1961 ex-

484 1993 802 2070 pugnandi
870 2010 972 2052 eos
1018 1993 1123 2072 qni
1156 2037 1174 2066 ,
1223 2012 1334 2071 per
1394 1994 1734 2068 potentiam
1783 2001 1846 2053 et
1897 1995 2048 2070 vim,

487 2084 994 2161 praedicationem
1042 2085 1424 2165 impediunt,
1475 2104 1582 2147 seu
1623 2104 1751 2146 non
1793 2088 2047 2164 permit-

489 2181 652 2235 tunt.
699 2178 790 2237 Ita
827 2178 1103 2238 sentiunt
1141 2185 1422 2237 auctores
1466 2178 1735 2257 allegati,
1783 2184 1846 2239 et
1895 2199 2053 2259 pgae·

489 2270 702 2329 sertim
733 2270 926 2348 Major
953 2278 1016 2331 et
1047 2270 1333 2331 Victoria.
1361 2272 1434 2331 Et
1460 2276 1661 2350 potest
1687 2272 1893 2351 aliquo
1925 2292 2054 2333 mo-

489 2362 567 2421 do
613 2360 962 2423 confirmari
1010 2361 1294 2442 exemplo
1325 2363 1516 2437 Pauli,
1557 2366 1847 2425 Actorum
1877 2365 2045 2426 deci—

489 2471 592 2513 mo
621 2456 824 2524 tertio,
863 2454 970 2515 ubi
1011 2455 1296 2533 Elymam
1346 2456 1598 2535 Magum
1638 2456 1754 2517 viis
1804 2458 2048 2519 Domini

490 2548 872 2608 resistentem
913 2554 1142 2607 aeterna
1173 2549 1444 2611 caecitate
1471 2550 1810 2624 damnavit,
1844 2560 1911 2610 nt
1954 2551 2045 2611 di-

488 2642 583 2702 xit
623 2642 1039 2719 Hieronymus
1068 2644 1143 2701 a⁴l
1177 2642 1500 2721 RiparIum
1531 2650 1745 2705 contra
1773 2646 2049 2723 Vigilan-

490 2733 676 2807 tium,
707 2739 770 2793 et
798 2734 1060 2794 retertur
1095 2735 1162 2795 in
1192 2754 1323 2814 cap.
1359 2736 1532 2817 Leqi,
1565 2738 1668 2807 2³3,
1712 2739 2053 2816 quaestione

491 2830 730 2901 octava,
761 2827 826 2887 in
871 2845 994 2905 qua
1029 2828 1224 2888 multa
1251 2829 1604 2891 referuntur
1639 2849 1716 2891 ex
1745 2831 2050 2907 Patribus,

492 2936 631 2997 quae
661 2919 824 2981 hanc
858 2923 1186 2983 veritatem
1211 2922 1606 2997 confirmant,
1645 2930 1708 2985 et
1738 2942 1870 3003 cap.
1901 2926 2057 2988 Dis-

481 3030 631 3092 pm,
673 3032 814 3075 cum
843 3014 1001 3077 aliis.
1043 3016 1332 3077 Rationes
1376 3024 1520 3077 sunt
1553 3016 1764 3078 faciles
1805 3037 1882 3079 ex
1927 3018 2054 3080 dic-

493 3108 594 3167 tis.
631 3108 837 3168 Prima
865 3115 978 3184 est,
1009 3110 1156 3188 quia
1190 3110 1242 3169 si
1271 3110 1540 3171 Ecclesia
1565 3109 1754 3172 habet
1775 3112 1874 3189 jus
1902 3132 2057 3193 prae·

495 3200 740 3261 dicandi
785 3201 1015 3281 ubique
1059 3202 1494 3283 Evangeiium‚
1526 3204 1634 3285 qui
1679 3224 1791 3284 per
1823 3206 1950 3269 vim
1995 3212 2057 3267 et

495 3294 836 3373 potentiam
863 3313 1044 3356 usum
1071 3295 1240 3356 illius
1267 3296 1424 3375 juris
1443 3296 1729 3375 impedit,
1757 3297 2056 3377 injuriam

495 3386 644 3449 facit
708 3387 988 3449 Ecclesiae
1033 3405 1053 3465 3
1119 3407 1267 3467 ergo
1312 3394 1513 3469 potest
1562 3388 1828 3451 Ecclesia
1883 3391 2057 3453 illam

495 3476 876 3557 propulsare,
907 3485 971 3541 et
987 3481 1094 3557 jus
1119 3499 1303 3542 suum
1333 3482 1516 3543 tueri.
1543 3482 1696 3542 Nam
1731 3481 1847 3543 hoc
1873 3490 2060 3545 uatu-

497 3571 710 3633 raliter
733 3573 1011 3651 sequitur
1031 3593 1106 3633 ex
1135 3576 1265 3653 ipso
1291 3575 1452 3654 jure,
1487 3577 1831 3655 praesertim
1860 3595 2059 3656 quau-

499 3664 580 3724 do
623 3676 713 3725 est
757 3666 825 3725 in
868 3680 978 3727 suo
1011 3666 1228 3727 ordine
1271 3685 1651 3746 supremum,
1685 3675 1755 3728 ut
1801 3675 1892 3729 est
1942 3669 2060 3733 hoc

492 3757 600 3834 jus
637 3757 704 3815 in
738 3758 1023 3821 Ecclesia.
1065 3757 1374 3835 Secundo,
1407 3760 1754 3821 declaratur
1795 3762 2063 3841 amplius

481 3850 633 3909 baec
670 3850 830 3912 ratio
871 3869 948 3911 ex
997 3850 1120 3911 alio
1159 3852 1462 3932 principio
1515 3855 1838 3934 utriusque
1879 3856 2061 3933 juriS,

503 3942 666 4020 quod
692 3987 711 4016 ,
756 3961 1041 4007 concessa
1101 3944 1528 4024 jurisdictione
1559 3991 1581 4022 ,
1640 3948 2064 4009 conceduntur

504 4035 716 4097 omnia
745 4054 881 4115 quoe
910 4037 989 4099 ad
1027 4038 1384 4098 exercitium
1428 4039 1561 4116 eJus
1599 4038 1920 4102 ‘moraliter
1956 4059 2064 4103 ne·-

504 4130 762 4191 cessaria
804 4136 983 4206 sunt,
1026 4132 1174 4210 quia
1212 4131 1363 4191 alias
1403 4133 1713 4193 concessio
1755 4132 2066 4195 diminuta

505 4228 661 4283 esset
699 4229 762 4284 et
797 4222 1106 4299 inefficax,
1132 4224 1176 4284 l.
1207 4226 1267 4298 2,
1301 4222 1366 4285 ff.
1395 4224 1480 4284 De
1506 4224 1601 4285 his
1641 4225 1864 4304 quibus
1892 4244 2066 4287 man-

506 4315 650 4376 data
687 4320 777 4377 est
792 4316 1161 4395 jurisdictio,
1188 4335 1322 4396 cap.
1353 4318 1684 4394 Proeterea,
1718 4337 1860 4379 cum
1893 4320 2066 4380 simi-

506 4406 691 4482 libus,
720 4409 796 4469 de
825 4408 1025 4471 officio
1067 4408 1377 4489 delegati;
1415 4409 1519 4471 sed
1549 4411 1652 4489 jus
1692 4411 1809 4471 hoc
1847 4412 2064 4473 datum

507 4507 596 4561 est
642 4500 916 4563 Ecclesiae
958 4509 1255 4583 tauquam
1294 4522 1440 4563 vera
1486 4511 1753 4583 potestas
1787 4511 1848 4565 et
1878 4506 2065 4583 juris-

507 4593 692 4654 dictio
721 4594 787 4655 iu
822 4595 1185 4656 universum
1227 4595 1461 4672 orbem,
1495 4604 1566 4657 ut
1614 4597 1938 4677 probatum
1970 4608 2063 4659 est

507 4705 585 4749 ex
627 4687 750 4747 illis
782 4688 982 4749 verbis
1023 4688 1250 4748 Christi
1277 4706 1294 4749 ι
1327 4690 1519 4753 Pasce·
1548 4708 1678 4753 oves
1719 4710 1894 4765 mea-³,
1925 4710 2065 4770 quae

500 4779 849 4857 jurisdictio
928 4781 1205 4842 inchoari
1272 4781 1454 4842 debet
1524 4802 1562 4843 a
1633 4784 2065 4863 praedicatione

507 4872 832 4951 Evangelii
863 4894 882 4948 3
920 4891 1068 4950 ergo
1097 4891 1342 4937 necesse
1383 4883 1476 4937 est
1515 4886 1586 4937 ut
1635 4878 1851 4937 saltem
1897 4876 2066 4938 hunc

506 4974 716 5027 actum
755 4967 940 5045 possit
987 4968 1252 5029 Ecclesia
1282 4968 1633 5033 defendere.
1661 4971 1868 5033 Tertia
1905 4972 2065 5032 ratio

509 5066 600 5121 est
626 5060 862 5139 optima
903 5060 977 5120 de
1019 5062 1284 5139 quadam
1327 5070 1626 5141 potestate
1667 5065 1844 5143 quasi
1885 5070 2065 5124 natu·

505 5152 644 5224 reli,
676 5153 820 5213 licet
851 5152 1148 5213 indirecta
1177 5176 1191 5213 :
1238 5174 1382 5215 nam
1416 5174 1804 5236 unaquaeque
1853 5176 2066 5236 respu-

506 5244 665 5306 blica
701 5244 888 5305 habet
934 5252 1298 5323 potestatem
1341 5248 1711 5311 defendendi
1762 5250 2063 5311 innocen-

507 5346 622 5411 teS,
655 5338 763 5417 qui
801 5356 1052 5415 gravem
1083 5358 1119 5399 a
1148 5342 1596 5419 potentioribus
1626 5343 1942 5421 patiuntur
1969 5343 2063 5402 in·

504 5430 734 5508 juriam
761 5445 782 5507 3
815 5428 922 5491 sed
966 5431 1078 5509 qui
1117 5431 1467 5513 impediunt
1497 5435 1816 5513 Evangelii
1843 5435 2063 5515 praedi-

505 5523 807 5583 cationem
839 5568 857 5598 ,
921 5525 1349 5599 gravissimum
1401 5535 1847 5589 nocumentum
1907 5529 2063 5589 infe-

983 400 1220 454 DlSPUT.
1259 400 1428 452 xvtu.
1467 398 1546 451 DE
1579 398 1786 451 mons
1818 398 2041 461 QUIBUS
2072 398 2177 451 UTl
2212 398 2389 451 Lim-:T
2422 399 2505 449 AD
2541 396 3045 456 ί3οΝῚῙΕΒΤΙΞΝΙΜΒ,
3078 396 3213 449 mc,

2131 508 2283 558 runt
2334 497 2545 559 multis
2563 543 2582 573 ,
2622 498 2731 576 qui
2780 497 3033 559 fortasse
3071 506 3571 577 converterentur,
3608 502 3653 563 si

2134 592 2282 652 illud
2324 592 2663 665 audissent,
2720 597 2781 650 et
2809 590 3075 651 libenter
3116 592 3418 667 audirent,
3448 594 3496 655 si
3520 614 3655 674 prae-

2133 686 2403 746 dicatum
2448 685 2661 746 fuisset
2686 706 2705 759 ;
2737 702 2885 761 ergo
2910 684 3097 745 habet
3127 685 3391 746 Ecclesia
3426 686 3655 767 potesta-

2132 786 2260 838 tem
2290 777 2660 839 defendendi
2690 778 2847 853 illos,
2868 778 3064 857 quiin
3100 796 3173 839 ea
3200 781 3655 857 ραι-161000660-

2134 878 2225 931 tes
2250 878 2416 946 sunt,
2446 878 2508 931 et
2552 872 2845 951 injuriam
2886 889 3141 950 gravem
3196 872 3523 951 patiuntur.
3564 874 3658 935 De·

2133 966 2323 1045 nique
2350 970 2444 1025 est
2472 965 2597 1026 alia
2624 967 3053 1043 congruentia,
3071 966 3394 1027 ostendens
3417 964 3525 1027 hoc
3548 985 3657 1029 esse

2133 1058 2359 1120 rationi
2393 1058 2661 1119 naturali
2700 1064 3203 1134 censentaneum,
3227 1060 3373 1137 quia
3394 1077 3661 1139 unaquae-

2130 1169 2252 1231 que
2302 1150 2645 1230 respublica
2712 1152 2899 1213 habet
2950 1154 3057 1231 jus
3116 1151 3403 1213 mittendi
3456 1151 3661 1231 legatos

2134 1246 2299 1325 pacis
2339 1245 2416 1305 ad
2448 1243 2637 1304 aliam
2659 1245 3130 1323 rempublicam,
3160 1252 3223 1307 et
3256 1253 3663 1323 consequenter

2132 1339 2320 1400 babet
2336 1344 2701 1417 potestatem
2716 1339 3084 1401 defendendi
3106 1338 3245 1399 illos
3249 1385 3269 1415 ,
3292 1346 3355 1399 et
3380 1338 3662 1401 vindican-

2135 1433 2200 1493 di
2226 1432 2545 1512 injuriam,
2586 1432 2638 1492 si
2688 1432 2848 1493 male
2873 1438 3265 1506 tractentur3
3312 1449 3457 1510 ergo
3496 1432 3663 1493 multo

2136 1526 2337 1605 magis
2377 1526 2567 1587 habet
2609 1526 2881 1586 Ecclesia
2922 1526 3041 1586 hoc
3094 1526 3195 1605 jus
3249 1524 3411 1586 circa
3459 1526 3664 1602 legatos

2136 1638 2302 1695 sune,
2339 1620 2450 1698 qui
2492 1626 2635 1679 sunt
2662 1618 2807 1680 fidei
2859 1619 3305 1699 praedicatore5‚
3356 1619 3665 1698 praesertim

2136 1730 2279 1772 cum
2341 1711 2564 1773 babeat
2614 1711 2881 1773 Ecclesia
2942 1717 3310 1791 potestatem
3368 1728 3408 1771 a
3456 1708 3667 1771 Christo

2135 1806 2368 1883 datam,
2403 1806 2708 1867 crescendi
2741 1796 2803 1866 et
2830 1805 3177 1885 occupandi
3214 1810 3415 1865 totum
3456 1804 3663 1877 orbem,

2134 1910 2205 1959 ut
2242 1916 2429 1978 supra
2458 1898 2783 1978 probatum
2822 1904 2932 1959 est.

2214 1996 2273 2055 5.
2322 1994 2608 2056 Potestas
2649 1991 3033 2073 proedz’candi
3056 1994 3234 2072 fidem
3260 1999 3355 2056 est
3388 1992 3455 2053 in
3480 1998 3665 2073 pasto·

2132 2088 2301 2149 ribus
2340 2088 2665 2169 respective
2701 2092 2761 2148 et
2805 2088 2873 2148 dc
2897 2086 3049 2166 jure
3102 2087 3433 2149 ordinario.
3458 2118 3533 2131 —
3560 2086 3663 2147 Sed

2134 2180 2326 2259 quaeri
2375 2186 2573 2258 potest
2617 2180 2819 2259 primo
2870 2178 3034 2258 apud
3078 2197 3263 2257 quem
3298 2179 3377 2239 sit.
3412 2178 3522 2239 hoc
3554 2179 3665 2257 juS,

2135 2292 2241 2333 seu
2283 2280 2554 2353 potestas
2606 2290 2788 2351 quam
2838 2274 2905 2331 in
2944 2271 3211 2333 Ecclesia
3236 2288 3368 2333 eme
3404 2271 3667 2331 diximus.

2138 2366 2284 2439 Quae
2314 2366 2718 2443 interrogatio
2750 2364 2885 2425 lieri
2921 2373 3121 2444 potest
3149 2366 3247 2427 vel
3300 2366 3377 2426 de
3420 2366 3673 2445 proxima

2130 2458 2422 2518 facultate
2460 2458 2877 2519 annuntiandi
2907 2458 3343 2537 Evangelium,
3376 2458 3473 2519 vel
3502 2459 3570 2519 de
3596 2460 3671 2537 ju·

2130 2570 2197 2612 re
2220 2552 2499 2611 mittendi
2519 2552 2962 2631 praedicatores,
2984 2550 3085 2611 vel
3104 2552 3181 2611 de
3203 2552 3349 2630 jure
3370 2551 3671 2613 defenden—

2130 2646 2197 2706 di
2223 2646 2380 2720 illos,
2412 2652 2475 2707 et
2506 2645 2953 2723 impedimenta
2977 2644 3254 2707 tollendi.
3284 2646 3377 2705 Ad
3401 2646 3669 2725 primum,

2135 2739 2466 2799 dicendum
2496 2745 2589 2799 est
2620 2739 2791 2799 illam
2820 2744 3185 2817 potestatem
3216 2739 3529 2799 ordinario
3551 2740 3672 2815 jure

2135 2851 2265 2893 esse
2290 2832 2357 2892 in
2386 2832 2731 2912 pastoribus
2754 2830 3038 2891 Ecclesiae
3068 2832 3431 2911 respective,
3462 2849 3563 2909 per
3580 2830 3675 2889 de-

2135 2926 2509 3003 legationem
2539 2937 2749 2986 autem
2778 2943 2906 2985 esse
2938 2926 3005 2985 in
3036 2924 3132 2986 his
3164 2929 3413 2985 tantum
3454 2924 3558 3002 qui
3596 2921 3675 2982 le-

2136 3021 2353 3097 gitime
2402 3020 2753 3079 mittuntur.
2795 3018 2971 3078 Prior
3014 3036 3156 3097 pars
3200 3016 3528 3079 manifesta
3578 3023 3673 3089 est,

2135 3112 2282 3191 quia
2316 3111 2444 3171 haec
2474 3117 2739 3189 potestas
2769 3111 3035 3171 maxime
3068 3112 3419 3173 necessaria
3449 3116 3537 3171 est
3566 3126 3677 3187 pas-

2137 3204 2373 3265 toribus
2402 3203 2707 3277 Ecclesiae,
2738 3204 2867 3263 imo
2894 3203 3015 3265 illis
3048 3204 3191 3265 solis
3214 3223 3294 3265 ex
3326 3203 3526 3264 officio
3556 3221 3678 3263 con-

2138 3299 2346 3371 venit,
2382 3298 2527 3376 quia
2568 3296 2792 3357 Christi
2834 3314 2979 3357 oves
3017 3298 3333 3376 praecipue
3376 3301 3679 3375 pascuntur

2137 3391 2326 3451 verbo
2356 3390 2499 3451 fidei
2508 3405 2529 3466 3
2556 3390 2674 3451 illis
2693 3396 2903 3449 autem
2932 3390 3240 3451 commisit
3262 3390 3535 3451 Christus
3554 3406 3679 3447 oves

2138 3501 2301 3542 suaS.
2332 3483 2497 3544 Dixit
2530 3490 2739 3543 autem
2772 3483 3118 3561 respective,
3148 3484 3302 3561 quia
3351 3482 3480 3543 haec
3508 3486 3677 3561 potes·

2137 3582 2257 3650 tae,
2290 3582 2359 3635 ut
2386 3593 2677 3654 suprema
2724 3580 2787 3634 et
2828 3574 3193 3635 universalis
3238 3576 3311 3635 in
3359 3582 3553 3637 totum
3590 3592 3678 3633 or-

2144 3668 2319 3742 bem,
2368 3674 2461 3729 est
2508 3670 2574 3729 in
2618 3668 2746 3729 solo
2790 3666 3084 3729 Pontifice
3138 3668 3447 3743 Romano,
3491 3673 3557 3729 ut
3588 3666 3681 3727 be·

2142 3778 2223 3821 ne
2268 3760 2443 3821 docet
2488 3761 2861 3833 Salmeron.,
2906 3765 3077 3821 tomo
3122 3760 3367 3822 decimo
3408 3760 3678 3834 secundo,

2144 3872 2330 3932 super
2374 3854 2530 3914 Acta
2577 3854 3006 3932 Apostolorum
3033 3899 3054 3929 ,
3096 3860 3342 3918 tractat.
3388 3853 3681 3932 trigesimo

2146 3953 2381 4007 octavo,
2420 3948 2487 4007 ln
2533 3948 2843 4026 Episcopis
2888 3966 3032 4008 vero
3082 3948 3396 4026 reperitur
3440 3947 3683 4007 limitata

2146 4039 2224 4099 ad
2272 4040 2757 4118 uniuscujusque
2798 4039 3147 4114 dioecesim,
3190 4046 3253 4101 et
3298 4059 3441 4101 cum
3481 4040 3683 4118 depen-

2146 4132 2355 4193 dentia
2383 4152 2422 4193 a
2455 4132 2781 4205 Pontifice3
2808 4132 2873 4191 in
2916 4132 3197 4212 parochis
3226 4152 3371 4197 vero
3396 4152 3533 4195 cum
3561 4150 3681 4211 pro·

2150 4226 2429 4303 portione
2459 4225 2799 4300 invenitur,
2840 4233 2909 4285 nt
2946 4244 3023 4285 cx
3050 4224 3187 4285 aliis
3224 4226 3375 4287 locis
3401 4242 3677 4305 suppone.

2148 4318 2356 4377 Altera
2396 4336 2541 4379 vero
2584 4336 2723 4397 pars
2764 4317 3061 4396 probatur
3100 4334 3175 4379 ex
3231 4336 3347 4377 usu
3394 4316 3678 4390 Ecclesiae,

2146 4428 2387 4489 semper
2413 4411 2583 4470 enim
2610 4410 3002 4471 observatum
3045 4417 3135 4471 est
3182 4430 3221 4471 a
3263 4411 3581 4490 principie,
3623 4413 3683 4467 ut

2144 4503 2413 4563 ministri
2442 4503 2763 4581 Evangelii
2792 4502 2871 4563 ab
2912 4502 3242 4581 ApostOIiS,
3276 4503 3372 4563 vel
3398 4501 3532 4562 aliis
3564 4518 3683 4580 pas·

2145 4596 2383 4657 toribus
2427 4599 2841 4673 mitterentur,
2872 4599 3053 4677 juxta
3098 4597 3255 4659 illud
3296 4596 3571 4659 secundae
3614 4594 3683 4655 ad

2147 4691 2450 4767 Corinth„
2484 4711 2537 4753 c.
2584 4692 2764 4753 tertio
2824 4713 2839 4751 ι
2886 4692 3179 4755 Misimus
3224 4710 3359 4755 cum
3405 4692 3513 4753 illo
3561 4690 3682 4765 sra-

2148 4788 2294 4847 trem
2320 4790 2617 4859 nostrum,
2653 4791 2798 4859 etc.;
2824 4791 2888 4845 et
2924 4784 3267 4864 expressius
3294 4784 3376 4847 ad
3394 4784 3683 4845 Romanos

2144 4876 2382 4937 decimo
2414 4894 2430 4936 :
2470 4878 2766 4951 Quomodo
2794 4878 3209 4955 praedicabunt
3229 4924 3249 4952 ,
3292 4878 3419 4939 nisi
3451 4875 3682 4941 mittan-

2148 4971 2272 5030 tur.
2308 4970 2537 5031 Deinde
2576 4976 2667 5031 est
2694 4970 2812 5030 hoc
2852 4970 3295 5043 necessarium,
3328 4976 3455 5031 tam
3490 4968 3564 5029 ad
3590 4966 3683 5025 de-

2144 5060 2345 5122 bitum
2402 5062 2685 5123 ordinem
2732 5062 3140 5138 servandum,
3200 5080 3279 5123 ex
3314 5080 3439 5143 quo
3484 5078 3595 5139 pax
3626 5062 3682 5119 et

2146 5154 2563 5233 tranquillitas
2590 5155 2868 5217 Ecclesiae
2898 5156 3147 5235 pendet,
3194 5173 3383 5235 quam
3414 5155 3490 5215 ad
3526 5153 3681 5233 puri-

2147 5252 2337 5309 tatem
2383 5249 2697 5325 doctrinae,
2735 5267 2883 5309 nam
2909 5248 3086 5311 facile
3130 5250 3577 5311 seminarentur
3598 5264 3681 5306 er-

2143 5358 2335 5416 rores„
2380 5343 2432 5402 si
2465 5344 2883 5421 unusquisque
2924 5348 3286 5421 potestatem
3324 5336 3679 5421 praedicandi

2142 5434 2329 5495 fidem
2377 5436 2495 5497 sibi
2550 5442 2925 5513 assumeret3
2980 5444 3072 5498 est
3106 5456 3253 5516 ergo
3300 5436 3419 5497 hoc
3468 5448 3677 5494 munus

2144 5529 2553 5590 exercendum
2611 5547 2687 5590 ex
2734 5530 3167 5591 commissione
3204 5529 3485 5595 Ecclesia.=
3511 5571 3533 5602 ,
3580 5540 3674 5585 seu
