3900 6217
897 361 1066 416 sEcT.
1102 363 1162 412 V.
1199 363 1281 414 ΑΝ
1316 361 1537 415 uel-:AT
1571 367 1934 419 occUL'rAnss
1964 365 2169 428 Finem,
2208 364 2453 419 UTENDO
2487 365 2800 432 VESTlBUS,
2836 375 2969 428 ETC.

313 467 656 548 aliquando
673 467 946 532 vestibus
976 466 1317 529 Sacerdotis
1341 470 1450 526 aut
1475 465 1785 541 Monachi,
1817 469 1880 526 et

311 559 668 622 virhabitu
719 561 1016 633 foeminoe,
1055 565 1128 622 ιιι
1175 574 1398 618 manus
1447 553 1877 618 ministrorum

307 657 568 734 justitias
606 659 851 730 evadat,
900 654 1062 735 quiid
1101 653 1348 714 nullum
1404 659 1726 734 peccatum
1774 669 1876 712 re-

311 755 573 828 putatur
583 767 602 829 3
633 769 784 831 ergo
811 751 1060 826 signum
1103 752 1194 808 est
1243 763 1418 826 posse
1455 746 1534 806 ab
1570 745 1873 824 ejusmodi

309 859 434 902 usu
463 846 734 923 separari
769 840 1194 912 mendacium
1233 857 1384 917 ergo
1412 840 1595 900 etiam
1625 839 1692 899 in
1735 857 1876 899 nos-

309 939 412 996 tro
444 955 586 998 casn
615 937 815 999 fidelis
857 935 950 996 uti
982 933 1209 1012 poterit
1243 933 1462 994 habitu
1489 933 1736 1012 proprio
1773 932 1876 992 in-

307 1027 517 1090 fidelis
541 1033 672 1092 sine
705 1027 1058 1103 mendaci03
1107 1043 1254 1104 ergo
1282 1026 1513 1105 absque
1544 1025 1876 1103 negatione

309 1123 486 1198 fidei,
531 1125 680 1204 quia
736 1121 822 1184 ibi
869 1127 1118 1182 tantum
1169 1120 1504 1182 intervenit
1551 1119 1877 1181 occultatio

310 1215 498 1278 fidei:
528 1217 661 1278 haee
701 1221 912 1277 autem
945 1231 1073 1274 non
1103 1219 1196 1274 est
1225 1230 1338 1293 per
1367 1231 1432 1274 se
1457 1213 1648 1287 mala,
1673 1229 1880 1290 neque

309 1308 382 1368 in
409 1309 520 1368 tali
569 1327 712 1370 casu
748 1307 936 1368 habet
965 1306 1337 1385 peculiarem
1367 1303 1696 1379 malitiam,
1728 1305 1876 1384 quia

311 1407 468 1462 tunc
495 1421 622 1463 non
641 1403 876 1478 obligat
903 1407 1283 1479 praeeeptum
1313 1399 1647 1460 confitendi
1661 1397 1874 1474 fidem,

309 1501 388 1555 ιιι
437 1496 504 1556 in
564 1495 872 1576 prinsipio
920 1493 1396 1573 supposuimus;
1429 1509 1580 1570 ergo
1617 1509 1740 1552 non
1789 1498 1881 1552 est

315 1607 431 1648 cur
465 1589 568 1650 ille
596 1605 744 1650 usus
787 1605 1032 1667 semper
1057 1587 1412 1648 damnetur.
1454 1585 1633 1647 Ratio
1671 1603 1818 1646 vero
1843 1603 1881 1645 a

311 1679 506 1759 priori
563 1687 680 1757 est,
721 1684 870 1760 quia
918 1679 1277 1759 hujusmodi
1321 1683 1520 1738 vestes
1563 1695 1692 1738 non
1737 1683 1882 1738 sunt

307 1773 620 1852 impositae
653 1773 730 1834 ad
759 1773 1262 1853 significandum,
1295 1777 1364 1832 ut·
1395 1771 1696 1846 diximus;
1731 1787 1882 1847 ergo

317 1867 429 1944 qni
478 1867 600 1926 illis
637 1868 857 1942 utitur,
907 1885 983 1928 ex
1012 1866 1072 1926 vi
1109 1865 1356 1926 illarum
1387 1863 1546 1924 nihil
1575 1863 1884 1942 significat

317 1957 420 2019 vel
450 1959 721 2022 affirmat
737 1977 1022 2039 expresse
1055 1965 1166 2020 aut
1191 1959 1400 2032 tacite,
1423 1957 1528 2018 sed
1553 1957 1662 2017 illa
1687 1957 1882 2035 sigui-

317 2052 532 2114 ficatio
559 2054 735 2132 quasi
768 2073 877 2133 per
903 2053 1188 2116 accidens
1225 2053 1504 2131 sequitur
1543 2069 1618 2110 ex
1651 2051 1882 2111 discur-

315 2167 388 2208 su
419 2147 766 2209 videntium
785 2163 807 2226 3
847 2148 990 2228 quia
1027 2165 1102 2208 ex
1135 2158 1233 2220 eo,
1267 2145 1432 2224 quod
1465 2145 1884 2204 communiter

319 2241 566 2316 accidit,
597 2242 876 2302 inferunt
910 2259 1079 2317 eum,
1119 2241 1229 2319 qui
1275 2241 1350 2300 iis
1378 2239 1650 2299 vestibus
1678 2237 1885 2297 indui·-

313 2341 441 2410 tnr,
481 2334 794 2394 infidelem
851 2351 1018 2410 esse3
1048 2351 1194 2412 ergo
1225 2335 1302 2395 ab
1332 2351 1448 2392 usu
1479 2331 1696 2392 talium
1751 2347 1884 2392 ves-

315 2429 475 2488 tium
505 2427 868 2507 separabilis
905 2435 996 2488 est
1045 2429 1248 2488 omnis
1301 2427 1453 2487 falsa
1486 2424 1877 2503 significatio,

311 2527 618 2599 qnantum
653 2525 744 2581 est
769 2539 846 2581 ex
876 2527 1048 2599 parte
1081 2521 1310 2582 utentis
1326 2537 1347 2599 ;
1383 2537 1534 2598 ergo
1556 2524 1759 2599 potest
1789 2523 1882 2578 ta-

315 2613 394 2673 lis
419 2633 568 2672 usus
593 2631 728 2674 esse
753 2613 978 2675 licitus

389 2709 453 2767 5.
486 2706 866 2786 Adprz'mam
889 2708 1188 2769 rationem
1213 2703 1528 2768 dubitandi
1539 2707 1608 2768 in
1625 2723 1790 2767 num.
1811 2709 1871 2768 3.

309 2835 392 2848 -
432 2802 538 2864 Ad
570 2803 913 2864 secundam.
944 2833 1030 2848 —·
1067 2799 1170 2864 Ad
1203 2803 1470 2864 tertiam.
1503 2833 1585 2848 —
1625 2801 1714 2860 Ex
1755 2819 1880 2880 quo

305 2895 506 2955 facilis
567 2899 664 2954 est
711 2894 1030 2972 responsio
1087 2893 1165 2954 ad
1206 2894 1476 2954 rationes
1527 2891 1878 2970 dubitandi3

305 3003 610 3066 negamus
637 2986 806 3046 enim
835 2987 908 3046 ad
959 2987 1251 3065 primam,
1287 2987 1352 3045 in
1401 2986 1508 3046 illo
1541 2987 1704 3047 sacto
1749 3003 1882 3048 esse

303 3080 749 3160 professionem
773 3079 942 3141 falsae
968 3078 1138 3155 fidei,
1169 3080 1318 3158 quia
1349 3079 1652 3156 ejusmodi
1682 3085 1881 3140 vestes

305 3193 434 3235 non
491 3181 642 3235 sunt
701 3175 1002 3236 institutae
1051 3175 1131 3234 ad
1177 3174 1587 3253 profitendam
1638 3173 1825 3235 fidem
1854 3219 1875 3250 ,

305 3285 510 3346 neque
535 3267 656 3327 hoc
688 3267 958 3328 intendit
994 3269 1102 3345 qui
1129 3267 1250 3327 illis
1289 3267 1504 3340 utitur3
1537 3268 1700 3346 quod
1732 3285 1878 3328 vero

308 3363 416 3422 alii
481 3363 632 3423 inde
693 3362 1051 3441 concipiant
1131 3361 1319 3436 talem
1379 3361 1698 3423 hominem
1749 3381 1882 3425 esse

309 3454 647 3531 infidelem,
706 3455 1190 3515 accidentarium
1249 3453 1359 3528 est,
1405 3461 1468 3514 et
1515 3460 1740 3532 praeter
1783 3455 1880 3516 in-

309 3549 654 3609 tentionem
731 3547 1003 3608 hominis
1072 3547 1293 3608 fidelis.
1345 3549 1419 3606 Et
1471 3545 1758 3607 similiter
1802 3547 1882 3608 ad

311 3641 669 3718 secundam,
697 3647 964 3718 negatur
999 3639 1086 3701 ibi
1119 3659 1250 3701 esse
1283 3640 1699 3714 mendacium,
1731 3642 1881 3719 quia

313 3735 452 3796 lieet
491 3735 564 3795 in
596 3751 717 3794 usn
756 3734 1107 3814 aliquorum
1159 3735 1478 3810 signorum
1511 3733 1702 3812 possit
1750 3751 1882 3794 esse

312 3829 732 3901 mendacium,
758 3828 997 3888 etiamsi
1027 3825 1130 3887 illa
1164 3827 1342 3905 signa
1369 3844 1494 3887 non
1524 3825 1648 3886 sint
1669 3827 1880 3902 verba,

312 3921 410 3982 sed
463 3939 588 3994 res,
639 3937 767 3982 non
809 3927 1020 3981 tamen
1058 3920 1118 3980 id
1151 3919 1375 3980 accidit
1403 3937 1666 3998 semper,
1697 3921 1748 3980 si
1786 3939 1883 3981 res

309 4033 428 4074 nou
447 4014 578 4074 sint
603 4015 912 4092 impositae
953 4013 1031 4073 ad
1067 4012 1568 4090 significandum,
1617 4017 1679 4073 et
1723 4012 1882 4073 absit

309 4107 566 4168 intentio
623 4105 1016 4183 significandi
1071 4105 1321 4181 falsum,
1364 4112 1438 4166 ut
1479 4104 1549 4166 in
1595 4106 1884 4186 praesenti

307 4201 634 4278 contingit.
667 4201 922 4278 Propter
948 4199 1254 4259 rationem
1291 4216 1439 4260 vero
1471 4200 1740 4273 tertiam,
1777 4199 1883 4259 ad-

309 4293 512 4354 dimus
533 4292 940 4353 necessariam
961 4309 1094 4352 esse
1113 4293 1347 4370 justam
1381 4309 1631 4351 causam
1661 4297 1732 4351 ut
1763 4291 1880 4353 hoc

309 4387 648 4465 prudentor
683 4391 748 4444 et
773 4385 942 4445 licito
979 4384 1110 4445 fiat.
1165 4385 1252 4444 Ita
1295 4389 1552 4443 monent
1601 4401 1881 4444 commu·

305 4479 464 4539 niter
476 4480 788 4552 Doctores,
811 4484 874 4538 et
902 4478 1209 4538 rationem
1229 4477 1531 4551 reddunt,
1547 4477 1716 4554 quia,
1732 4476 1878 4538 licet

305 4571 462 4632 actio
501 4571 638 4632 haec
683 4589 812 4632 non
847 4570 928 4630 sit
956 4589 1068 4649 per
1105 4589 1169 4631 se
1208 4569 1394 4643 mala,
1447 4569 1634 4628 habet
1661 4575 1876 4631 tamen

311 4665 638 4742 quamdam
673 4663 943 4743 speciem
969 4663 1142 4737 mali,
1179 4671 1240 4723 et
1269 4662 1408 4722 ideo
1431 4661 1875 4724 abstinendum

307 4755 384 4815 ab
403 4756 516 4816 illa
553 4761 668 4828 est,
721 4756 840 4815 nisi
892 4756 1221 4816 necessitas
1267 4760 1468 4828 cogat,
1514 4755 1694 4832 juxta
1722 4753 1876 4814 illud

306 4847 474 4908 Pauli
507 4845 640 4911 :Ab
665 4849 830 4910 omni
856 4847 1048 4928 specie
1070 4847 1220 4910 mali
1249 4847 1540 4910 abstinete
1557 4863 1681 4908 vos.
1719 4847 1877 4907 Item

307 4947 396 5000 ost
425 4942 668 5021 optima
697 4941 880 5017 ratio,
928 4941 1076 5020 quia
1123 4942 1281 5000 sicut
1316 4956 1442 5000 non
1491 4937 1636 4998 licet
1676 4939 1879 5000 inten-

307 5034 450 5094 dere
467 5017 902 5113 deceptionem
931 5032 1223 5113 proximi,
1249 5033 1338 5092 ita
1365 5031 1552 5092 etiam
1579 5049 1705 5092 non
1739 5031 1881 5092 licet

306 5127 492 5205 gratis
536 5134 602 5188 et
637 5129 770 5189 sine
809 5145 994 5188 causa
1033 5127 1098 5187 id
1128 5125 1355 5199 facere,
1405 5143 1484 5186 ex
1512 5142 1638 5204 quo
1679 5141 1880 5186 mora-

303 5219 442 5280 liter
475 5221 758 5300 seqnitur
790 5221 1056 5281 aliorum
1105 5220 1406 5298 deceptio,
1437 5217 1607 5292 Quod
1638 5235 1780 5278 cium
1810 5219 1876 5277 in

303 5314 470 5373 omni
499 5316 764 5374 materia
793 5331 1012 5375 verum
1049 5314 1150 5386 sit,
1169 5314 1438 5373 maxime
1467 5312 1528 5371 in
1559 5311 1877 5391 praisenti,

305 5405 377 5466 de
403 5423 527 5485 qua
554 5406 880 5477 hactenus;
918 5409 1186 5486 pertinet
1226 5407 1398 5467 enim
1449 5405 1526 5465 ad
1569 5404 1714 5464 fidei
1764 5405 1878 5464 ho-

309 5515 516 5561 norem
541 5545 562 5576 ,
605 5503 680 5561 ut
725 5499 924 5562 fidelis
969 5517 1098 5561 non
1145 5497 1324 5560 facile
1362 5503 1426 5560 et
1491 5497 1626 5558 sine
1692 5513 1878 5558 causa

3405 375 3524 438 393

1960 462 2049 523 ita
2098 481 2165 524 se
2189 471 2386 541 gerat,
2418 472 2490 525 ut
2514 469 2702 546 possit
2732 470 3000 535 infidelis
3026 477 3317 556 reputari.
3352 479 3526 540 Unde

1958 555 2031 616 fit
2060 563 2131 617 ut
2156 557 2255 617 hic
2286 575 2437 620 usus
2474 579 2599 622 non
2632 565 2817 641 possit
2868 583 2997 629 esse
3046 569 3359 650 frequens,
3418 574 3525 634 sed

1958 665 2137 709 rarus
2162 695 2183 726 ,
2229 652 2375 730 quia
2417 654 2722 731 ejusmodi
2769 661 3096 723 necessitas
3148 663 3245 724 vel
3286 666 3525 726 occasio

1956 759 2100 804 raro
2132 745 2419 819 occurrit,
2466 752 2530 807 et
2574 748 2659 809 ita
2692 749 2938 813 videtur
2984 757 3159 834 quasi
3207 759 3526 819 communi

1956 853 2071 896 usu
2098 836 2393 897 Gentium
2422 847 2767 918 receptum,
2800 849 2872 904 ut
2912 845 2977 905 in
3022 849 3327 911 similibus
3354 869 3527 912 occa-

1956 929 2233 991 sionibus
2298 932 2388 992 uti
2460 931 2644 994 liceat
2703 936 3007 1016 ejusmodi
3052 943 3357 1004 industria
3388 990 3406 1020 ,
3460 951 3523 1005 et

1958 1024 2136 1102 quasi
2174 1029 2633 1105 stratagemate,
2666 1045 2794 1090 non
2824 1047 2967 1094 vero
3010 1037 3257 1115 passim,
3307 1045 3369 1100 et
3390 1039 3525 1100 sine

1960 1133 2165 1178 causa.

2038 1209 2099 1270 6.
2150 1209 2495 1274 Secundum
2532 1215 3100 1285 dubium—Prima
3122 1226 3524 1289 sententia.—

1959 1303 2242 1366 Secunda
2282 1309 2344 1364 et
2389 1306 2591 1384 major
2631 1307 2939 1372 dubitatio
2986 1322 3078 1374 est
3125 1316 3203 1376 de
3252 1319 3525 1380 vestibus

1958 1396 2305 1476 specialiter
2330 1398 2634 1478 impositis
2662 1403 2739 1464 ad
2782 1404 3215 1483 significandos
3240 1407 3525 1472 homines

1960 1489 2261 1567 infideleS,
2288 1510 2514 1572 eosque
2540 1513 2578 1556 a
2602 1495 2886 1558 fidelibus
2912 1499 3411 1581 distinguendos,
3440 1523 3524 1566 an

1960 1601 2204 1662 semper
2233 1584 2314 1645 sit
2338 1586 2571 1647 malum
2610 1589 2730 1649 illis
2758 1593 2851 1651 uti
2878 1599 3130 1672 propter
3164 1614 3525 1674 quamcum-

1961 1695 2083 1756 que
2109 1681 2561 1742 necessitatem.
2589 1682 2769 1744 Multi
2788 1685 2957 1748 enim
2979 1694 3257 1751 auctores
3273 1692 3361 1752 ita
3384 1710 3526 1753 cen-

1962 1775 2120 1846 sent,
2170 1777 2235 1833 et
2284 1773 2586 1834 damnant
2626 1775 2983 1854 hujusmodi
3034 1799 3241 1843 usum.
3284 1783 3527 1862 Cajeta-

1962 1881 2079 1924 nus
2107 1869 2165 1926 2.
2202 1868 2263 1939 2,
2308 1873 2527 1946 quaest.
2562 1871 2625 1943 3,
2656 1875 2775 1932 art.
2820 1873 2894 1949 23
2933 1875 3002 1934 D.
3056 1875 3403 1940 Antoninus
3422 1923 3443 1954 ,
3484 1881 3522 1941 2

1964 1961 2152 2037 part„
2176 1959 2270 2020 tit.
2310 1960 2405 2036 12,
2434 1963 2632 2041 capite
2652 1964 2729 2040 63
2758 1965 3093 2046 Sylvester,
3114 1970 3299 2031 verbo
3313 1971 3521 2048 Fides,

1965 2058 2185 2129 quaest.
2223 2053 2283 2126 5,
2316 2073 2492 2114 num.
2532 2057 2593 2132 8,
2634 2060 2805 2120 verb.
2844 2059 3197 2141 Apostasia,
3230 2066 3526 2142 quaestio-

1964 2161 2044 2204 ne
2078 2147 2134 2219 1,
2188 2152 2251 2205 et
2294 2147 2483 2208 verbo
2512 2149 2881 2230 Infidelitas,
2926 2163 3143 2232 quaest.
3186 2157 3431 2234 ultima,
3463 2165 3526 2220 et

1962 2237 2030 2296 in
2066 2237 2281 2299 iisdem
2312 2240 2517 2302 verbis
2559 2243 2867 2322 Angelus,
2912 2248 3185 2310 Tabiena
3208 2299 3221 2318 ‚
3273 2251 3524 2328 Armil.,

1965 2335 2151 2408 atque
2180 2331 2367 2392 etiam
2398 2335 2725 2413 caietanus
2762 2339 2829 2399 in
2862 2341 3139 2414 Summa,
3176 2344 3365 2404 verbo
3388 2345 3527 2407 Ha-

1964 2423 2161 2496 bitus,·
2193 2431 2256 2484 et
2296 2427 2546 2504 Navar,
2580 2446 2713 2508 cap.
2768 2435 2869 2506 ss,
2906 2451 3079 2494 num.
3114 2436 3232 2510 273
3268 2436 3529 2496 Philiar-

1964 2514 2140 2588 chus,
2168 2517 2245 2578 de
2273 2519 2486 2582 Officio
2530 2523 2893 2601 SacerdotiS,
2930 2533 3102 2588 tomo
3150 2531 3208 2605 1,
3248 2536 3419 2608 parte
3458 2534 3519 2606 2,

1964 2604 2071 2669 lib.
2106 2611 2167 2684 3,
2204 2627 2337 2690 cap.
2370 2615 2411 2674 9
2431 2635 2449 2689 3
2492 2621 2555 2674 et
2581 2617 2852 2694 ToletuS,
2886 2619 2994 2681 lib.
3031 2623 3072 2682 4
3100 2623 3395 2698 Summas,
3425 2644 3525 2685 ca·

1960 2701 2087 2780 pite
2116 2707 2178 2776 2,
2222 2721 2396 2767 num.
2454 2711 2513 2782 7,
2552 2709 2659 2786 qui
2709 2712 2940 2773 tutetur
2967 2713 3188 2775 duram
3230 2733 3357 2778 esse
3386 2733 3527 2777 sen·

1960 2795 2245 2870 tentiam,
2264 2815 2391 2858 non
2420 2805 2630 2861 tamen
2655 2809 2749 2863 est
2766 2821 2953 2866 ausus
2983 2825 3120 2868 eam
3150 2809 3520 2890 relinquere,

1964 2887 2112 2964 quia
2137 2889 2437 2966 judicavit
2472 2909 2613 2952 eam
2650 2913 2778 2956 esse
2826 2915 3245 2962 communem.
3281 2902 3525 2964 Fu'nda-

1969 2986 2249 3042 mentum
2294 2981 2482 3062 hujus
2527 2990 2849 3049 sententiae
2895 2997 3019 3067 est,
3074 2995 3221 3072 quia
3263 2995 3524 3072 gestatio

1962 3089 2067 3131 seu
2124 3091 2270 3133 usus
2316 3076 2535 3138 talium
2598 3083 2862 3141 vestium
2920 3091 3009 3144 est
3050 3087 3331 3166 quasdam
3378 3087 3525 3148 fidei

1963 3163 2313 3242 abnegatio.
2343 3169 2670 3246 Probatur,
2715 3174 2860 3252 quia
2900 3177 3004 3240 ille
3051 3179 3241 3240 homo
3269 3181 3527 3242 assumit

1960 3259 2282 3336 proprium
2312 3261 2561 3339 signum
2606 3265 3019 3345 infidelitatis3
3056 3289 3203 3350 ergo
3232 3290 3341 3350 per
3368 3272 3523 3333 illud

1964 3351 2233 3412 affirmat
2262 3371 2327 3416 se
2354 3373 2485 3416 esse
2502 3359 2791 3433 Turcam,
2824 3361 3131 3436 Judaeum,
3156 3364 3256 3424 vel
3287 3364 3523 3444 aliquid

1962 3444 2165 3505 simile
2212 3463 2227 3505 ε
2278 3447 2385 3508 sed
2429 3449 2761 3512 affirmatio
2813 3455 3207 3532 professionis
3251 3455 3524 3518 infidelis

1964 3539 2243 3600 continet
2271 3543 2665 3618 negationem
2690 3546 2861 3621 fidei,
2892 3556 2963 3608 ut
2998 3567 3184 3629 supra
3212 3551 3483 3612 diximus
3499 3567 3522 3629 ζ,

1965 3647 2135 3707 ergo,
2170 3632 2247 3691 Et
2267 3633 2692 3713 confirmatur,
2721 3658 2867 3701 nam
2897 3642 3019 3702 tale
3054 3643 3303 3721 signum
3327 3644 3525 3722 aequi-

1964 3731 2223 3802 paratur
2250 3727 2458 3800 verbo,
2490 3729 2639 3808 quia
2678 3739 2769 3793 est
2812 3734 3171 3814 impositum
3216 3735 3292 3796 ad
3330 3736 3526 3814 sigui-

1966 3819 2277 3878 ficandum
2301 3819 2497 3882 instar
2522 3823 2731 3899 verbi;
2756 3825 2861 3885 sed
2878 3827 3067 3887 verbo
3087 3827 3150 3887 id
3174 3827 3526 3906 significare

1967 3917 2125 3971 esset
2162 3927 2391 3990 negare
2420 3913 2644 3993 fidem3
2670 3935 2821 3996 ergo
2852 3919 3108 3997 perinde
3154 3926 3246 3980 est
3274 3939 3385 3998 per
3410 3920 3527 3980 hu-

1956 4003 2229 4081 jusmodi
2274 4005 2525 4084 signum
2564 4008 2721 4069 illud
2768 4011 3060 4073 indicare.
3114 4013 3529 4074 confirmatur

1964 4098 2260 4173 secundo,
2288 4101 2435 4178 quia
2455 4101 2606 4162 alias
2636 4102 2687 4162 si
2710 4103 2877 4165 inter
2898 4105 3167 4166 Gentiles
3190 4113 3350 4167 esset
3378 4125 3527 4166 usus

1966 4191 2255 4263 vestium,
2292 4192 2357 4251 in
2386 4192 2610 4270 quibus
2654 4201 2811 4256 esset
2848 4197 3158 4274 depictum
3182 4197 3411 4259 idolum
3446 4199 3525 4259 ad

1966 4284 2434 4346 discernendam
2480 4287 2669 4348 talem
2692 4289 2949 4350 Gentem
2980 4290 3060 4350 ab
3101 4291 3255 4366 aliis,
3284 4291 3525 4353 licitum

1963 4385 2119 4438 esset
2138 4380 2271 4440 viro
2300 4380 2472 4442 fideli
2494 4381 2619 4443 illic
2646 4385 3069 4463 peregrinanti
3096 4386 3188 4445 uti
3207 4385 3315 4446 tali
3332 4392 3523 4462 veste,

1958 4473 2124 4551 quod
2156 4473 2401 4534 videtur
2428 4475 2607 4536 valde
2629 4476 2987 4540 absurdum.

2038 4569 2098 4625 7.
2176 4565 2457 4630 Semuncla
2510 4574 2569 4632 et
2618 4587 2761 4632 vera
2816 4573 3113 4634 sentencia
3162 4599 3185 4633 .·
3259 4573 3526 4640 Vestibus

1956 4660 2139 4722 etiam
2164 4659 2577 4740 infidelitatem
2604 4663 3096 4744 &quista-antibus
3122 4683 3439 4744 possumus
3454 4685 3529 4729 0oe

1958 4752 2138 4833 gravi
2164 4752 2519 4816 necessitato
2546 4755 2645 4816 uti
2680 4755 2763 4817 ad
2790 4757 3205 4822 occultandam
3228 4761 3429 4838 fidem.
3448 4794 3529 4805 --

1964 4843 2379 4904 Nihilominus
2402 4846 2776 4908 contrariam
2806 4851 3202 4926 sententiam,
3244 4852 3533 4913 videlicet

1962 4953 2035 4996 ex
2074 4937 2249 5014 gravi
2280 4955 2463 4998 causa
2490 4937 2729 4999 licitum
2759 4959 2888 5002 esse
2912 4942 3078 5004 bona
3100 4943 3221 5007 fide
3244 4952 3305 5007 et
3328 4945 3533 5006 inten-

1960 5030 2129 5090 tione
2154 5029 2253 5090 his
2290 5029 2561 5092 vestibus
2604 5032 2696 5091 uti
2729 5032 2809 5093 ad
2842 5051 2907 5095 se
2932 5037 3390 5112 occultandum,
3418 5039 3531 5098 do-

1960 5127 2222 5182 cuerunt
2247 5123 2423 5183 multi
2451 5141 2668 5202 graves
2692 5132 2973 5188 auctores
3016 5129 3296 5191 moderni
3344 5148 3531 5210 super

1960 5214 2195 5274 dictum
2238 5215 2574 5277 articulum
2610 5221 2649 5278 2
2688 5219 2756 5278 D.
2789 5219 3065 5293 Thomae,
3089 5223 3429 5300 quaestioue
3450 5226 3530 5302 33

1957 5307 2301 5385 praesertim
2334 5309 2572 5370 Banhes
2596 5316 2658 5371 et
2692 5315 2959 5390 Aragou.
3002 5315 3076 5374 Et
3102 5314 3270 5375 idem
3316 5321 3529 5394 aperte

1956 5401 2237 5479 sequitur
2249 5401 2581 5479 Gregorius
2600 5403 2676 5464 de
2697 5405 3003 5482 Valentia,
3032 5407 3250 5468 eadem
3276 5414 3523 5488 quaest„

1960 5499 2189 5575 puncto
2235 5497 2324 5571 ι,
2360 5494 2399 5574 ᾗ
2437 5495 2534 5561 Et
2587 5497 2737 5575 1¹:003
2780 5501 2952 5561 tenet
3000 5499 3187 5562 etiam
3228 5501 3525 5579 Sanchez,
