3900 6217
522 381 544 438 l
559 377 639 440 94

519 486 849 562 sufficiens„
888 485 1035 548 licet
1067 503 1338 566 congrua
1364 503 1491 546 non
1519 484 1621 560 sit,
1648 489 1718 543 ut
1744 489 1955 562 aperte
1983 501 2081 542 su-

520 579 715 640 mitur
762 598 848 640 ·ex
910 577 1275 640 Tridentino
1340 578 1477 639 loco
1528 577 1738 638 statim
1798 575 2082 652 citando;

516 690 685 752 ergo,
721 679 947 752 praeter
974 673 1452 752 congruitatem,
1485 669 1746 750 supponi
1772 669 1956 730 debet
1975 687 2086 729 au-

518 767 741 826 xilium
778 767 1097 827 internum
1143 762 1609 844 supernaturale
1624 785 1643 838 3
1696 761 1827 822 sola
1872 768 2082 823 autem

498 861 836 937 ·cogitati0,
880 878 1019 938 quoe
1064 857 1319 920 resultat
1360 876 1439 918 ex
1492 855 1931 936 praedicatione
1979 874 2084 916 ex-

524 959 723 1027 terna,
777 951 920 1013 licet
972 969 1099 1012 non
1150 950 1261 1012 fiat
1305 951 1439 1012 sine
1492 951 1740 1010 interno
1782 966 2086 1009 concursu

526 1045 657 1120 Dei,
690 1044 991 1105 naturalis
1019 1050 1113 1105 est
1126 1061 1147 1122 3
1178 1045 1326 1124 quia
1354 1043 1457 1106 ille
1480 1059 1813 1104 concursus
1836 1047 2084 1102 tantum

520 1144 614 1199 est
652 1137 979 1216 generalis,
1007 1144 1068 1199 et
1113 1138 1349 1198 ordinis
1387 1135 1710 1212 naturaliS‚
1742 1155 1813 1197 ac
1842 1135 2084 1200 debitus

521 1247 599 1292 ex
624 1231 687 1290 vi
715 1231 1148 1311 propositionis
1172 1231 1315 1291 talis
1340 1230 1558 1310 objecti
1578 1246 1599 1308 3
1645 1247 1794 1308 ergo
1822 1228 1964 1289 talis
1986 1245 2086 1288 co·

522 1323 741 1402 gitatio
769 1323 899 1385 sola
922 1342 1049 1384 non
1078 1329 1279 1402 potest
1304 1323 1423 1384 dici
1458 1323 1657 1400 gratia
1679 1324 1949 1398 interna,
1979 1339 2088 1382 ne-

520 1434 641 1496 que
678 1417 987 1478 sufficiens
1014 1418 1089 1478 ad
1121 1416 1657 1496 supernaturalem
1701 1415 2086 1476 voluntatem

520 1509 833 1585 credendi,
858 1511 1033 1589 cujus
1061 1511 1250 1571 etiam
1280 1509 1528 1589 signum
1558 1514 1671 1578 est,
1698 1508 1846 1588 quia
1868 1507 1933 1567 in
1965 1507 2090 1567 hae-

522 1605 737 1678 retico,
768 1603 928 1664 circa
960 1621 1034 1664 ea
1077 1620 1217 1682 quae
1265 1603 1480 1678 credit,
1514 1602 1830 1662 invenitur
1868 1598 2090 1660 similis

522 1696 837 1775 cogitati0,
866 1695 1252 1774 etjudicium
1282 1702 1492 1756 ortum
1536 1713 1613 1756 ex
1656 1693 1765 1754 tali
1815 1693 2090 1774 proposi-

526 1790 693 1850 tione
722 1787 965 1868 ohjecti,
994 1795 1055 1850 et
1081 1789 1156 1850 de
1184 1789 1345 1850 facto
1374 1805 1746 1866 congruum,
1776 1793 1848 1848 ut
1870 1803 2090 1868 sequa-

522 1890 626 1944 tur
652 1882 936 1944 voluntas
969 1881 1260 1944 credendi
1297 1881 1446 1943 talia
1478 1883 1716 1960 objecta
1733 1897 1754 1959 3
1785 1886 1848 1942 et
1866 1880 2090 1942 nihilo—

524 1978 731 2038 minus
772 1981 969 2036 totum
1010 1974 1161 2036 illud
1190 1979 1258 2036 in
1286 1976 1573 2036 haeretico
1608 1981 1697 2036 est
1729 1991 1881 2054 opus
1905 1979 2091 2034 natu-

523 2087 635 2144 rae,
659 2085 786 2128 non
811 2069 1050 2146 gratias,
1077 2068 1361 2147 quamvis
1377 2073 1684 2148 supponat
1712 2067 2092 2146 praedicatio·

496 2179 669 2224 nem
693 2167 1010 2222 externam
1039 2163 1107 2222 in
1134 2181 1247 2224 suu
1276 2179 1502 2241 genere
1529 2160 2086 2242 supernaturalem3

524 2273 670 2334 ergo
693 2254 771 2316 ad
796 2254 1129 2316 volendum
1156 2255 1404 2316 credere
1432 2255 1591 2316 sicut
1622 2259 1885 2334 oportet,
1906 2254 2090 2316 altior

500 2348 817 2426 cogitatio
842 2349 1188 2408 necessaria
1220 2354 1312 2410 est
1340 2365 1527 2429 quam
1560 2347 1748 2426 possit
1773 2345 1908 2407 fieri
1944 2346 2090 2408 solis

524 2447 765 2504 naturai
794 2439 1053 2517 viribus,
1080 2441 1269 2502 etiam
1296 2439 1621 2502 sufficienti
1650 2439 2090 2518 praedicatione

524 2535 859 2616 supposita.

606 2631 665 2689 6.
717 2625 1032 2690 Secundus
1058 2625 1292 2690 dicendi
1318 2626 1529 2690 modus
1572 2625 1919 2690 contrarius
1956 2626 2090 2708 pri-

528 2739 641 2784 mo.
668 2751 753 2766 —
786 2719 869 2784 Ut
910 2721 1159 2802 quidam
1198 2721 1437 2782 modwm
1479 2721 1635 2784 hunc
1666 2719 1980 2800 explicent,
2031 2723 2090 2782 et

526 2816 838 2880 suadeant.
856 2845 938 2861 -
952 2816 1059 2876 Est
1079 2831 1228 2894 ergo
1255 2815 1559 2885 secundus
1577 2815 1794 2875 modus
1815 2819 2089 2875 extreme

526 2908 888 2983 contrarius,
920 2907 1149 2983 dicens,
1181 2913 1326 2970 ante
1363 2907 1747 2968 voluntatem
1768 2906 2086 2982 credendi,

528 3002 940 3064 necessarium
1016 3019 1145 3062 esse
1228 3001 1532 3079 judicium
1619 3000 2086 3080 supernaturale

526 3094 730 3172 quoad
753 3094 1158 3154 substantiam
1196 3094 1273 3154 de
1306 3092 1718 3156 credibilitate
1762 3093 1985 3172 obJecti
2015 3093 2088 3153 fl-

529 3187 652 3262 dei,
685 3195 748 3247 et
787 3190 1237 3265 consequenter
1280 3185 1447 3264 quod
1475 3186 1804 3247 honestum
1842 3186 1921 3245 sit
1959 3203 2088 3246 cre-

530 3281 713 3354 dere;
768 3297 907 3359 quae
964 3279 1292 3355 sententia,
1345 3279 1687 3356 generatim
1750 3278 2084 3358 loquendo,

528 3373 828 3440 fundatur
870 3375 938 3434 in
994 3371 1376 3452 argumentis
1404 3371 1671 3432 secundo
1706 3371 1842 3433 loco
1867 3390 2090 3452 propo-

530 3469 665 3528 sitis
694 3485 710 3541 ;
756 3468 905 3548 quia
931 3485 1079 3528 vero
1116 3468 1328 3528 statim
1357 3467 1619 3528 occurrit
1645 3467 2088 3548 inquirendum

530 3562 706 3640 cujus
744 3561 990 3622 virtutis
1018 3567 1126 3620 aut
1154 3558 1302 3620 doni
1344 3560 1425 3620 sit
1458 3560 1615 3620 illud
1652 3560 1990 3639 judicium.
2019 3559 2088 3620 in

530 3653 647 3714 hoc
685 3651 1047 3733 explicando
1086 3651 1245 3712 varii
1295 3658 1442 3713 sunt
1474 3653 1664 3713 modi.
1701 3651 1965 3727 Quidam
1994 3651 2088 3714 di-

530 3751 681 3808 cunt
700 3745 877 3806 illum
899 3763 1027 3806 esse
1054 3762 1271 3806 verum
1300 3763 1620 3806 assensum
1656 3743 1803 3807 fidei
1830 3745 2049 3806 infusae
2063 3759 2084 3823 3

531 3857 703 3916 nam,
740 3845 809 3900 ut
830 3857 1017 3919 supra
1045 3839 1197 3913 dixi,
1226 3837 1386 3918 disp.
1430 3840 1491 3913 4,
1522 3837 1747 3919 duplex
1776 3845 1869 3900 est
1894 3837 2089 3900 credi-

532 3933 739 3996 bilitas
766 3933 830 3994 in
860 3933 1099 4011 objecto
1136 3931 1317 3993 fidei:
1368 3951 1513 4008 una,
1546 3950 1682 4013 quae
1728 3933 1987 3994 resultat
2011 3950 2090 3994 ex

532 4025 779 4088 motivis
822 4025 1133 4098 humanis,
1164 4030 1228 4085 et
1253 4024 1571 4086 evidenter
1610 4025 1902 4105 cognitis3
1940 4026 2089 4104 alia,

534 4136 673 4200 quae
701 4115 955 4180 resultat
974 4135 1051 4179 ex
1073 4117 1436 4179 auctoritate
1460 4116 1706 4193 divina5
1733 4118 1893 4198 quod
1920 4121 2090 4181 enim

534 4213 692 4274 Deus
745 4209 1145 4285 testificatur,
1191 4209 1484 4272 credibile
1532 4216 1645 4285 est,
1690 4212 1962 4273 maxime
2012 4231 2091 4275 ex

538 4302 905 4368 auctoritate
943 4301 1134 4383 ipsius
1172 4303 1303 4364 Dei.
1354 4301 1552 4378 Unde,
1614 4303 1863 4383 quando
1901 4306 2092 4384 priori

534 4398 720 4459 modo
749 4415 847 4458 res
866 4395 1007 4457 fidei
1037 4395 1397 4475 judicantur
1418 4394 1763 4472 credibiles,
1787 4395 2094 4475 judicium

538 4498 632 4552 est
671 4488 977 4564 naturale,
1004 4488 1153 4568 quia
1190 4495 1252 4549 et
1272 4489 1573 4550 fundatur
1612 4505 1724 4568 per
1747 4507 1811 4550 se
1850 4489 1917 4548 in
1965 4507 2096 4550 mo-

538 4585 681 4645 tivis
700 4581 945 4657 creatis,
975 4589 1038 4642 et
1064 4583 1127 4640 in
1150 4581 1418 4660 quadam
1442 4581 1753 4643 evidentia
1778 4581 2048 4643 naturali
2069 4604 2089 4658 ;

536 4676 843 4757 judicium
902 4680 1111 4735 autem
1155 4673 1233 4735 de
1301 4673 1707 4735 credibilitate
1773 4673 2096 4753 posteriori

540 4772 725 4832 modo
754 4774 1024 4850 spectata
1059 4767 1524 4848 supernaturale
1564 4773 1677 4842 est,
1710 4769 1859 4847 quia
1879 4765 2094 4828 funda-

540 4873 645 4925 tur
662 4865 725 4924 in
754 4863 1117 4923 auctoritate
1140 4861 1247 4922 Dei
1269 4867 1368 4938 3et
1386 4879 1511 4921 non
1528 4867 1619 4922 est
1651 4861 1924 4934 evidens,
1948 4861 2095 4941 quia

536 4958 703 5038 quod
730 4957 889 5016 Deus
918 4953 1065 5016 talia
1111 4953 1492 5030 testificetur,
1529 4972 1657 5014 non
1696 4961 1787 5016 est
1814 4955 2089 5016 evidens.

539 5051 715 5116 Unde
743 5047 1137 5110 concluditur
1158 5046 1279 5108 tale
1315 5047 1619 5126 judicium
1652 5063 1778 5109 esse
1806 5045 1954 5108 fidei
1999 5066 2093 5108 as-

540 5159 814 5216 sensum,
839 5141 985 5220 quia
1011 5145 1105 5201 est
1136 5139 1427 5202 obscurus
1458 5146 1521 5200 et
1548 5144 1774 5208 certus.
1804 5147 1866 5200 et
1893 5141 1960 5200 in
1983 5157 2095 5200 au-

540 5237 819 5300 ctoritate
848 5234 956 5295 Dei
996 5233 1290 5296 fundatus
1304 5248 1325 5311 3
1351 5233 1503 5294 dicit
1522 5251 1671 5314 ergo
1693 5233 1825 5294 haec
1850 5239 2095 5295 senten-

540 5333 651 5406 tia,
675 5335 819 5390 ante
858 5326 1240 5389 voluntatem
1278 5325 1568 5388 credendi
1603 5326 1767 5407 quod
1794 5345 1891 5388 res
1917 5345 2093 5388 reve-

534 5423 663 5484 lata
686 5439 831 5484 vera
857 5421 961 5496 sit,
980 5421 1387 5481 necessarium
1418 5437 1545 5480 esse
1563 5419 1866 5499 judicium
1894 5420 2092 5481 credi·

538 5516 809 5594 bilitatis,
860 5531 979 5575 non
1006 5518 1253 5574 tantum
1293 5511 1507 5593 priori,
1552 5511 1660 5574 sed
1700 5513 1891 5575 etiam
1952 5531 2091 5593 pos·

1682 381 1919 437 mst‘uT.
1957 383 2038 436 Vl.
2075 381 2157 436 m:
2189 383 2349 436 AcTu
2385 383 2568 436 mum.

2165 483 2378 544 teriori
2405 483 2612 556 mod0,
2646 489 2708 545 et
2738 483 2826 545 ita
2843 501 2973 546 esse
2999 483 3490 564 supernaturale,
3516 491 3580 548 et
3599 503 3735 547 esse

2165 576 2499 655 quemdam
2523 583 2731 638 actum
2757 577 2923 637 fidei.

2245 671 2304 730 7.
2350 669 2738 750 Refelluntm·
2768 676 2982 752 aperta
3014 671 3272 734 ratione.
3303 703 3387 716 —
3403 671 3546 732 Haec
3579 688 3735 731 vero

2163 763 2468 823 sententia
2509 763 2599 823 sic
2653 764 2958 843 explicata
2992 763 3148 826 mibi
3191 770 3284 824 est
3323 763 3732 838 incredibiliS,

2165 873 2291 916 non
2319 855 2465 936 quia
2493 873 2716 934 negem
2747 856 2898 918 illud
2921 855 3230 935 judicium
3260 857 3737 936 supernaturale

2165 948 2241 1010 de
2270 949 2674 1010 credibilitate
2702 967 2830 1010 esse
2871 949 3181 1030 possibile,
3235 956 3299 1010 et
3333 949 3580 1030 quando
3631 949 3734 1024 fit,

2165 1059 2294 1102 esse
2324 1047 2531 1102 actum
2573 1041 2750 1118 fidei3
2795 1059 2944 1103 nam
2975 1041 3094 1103 hoc
3115 1043 3248 1104 sine
3275 1041 3463 1102 dubio
3489 1041 3740 1103 verissi-

2167 1152 2339 1194 mum
2383 1141 2496 1210 est,
2545 1147 2617 1195 ut
2645 1134 2866 1215 probat
2897 1134 3207 1196 discursus
3233 1133 3450 1206 factus,
3495 1142 3559 1196 et
3579 1135 3741 1215 quia

2165 1229 2325 1290 sicut
2347 1228 2468 1289 fide
2483 1228 2789 1289 credimus
2804 1245 2932 1288 non
2947 1227 3150 1289 solum
3171 1245 3300 1289 esse
3322 1245 3540 1289 verum
3563 1228 3738 1308 quod

2167 1341 2206 1384 a
2230 1323 2350 1383 Deo
2383 1322 2630 1398 dicitur,
2653 1322 2759 1383 sed
2788 1323 2976 1383 etiam
3009 1323 3174 1402 quod
3199 1321 3279 1382 sit
3295 1323 3374 1382 ab
3394 1341 3468 1384 eo
3494 1323 3738 1384 revela-

2169 1421 2326 1483 tum,
2347 1415 2436 1475 ita
2463 1431 2590 1475 non
2619 1413 2820 1475 solum
2849 1415 3160 1476 credimus
3189 1433 3318 1476 esse
3355 1433 3596 1489 verum,
3623 1416 3740 1476 sed

2170 1510 2358 1568 etiam
2373 1525 2501 1569 esse
2521 1506 2812 1568 credibile
2827 1508 2992 1588 quod
3007 1507 3346 1570 revelatum
3363 1515 3474 1584 est,
3493 1509 3644 1581 imo,
3663 1509 3740 1568 in

2169 1602 2303 1681 ipso
2317 1601 2550 1664 credero
2563 1603 2904 1662 necessario
2916 1601 3274 1677 includitur,
3287 1608 3360 1662 ut
3377 1601 3592 1664 eadem
3607 1601 3740 1662 fide

2170 1696 2489 1756 credamus
2523 1712 2653 1756 esse
2679 1693 2997 1755 credibilia
3025 1711 3163 1774 quse
3191 1711 3339 1754 vera
3365 1711 3494 1758 esse
3525 1694 3742 1756 credi-

2172 1805 2332 1864 mus,
2367 1793 2428 1849 et
2447 1819 2451 1823 -
2472 1789 2588 1849 hoc
2614 1789 2798 1848 modo
2839 1787 3038 1848 multo
3064 1787 3307 1848 firmius
3335 1789 3531 1849 credit
3557 1787 3740 1850 Chri-

2171 1881 2405 1941 stianus
2433 1899 2566 1942 esse
2590 1881 2910 1942 credibiles
2940 1897 3040 1942 res
3069 1879 3239 1956 fidei,
3271 1897 3459 1960 quam
3488 1899 3600 1960 per
3629 1897 3742 1940 so-

2169 1972 2299 2033 lam
2319 1973 2694 2035 evidentiam
2725 1973 2820 2034 vel
2843 1973 3079 2036 motiva
3096 1973 3372 2034 humana
3394 1980 3743 2053 appareant

2171 2067 2514 2128 credibiles.
2544 2069 2628 2129 De
2655 2068 2772 2129 hoc
2797 2085 2945 2146 ergo
2971 2085 3096 2128 non
3127 2075 3219 2127 est
3245 2066 3528 2128 dubium.
3562 2069 3742 2128 Nihi-

2169 2159 2440 2220 lominus
2467 2167 2678 2221 tamen
2724 2177 2907 2239 nego.
2967 2167 3028 2220 et
3081 2159 3440 2222 incredibile
3491 2161 3734 2239 judicu,

2169 2252 2292 2314 tale
2306 2253 2608 2333 judicium
2637 2255 3057 2316 credibilitatis
3081 2272 3210 2316 esse
3227 2271 3340 2334 per
3361 2272 3428 2315 se
3451 2271 3739 2315 necessa-

2169 2348 2335 2408 rium
2365 2354 2510 2409 ante
2533 2347 2801 2428 primam
2825 2347 3202 2409 voluntatem
3222 2346 3532 2408 credendi.
3551 2346 3740 2421 Quod

2169 2441 2366 2522 probo
2397 2451 2765 2520 argumento
2793 2441 2977 2516 facte,
3009 2441 3154 2520 quia
3173 2441 3296 2501 tale
3313 2439 3618 2520 judicium
3641 2446 3744 2502 est

2169 2541 2342 2595 actus
2368 2533 2515 2595 fidei
2526 2549 2546 2611 ;
2589 2551 2736 2612 ergo
2765 2535 3184 2606 voluntarius3
3239 2551 3390 2612 ergo
3437 2537 3741 2616 supponit

2172 2627 2553 2689 voluntatem
2583 2625 2897 2703 credendi,
2940 2627 3158 2688 saltem
3187 2627 3337 2688 illud
3373 2625 3684 2708 objectum
3711 2650 3734 2704 ;

2169 2738 2318 2799 crgo
2367 2719 2476 2780 illa
2505 2719 2789 2781 voluntas
2831 2720 3320 2800 supernaturalis
3371 2722 3511 2797 erit,
3543 2721 3740 2800 juxta

2167 2811 2476 2893 principia
2505 2812 2704 2892 posita
2717 2829 2738 2891 ;
2769 2831 2916 2893 ergo
2935 2831 3064 2874 non
3091 2819 3183 2875 est
3204 2830 3421 2876 verum
3451 2811 3604 2874 illud
3630 2815 3739 2896 ju-

2171 2907 2403 2968 dicium
2431 2924 2563 2968 esse
2601 2909 3008 2968 necessarium
3039 2915 3184 2969 ante
3213 2908 3480 2987 primam
3507 2908 3738 2968 voluu-

2169 3006 2360 3061 tatem
2401 2999 2711 3072 credendi,
2735 3006 2796 3059 et
2828 2999 3054 3061 redibit
3074 3001 3334 3080 quaestio
3367 2999 3445 3060 de
3488 2999 3596 3061 illa
3623 3019 3737 3062 vo-

2167 3091 2430 3169 luntate,
2473 3111 2512 3152 a
2540 3108 2666 3172 quo
2705 3091 2946 3171 judicio
2972 3091 3208 3155 oriatur
3219 3109 3239 3171 ;
3273 3095 3474 3174 prima
3519 3111 3736 3156 conse-

2166 3187 2423 3264 quentia
2441 3192 2643 3265 patet;
2673 3191 2807 3247 tum
2830 3186 2976 3266 quia
2990 3186 3093 3248 ille
3111 3203 3394 3248 assensus
3411 3195 3502 3249 est
3511 3188 3740 3250 obscu-

2165 3295 2290 3352 rus,
2319 3284 2390 3338 ut
2425 3279 2826 3358 supponitur3
2869 3295 3016 3360 ergo
3040 3297 3166 3340 non
3199 3286 3292 3342 est
3329 3282 3736 3356 necessarius,

2167 3389 2370 3451 neque
2394 3370 2474 3432 ad
2498 3370 2673 3432 illum
2703 3371 3152 3434 determinatur
3179 3373 3531 3435 intellectus
3557 3393 3637 3436 ex
3665 3375 3741 3435 vi

2167 3465 2418 3538 motivi3
2442 3482 2590 3544 ergo
2609 3483 2686 3527 ex
2705 3463 3058 3541 voluntate3
3089 3473 3224 3528 tum
3249 3467 3438 3529 etiam
3463 3469 3610 3550 quia
3630 3469 3744 3531 ille

2166 3566 2258 3619 est
2285 3564 2456 3632 actus
2493 3557 2662 3630 fidei,
2695 3559 2772 3620 de
2797 3559 2894 3637 cuj
2905 3575 2974 3620 us
3001 3560 3241 3622 ratione
3285 3566 3379 3622 est
3417 3567 3490 3622 ut
3518 3561 3598 3621 sit
3628 3579 3746 3623 vo-

2167 3649 2498 3725 luntariuS,
2530 3658 2601 3710 ut
2629 3667 2816 3732 supra
2839 3654 3041 3713 visum
3069 3659 3181 3715 est.

2251 3743 2312 3803 8.
2359 3743 2579 3806 Prima
2608 3743 2804 3808 evasio
2838 3744 2922 3808 ad
2942 3745 3373 3826 pra-cedentem
3405 3747 3732 3812 racionem.

2166 3867 2251 3882 —
2271 3836 2682 3918 Improbatur.
2707 3867 2792 3882 —
2813 3837 2944 3898 Duo
2963 3844 3108 3898 sunt
3127 3837 3296 3900 modi
3317 3841 3736 3920 respondendi

2170 3929 2248 3990 ad
2279 3927 2442 3990 hanc
2478 3929 2802 3992 rationem.
2852 3931 3093 3991 Primus
3141 3938 3255 4008 est,
3299 3933 3478 3995 illum
3520 3941 3741 3996 actum

2169 4023 2315 4086 fidei
2351 4043 2482 4086 esse
2517 4023 2941 4086 voluntarium
2984 4025 3202 4090 eadem
3231 4027 3554 4091 voluntate
3587 4047 3738 4110 quae

2171 4135 2248 4178 ex
2283 4116 2388 4178 illo
2413 4113 2804 4198 subsequitur
2820 4140 2838 4193 ;
2864 4135 3012 4180 nam
3043 4119 3136 4180 illi
3161 4119 3286 4182 duo
3303 4129 3503 4199 actus,
3549 4124 3744 4185 intel-

2169 4209 2362 4272 lectus
2387 4215 2452 4272 et
2476 4209 2834 4287 voluntatis,
2865 4211 3201 4274 secundum
3243 4213 3515 4276 diversas
3543 4217 3746 4277 ratio-

2174 4323 2301 4379 nes,
2335 4321 2440 4365 seu
2487 4303 2833 4384 qualitates,
2867 4313 3124 4386 possunt
3171 4325 3304 4370 esse
3341 4307 3420 4370 ad
3463 4309 3742 4373 invicem

2173 4397 2346 4477 prius
2387 4403 2450 4458 et
2479 4399 2817 4478 posterius;
2857 4399 2963 4461 sed
2997 4397 3128 4461 haec
3154 4403 3473 4482 responsio
3511 4404 3744 4484 proba-

2171 4489 2311 4552 bilis
2336 4509 2462 4552 non
2486 4498 2612 4570 est;
2642 4499 2775 4553 tum
2795 4494 2943 4574 quia
2964 4493 3116 4555 alias
3144 4513 3467 4576 nunquam
3494 4499 3744 4578 primus

2173 4593 2346 4646 actus
2370 4583 2718 4646 intellectus
2737 4585 3098 4666 simpliciter
3134 4589 3503 4668 praecederet
3523 4599 3742 4654 actum

2173 4677 2531 4754 voluntatis,
2562 4677 2727 4758 quod
2777 4684 2873 4740 est
2917 4687 3132 4742 contra
3185 4699 3402 4744 omnes
3446 4683 3742 4746 Doctores

2173 4777 2238 4833 et
2259 4769 2683 4852 philosophos3
2712 4779 2847 4833 tum
2877 4774 3063 4835 etiam
3095 4775 3243 4856 quia
3269 4776 3372 4838 ille
3394 4783 3566 4838 actus
3585 4777 3742 4842 fidei

2173 4882 2302 4926 non
2350 4871 2684 4944 utcumque
2721 4865 3109 4928 voluntarius
3135 4874 3249 4944 est,
3284 4869 3536 4946 scilicet,
3563 4870 3744 4950 obje-

2173 4960 2355 5036 ctive,
2382 4975 2488 5019 seu
2517 4975 2630 5037 per
2651 4957 3222 5022 denominationem
3241 4961 3323 5022 ab
3352 4969 3494 5024 actu
3510 4963 3742 5026 volun-

2175 5051 2318 5112 tatis
2351 5066 2537 5131 quem
2579 5052 2895 5127 terminat,
2944 5053 3048 5113 sed
3083 5053 3274 5115 etiam
3321 5062 3414 5117 est
3442 5054 3624 5134 liber,
3671 5065 3744 5120 et

2173 5143 2312 5206 ideo
2337 5150 2431 5206 est
2458 5142 2861 5220 voluntarius,
2907 5143 3094 5206 etiam
3132 5146 3433 5223 effective,
3463 5165 3571 5211 seu
3597 5167 3742 5212 mo-

2173 5237 2336 5312 tive3
2369 5237 2534 5298 unde
2561 5237 2628 5298 in
2667 5237 2839 5298 nullo
2863 5238 3121 5300 instanti
3147 5245 3258 5300 aut
3287 5242 3466 5320 signo
3493 5249 3741 5305 naturae

2175 5335 2371 5408 potest
2420 5329 2731 5406 inchoari,
2775 5336 2885 5390 aut
2937 5329 3204 5412 intelligi
3259 5335 3528 5396 existens
3586 5342 3739 5397 ante

2173 5422 2510 5483 motionem
2537 5421 2907 5500 voluntatis;
2941 5429 3003 5484 et
3022 5443 3056 5485 e
3079 5429 3413 5503 contrario,
3436 5435 3608 5490 actus
3627 5447 3741 5491 vo-

2169 5513 2449 5591 luntatis,
2505 5513 2622 5576 sub
2659 5515 2833 5577 nulla
2880 5518 3120 5580 rationo
3157 5525 3484 5600 spectatus,
3531 5529 3742 5604 potest
