3900 6217
575 395 744 448 ssscr.
781 396 840 446 V.
878 394 961 446 AN
993 394 1260 448 cremum
1293 395 1546 448 INTUlTU
1580 395 1862 448 AETERNAE
1893 395 2365 450 RETRIBUTIONJS
2398 399 2495 452 SIT
2526 398 2745 462 AGTUS,
2780 399 2915 452 Em.

170 507 380 566 amatur
417 500 662 577 propter
701 493 894 567 aliud,
945 493 1050 554 sed
1087 499 1336 572 propter
1373 512 1460 554 se.
1507 491 1694 554 Aliud

175 602 246 655 est
276 590 618 653 exercitium
643 587 832 666 hujus
869 593 1066 662 actus,
1105 593 1168 648 et
1199 586 1318 648 hoc
1359 593 1560 666 potest
1601 605 1694 648 re-

174 690 296 750 ferri
337 686 412 746 ad
452 684 822 756 mercedem,
855 689 926 742 ut
959 682 1038 744 ad
1075 681 1264 742 finem
1309 681 1692 760 proximum3

173 785 240 844 sic
275 780 431 842 enim
476 782 646 839 actus
691 776 1006 838 charitatis
1046 776 1339 856 imperari
1383 782 1579 856 potest
1615 776 1695 837 ab

174 894 280 954 spe,
319 878 378 932 et
429 889 552 932 non
603 875 692 930 est
743 869 1146 944 inordinatio,
1189 869 1336 948 quia
1377 888 1505 931 non
1557 875 1698 930 utor

175 971 294 1040 Deo,
327 963 426 1024 sed
453 973 594 1023 actu
637 979 793 1025 11100.
826 962 1057 1024 Deinde
1085 963 1232 1041 quia
1258 963 1325 1024 in
1353 968 1556 1024 comet
1582 980 1698 1024 usu

171 1077 274 1121 non
291 1059 430 1118 sisto
455 1057 520 1116 in
548 1055 828 1118 mercede
855 1073 1018 1130 mea,
1047 1062 1156 1117 aut
1183 1056 1532 1132 commodo,
1559 1061 1700 1116 tan-

171 1150 415 1230 quamin
447 1149 567 1210 fine
595 1149 818 1210 ultimo
836 1163 855 1225 ;
892 1166 1041 1210 nam
1081 1149 1293 1210 omnia
1316 1148 1566 1210 tandem
1599 1167 1696 1210 re-

169 1247 278 1306 sero
309 1245 372 1304 in
395 1241 655 1321 gloriam
679 1242 816 1319 Dei,
847 1242 947 1302 vel
979 1242 1345 1318 formaliter,
1377 1242 1695 1304 1101νὶ1111-

170 1345 238 1411 te,
261 1341 432 1413 atque
457 1334 614 1396 adeo
639 1353 881 1396 neeesse
909 1341 1002 1398 est
1029 1344 1097 1396 ut
1123 1341 1294 1398 actus
1335 1334 1416 1397 sit
1460 1335 1660 1396 bonus
1669 1350 1692 1411 3

169 1436 388 1511 propter
415 1427 578 1507 qnod
604 1429 1038 1490 'tridentinum
1061 1447 1250 1508 supra
1273 1428 1474 1489 addit:
1505 1429 1700 1492 Dum-

167 1525 309 1586 modo
353 1523 456 1586 Inoo
497 1522 928 1602 principaliter
971 1524 1362 1596 intendatur,
1405 1527 1480 1586 ut
1536 1524 1699 1586 Dm

167 1618 504 1699 ylorifioetur
539 1618 610 1678 iu
659 1617 848 1679 nobis.
902 1616 1076 1690 Quod
1127 1623 1334 1678 tamen
1379 1617 1446 1676 in
1485 1613 1700 1693 hujus-

170 1712 316 1771 modi
353 1709 536 1771 modo
585 1710 882 1788 operandi
921 1710 1148 1771 virtute
1170 1727 1414 1788 semper
1441 1708 1702 1770 includi-

173 1811 277 1878 tur,
300 1804 441 1883 quia
457 1810 632 1864 actus
655 1809 718 1865 et
734 1803 876 1864 finis
903 1801 1054 1866 boni
1077 1809 1246 1878 sunt,
1268 1803 1392 1864 nisi
1419 1803 1702 1864 voluntas

170 1897 378 1956 malitia
403 1913 518 1956 sua
547 1895 700 1956 illud
729 1896 1048 1975 impediat.

233 1993 287 2052 3.
335 1989 736 2062 Quorumdam
763 1986 1048 2053 limitatio
1089 1989 1392 2064 rejicitur.
1417 1988 1702 2050 -Limi-

165 2088 280 2142 tant
323 2099 466 2141 vero
513 2081 710 2160 aliqui
765 2083 931 2143 hanc
985 2082 1446 2144 conclusionem
1501 2084 1580 2144 ad
1627 2101 1701 2146 ea

167 2193 328 2254 opera
349 2193 484 2252 quae
514 2193 644 2238 non
671 2182 816 2236 sunt
837 2182 1164 2254 praecepta,
1194 2193 1340 2236 nam
1368 2176 1436 2236 in
1463 2176 1540 2236 iis
1563 2195 1702 2256 quae

167 2275 440 2348 praecepta
467 2275 642 2343 sunt,
671 2270 990 2349 inquiunt,
1033 2269 1270 2330 malum
1322 2275 1412 2330 est
1459 2270 1704 2350 operari

167 2369 384 2442 propter
413 2363 764 2424 mercedem
797 2370 867 2424 ut
893 2370 1144 2442 propter
1171 2363 1361 2424 finem
1383 2409 1402 2438 ‚
1435 2365 1584 2442 quia
1633 2365 1702 2426 in

166 2473 224 2516 eo
249 2455 418 2516 modo
451 2456 755 2535 operandi
784 2457 1010 2518 virtute
1045 2456 1383 2518 includitur
1413 2458 1702 2518 voluntas

169 2568 272 2608 non
301 2548 622 2628 operandi,
667 2551 719 2609 si
769 2569 894 2610 non
927 2556 1208 2629 speratur
1249 2567 1480 2610 merces
1507 2556 1569 2611 et
1609 2567 1704 2610 re-

167 2642 394 2704 tributio
402 2657 422 2719 3
450 2642 588 2704 haec
615 2649 824 2704 antem
865 2643 1172 2716 voluntaS,
1203 2649 1266 2704 et
1293 2643 1606 2721 dispositio
1638 2643 1703 2702 in

159 2735 318 2796 rebus
339 2737 664 2815 praereptis
701 2743 792 2798 est
831 2737 1166 2798 intrinsece
1197 2735 1384 2810 mala,
1422 2753 1574 2796 nam
1601 2734 1705 2796 lex

163 2829 252 2890 Dei
276 2829 572 2890 servanda
611 2835 794 2904 esset,
829 2830 1074 2892 etiamsi
1105 2829 1264 2890 nihil
1294 2829 1701 2907 promitteret,

165 2921 298 2982 sieut
335 2932 659 3000 peccatum
690 2930 848 2985 esset
902 2923 1250 2998 vitandum,
1301 2923 1543 2984 etiamsi
1577 2941 1707 2984 non

167 3023 292 3074 essct
317 3033 532 3094 poena3
561 3018 849 3096 quocirca
877 3035 1066 3096 supra
1107 3016 1464 3078 dicebamus
1493 3035 1704 3096 quem-

166 3109 286 3168 dam
313 3111 606 3172 timorem
633 3111 916 3170 servilem
959 3127 1091 3171 esse
1133 3109 1390 3170 malum.
1435 3110 1584 3171 Dico
1614 3116 1706 3170 ta-

163 3221 286 3262 men
309 3203 762 3264 conclusionem
795 3203 1118 3282 procedere
1147 3205 1334 3264 etiam
1365 3205 1433 3264 in
1465 3203 1706 3264 actibus

165 3297 502 3374 praeceptis3
548 3297 640 3356 ita
679 3296 1005 3370 Adrianus,
1038 3303 1102 3357 et
1141 3298 1570 3358 Bonaventura
1603 3314 1708 3357 su-

162 3407 274 3466 pra.
317 3390 490 3452 Ratio
530 3396 648 3463 est,
682 3391 830 3467 quia
875 3390 1064 3452 etiam
1116 3407 1306 3468 opera
1351 3389 1514 3450 bona
1555 3409 1708 3468 proe-

161 3489 334 3560 cepta,
363 3490 512 3544 sunt
557 3483 768 3544 media
813 3501 925 3562 per
957 3502 1022 3546 se
1059 3485 1344 3544 ordinata
1391 3485 1468 3544 ad
1519 3483 1706 3545 talem

161 3577 350 3653 finem,
399 3582 509 3659 qui
553 3585 718 3640 certe
746 3579 946 3638 bonus
993 3584 1106 3653 est,
1137 3579 1418 3658 quamvis
1470 3596 1594 3639 non
1629 3579 1708 3638 sit

160 3671 441 3748 op2imus3
469 3687 678 3751 neque
705 3678 797 3732 est
827 3687 1041 3732 verum
1075 3670 1312 3731 includi
1339 3671 1404 3731 in
1433 3671 1542 3731 tali
1563 3688 1706 3750 ope-

157 3780 214 3822 re
238 3763 618 3826 voluntatem
646 3763 819 3825 illam
845 3783 860 3836 ;
889 3783 1034 3824 nam
1077 3765 1281 3843 potius
1310 3765 1416 3843 qui
1443 3765 1532 3824 sic
1562 3782 1706 3843 ope·

161 3863 352 3934 ratur,
403 3858 688 3920 absolute
741 3859 877 3920 vult
921 3876 1168 3918 servare
1211 3864 1586 3937 praeceptum
1631 3876 1706 3919 eo

161 3952 324 4010 modo
351 3971 476 4030 quo
509 3959 882 4032 proeceptum
916 3959 1007 4013 est
1026 3997 1042 4024 ‚
1081 3958 1266 4029 atque
1293 3952 1448 4012 adeo
1476 3959 1546 4012 ut
1576 3971 1706 4014 me-

161 4044 316 4104 ‹lium
343 4045 422 4105 ad
451 4046 644 4106 talem
669 4045 884 4118 finem,
909 4063 1108 4124 neque
1135 4045 1244 4104 illa
1276 4045 1708 4106 conditionalis

163 4137 428 4199 voluntas
453 4139 578 4216 (Si.
605 4129 918 4198 non'esset
947 4155 1202 4208 merces,
1230 4155 1358 4198 non
1397 4137 1662 4198 facerem
1687 4140 1707 4218 )

164 4232 576 4306 prammenda
627 4239 743 4305 est,
789 4230 908 4290 nisi
937 4229 1036 4290 vel
1066 4249 1347 4310 expresse
1383 4229 1708 4306 habeatur,

160 4322 246 4382 vel
288 4342 362 4384 ex
411 4324 738 4386 effectibus
789 4325 1110 4386 evidenter
1157 4323 1513 4402 colligatum
1561 4341 1712 4384 nam

159 4416 316 4490 alias,
361 4437 508 4478 cum
547 4424 723 4478 actus
759 4419 836 4478 sit
867 4418 942 4478 de
969 4435 1034 4478 se
1061 4417 1301 4492 11011118,
1347 4433 1474 4478 11011
1517 4427 1611 4478 est
1643 4418 1711 4478 in

161 4509 371 4570 malam
400 4517 644 4590 partem
679 4510 1196 4591 interpretandus.

229 4605 286 4662 4.
331 4605 548 4668 Tertia
577 4605 878 4668 conclusio
907 4604 1225 4682 bipartita.
1245 4634 1327 4648 —
1347 4603 1492 4663 Dico
1519 4604 1708 4664 tertio

159 4693 311 4756 hunc
348 4705 610 4758 modum
637 4696 928 4776 operandi
951 4696 1262 4774 pertinere
1289 4695 1369 4755 ad
1393 4714 1588 4774 spem,
1613 4696 1710 4756 vel

162 4787 586 4866 imperantem,
617 4791 709 4850 vel
737 4790 1106 4850 elicientem.
1150 4788 1472 4849 Conclusio
1515 4788 1712 4850 facilis

161 4887 260 4954 est,
281 4884 686 4962 supponendo
715 4901 826 4942 nos
849 4881 1018 4960 loqui
1045 4881 1293 4960 quando
1319 4881 1539 4960 aliquis
1567 4893 1714 4960 ope·'

161 4983 318 5035 ratur
343 4995 422 5037 ex
451 4977 802 5038 intentione
829 4974 1316 5054 supernaturalis
1355 4973 1712 5036 retributio-

161 5069 266 5142 nis,
297 5075 358 5129 et
397 5070 652 5150 quando
691 5069 800 5130 illa
847 5069 1110 5129 intentio
1153 5078 1246 5126 est
1287 5067 1532 5145 objecto
1571 5085 1712 5146 pro-

161 5163 522 5237 portionem,
567 5171 754 5242 atque
803 5162 960 5222 adco
1006 5159 1488 5240 supernaturalis
1503 5175 1524 5237 3
1573 5178 1712 5238 quas

161 5253 435 5330 intentio,
467 5262 541 5316 ut
569 5274 645 5316 ex
685 5256 862 5316 dictis
891 5259 1080 5333 patet,
1107 5253 1377 5332 pertinet
1405 5254 1484 5337 ad
1514 5271 1706 5332 spem.

161 5347 240 5406 Ex
265 5367 388 5428 quo
416 5348 597 5409 facile
625 5353 794 5427 patet
835 5349 1004 5427 prior
1032 5363 1196 5425 pars,
1235 5363 1380 5406 nam
1407 5364 1566 5424 opus
1593 5346 1718 5406 fac-

162 5445 288 5500 tum
316 5447 568 5521 propter
599 5441 788 5502 finem
815 5440 1086 5518 aliquem
1125 5439 1468 5518 imperatur
1491 5439 1582 5514 ,ab
1625 5441 1720 5500 in-

163 5534 428 5596 tentione
455 5533 628 5609 finis,
657 5541 844 5614 atque
876 5532 1032 5593 adeo
1059 5547 1098 5592 a
1123 5531 1380 5606 virtute,
1423 5533 1600 5612 cujus
1627 5537 1720 5594 est

3216 399 3331 459 617

1773 492 1880 554 illa
1909 495 2173 558 intentio
2190 511 2209 571 3
2244 497 2545 574 posterior
2570 515 2711 576 pars
2750 497 3073 577 probanda
3119 507 3211 561 est
3258 520 3337 562 ex

1777 587 2053 664 generali
2098 588 2379 650 doctrina
2410 593 2463 650 1.
2512 592 2586 665 2,
2636 590 2801 670 quod
2844 593 3091 670 quando
3118 592 3337 656 electio

1775 681 2079 760 prostitue,
2108 688 2168 742 et
2195 683 2551 744 immediate
2576 688 2669 744 est
2698 691 2948 765 propter
2968 686 3241 766 aliquem
3262 688 3337 748 fi-

1777 790 1942 849 nem,
1984 774 2061 834 ab
2086 775 2299 838 eadem
2344 778 2569 838 virtute
2599 777 2875 852 elicitur,
2906 797 2945 838 a
2970 797 3093 858 qua
3132 782 3337 840 inten-

1776 867 1865 927 tio
1881 888 1902 940 ;
1933 867 1986 926 si
2016 886 2161 946 ergo
2189 868 2412 948 aliquis
2440 869 2719 947 proxime
2746 877 3068 932 moveatur
3093 871 3171 932 ad
3194 890 3337 952 ope-

1777 961 2043 1022 randum
2081 980 2153 1022 ex
2210 962 2555 1024 intentione
2612 965 2845 1043 proprii
2880 965 3224 1040 commodi,
3270 973 3337 1026 et

1778 1073 1885 1134 spe
1913 1054 2363 1132 retributionis,
2388 1061 2590 1118 totum
2614 1057 2771 1118 illud
2803 1075 2959 1138 opus
2986 1059 3105 1120 erit
3132 1062 3340 1138 proxi-

1775 1167 1878 1210 me
1915 1167 1955 1210 a
1990 1149 2223 1212 virtute
2250 1151 2402 1228 spei.
2430 1151 2661 1210 Verum
2688 1157 2781 1212 est
2810 1158 3019 1213 tamen
3044 1152 3163 1214 hoc
3198 1171 3339 1214 raro

1775 1243 2088 1320 accidere,
2134 1243 2283 1322 quia
2328 1243 2457 1304 fere
2486 1263 2729 1324 semper
2768 1263 2955 1325 opera
3001 1263 3139 1325 quas
3180 1245 3341 1306 fiunt

1779 1343 2027 1416 propter
2050 1335 2549 1412 retributionem,
2572 1344 2719 1400 sunt
2745 1337 2897 1399 alias
2924 1339 3111 1414 bona,
3142 1345 3204 1399 et
3228 1338 3341 1402 ho·

1777 1437 1952 1492 nesta
1980 1447 2057 1490 ex
2082 1429 2335 1508 objectis
2362 1430 2646 1510 propriis,
2678 1449 2819 1510 quoe
2856 1431 3102 1492 bonitas
3130 1451 3203 1492 ex
3232 1431 3343 1492 ob-

1772 1523 1938 1601 jecto
1966 1540 2091 1582 11011
2120 1522 2469 1584 excluditur
2497 1531 2749 1604 propter
2770 1541 2941 1606 spem
2984 1525 3337 1586 retributio-

1779 1634 1900 1677 ms.

1861 1713 1922 1772 5.
1970 1711 2345 1792 Proponituo·
2384 1714 2657 1794 quoedom
2686 1712 3040 1794 diffimoltas.
3058 1713 3371 1776 -Reso-·

1782 1802 1955 1866 latio.
1973 1837 2055 1851 —
2077 1803 2507 1883 Coelio-matur.
2530 1807 2864 1880 —Quaeres
2894 1824 2975 1866 an
3014 1823 3155 1885 quoe
3180 1806 3345 1866 dixi-

1781 1915 1922 1958 mus
1946 1897 2216 1960 habeant
2238 1891 2443 1960 locuin
2483 1900 2551 1960 in
2590 1899 2995 1960 retributione
3016 1899 3345 1978 temporali

1781 1990 1969 2050 etiam
1992 1990 2293 2063 hnmana,
2315 1999 2406 2067 ut,
2440 1991 2612 2053 verbi
2636 1992 2856 2071 gratia,
2901 2010 2983 2054 an
3010 1992 3091 2054 sit
3114 1991 3343 2053 hones·-

1780 2089 1916 2144 tum
1962 2101 2181 2146 canere
2210 2084 2310 2146 vcl
2358 2085 2619 2146 recitare
2669 2085 2851 2146 horas
2906 2085 3231 2146 canonicas
3276 2086 3345 2145 in

1781 2176 1968 2237 choro
2004 2183 2255 2257 propter
2302 2178 2641 2257 temporale
2690 2177 3085 2251 beneficium,
3140 2178 3227 2238 ita
3274 2186 3347 2238 ut

1781 2269 1933 2330 alias
1962 2289 2089 2330 non
2122 2271 2413 2332 facerem.
2445 2271 2704 2332 Videtur
2746 2271 2917 2332 enim
2963 2289 3091 2332 non
3133 2270 3343 2346 licere,

1783 2365 1930 2442 quia
1970 2363 2073 2424 hic
2099 2382 2241 2424 vere
2270 2364 2535 2426 refertur
2563 2365 2627 2424 id
2658 2366 2822 2444 qnod
2860 2365 3194 2444 superioris
3238 2383 3347 2427 or-

1784 2457 1945 2518 dinis
1974 2463 2091 2532 est,
2119 2458 2197 2517 ad
2226 2474 2361 2518 rem
2391 2457 2699 2518 inferioris
2734 2458 3009 2534 ordinis;
3047 2460 3197 2520 item
3241 2458 3347 2518 1110

1782 2550 2035 2613 videtur
2059 2569 2189 2612 esse
2210 2568 2387 2612 amor
2410 2551 2853 2626 mercenarius,
2877 2569 3061 2630 quem
3090 2552 3160 2613 D.
3184 2551 3347 2612 Tho-

1785 2662 1919 2706 mas
1941 2649 2001 2706 2.
2034 2647 2099 2716 2,
2122 2649 2340 2723 quoest.
2367 2646 2469 2719 19,
2496 2645 2671 2706 artic.
2699 2647 2758 2719 4,
2795 2645 2873 2706 ad
2894 2645 3173 2719 tertium,
3202 2645 3349 2706 sim-

1787 2739 2031 2818 pliciter
2060 2739 2350 2812 damnat3
2378 2746 2442 2801 et
2468 2739 2557 2800 ita
2604 2739 2849 2800 videtur
2878 2739 3106 2799 sentire
3148 2740 3349 2799 Bona-

1785 2838 2072 2908 ventura,
2110 2839 2171 2893 et
2218 2832 2380 2894 favet
2428 2833 2899 2911 chrysostomus
2920 2877 2937 2905 ‚
2988 2832 3134 2893 libr.
3183 2834 3224 2892 2
3272 2832 3349 2892 de

1787 2925 2273 3005 Compunctione
2308 2925 2533 3000 cordis,
2558 2925 2673 2986 sub
2702 2925 2914 2986 finem.
2948 2925 3180 3000 Primo,
3208 2943 3349 3004 sup·

1789 3037 1952 3098 pono
1996 3019 2409 3080 intentionem
2438 3018 2585 3080 boni
2626 3018 3007 3097 temporalis,
3043 3017 3141 3079 vel
3176 3035 3351 3079 amo-

1787 3131 1944 3187 rem,
1994 3131 2127 3174 esse
2170 3112 2631 3174 indifferentem
2672 3129 2783 3190 per
2822 3129 2924 3189 se;
2966 3112 3135 3174 unde
3164 3113 3352 3172 etiam

1785 3206 2031 3284 operari
2061 3224 2139 3266 ex
2165 3206 2271 3266 illa
2296 3206 2641 3266 intentione
2672 3206 2919 3266 videtur
2942 3223 3055 3284 per
3077 3223 3141 3266 se
3168 3204 3353 3265 indif-

1785 3299 2023 3374 ferens;
2052 3317 2241 3378 quare
2264 3299 2316 3359 si
2342 3300 2603 3360 intentio
2631 3299 2741 3360 illa
2768 3300 2835 3360 in
2863 3317 2931 3360 re
2956 3301 3047 3359 ita
3066 3315 3349 3360 exercea-

1787 3397 1890 3453 tur
1915 3399 1989 3452 nt
2014 3393 2094 3452 sit
2120 3391 2401 3466 honesta,
2428 3393 2669 3470 operari
2692 3409 2881 3471 opera
2906 3392 3156 3452 virtutis
3178 3409 3255 3452 ex
3288 3390 3353 3451 vi

1787 3485 1957 3544 illius
1988 3485 2351 3546 intentionis
2378 3503 2489 3563 per
2516 3503 2581 3546 se
2612 3485 2731 3545 erit
2758 3485 2947 3546 etiam
2992 3483 3345 3544 honestum.

1787 3578 1862 3637 Et
1890 3578 2195 3656 imprimis
2220 3578 2272 3637 si
2298 3576 2451 3638 illud
2482 3577 2817 3657 temporale
2842 3576 3235 3638 commodum
3258 3593 3352 3636 so-

1787 3671 1919 3731 lum
1945 3670 2309 3732 intendatur
2335 3671 2715 3744 secundario,
2750 3676 3047 3749 tanquam
3072 3669 3225 3749 quid
3253 3685 3352 3728 ac-

1787 3763 2197 3823 cidentarium
2218 3811 2232 3834 ‚
2288 3780 2501 3824 omnes
2538 3764 2603 3824 id
2648 3764 3001 3838 affirmant,
3051 3763 3197 3841 quia
3242 3761 3353 3822 ho-

1785 3864 2031 3917 nestum
2060 3862 2150 3916 est
2176 3856 2501 3916 intendere
2530 3856 2780 3936 aliquod
2816 3856 3074 3931 bonum,
3114 3873 3191 3916 00
3218 3873 3353 3916 mo-

1785 3951 1865 4009 do
1893 3967 2017 4027 quo
2050 3949 2249 4028 ipsum
2286 3949 2642 4009 ordinatum
2672 3956 2805 4023 est;
2834 3949 2939 4010 sed
2970 3947 3088 4008 hoc
3119 3954 3355 4026 tempo·-

1787 4043 1917 4103 rale
1947 4042 2342 4102 commodum
2374 4048 2467 4101 est
2492 4043 2641 4120 quid
2683 4042 2863 4102 nobis
2900 4041 3305 4102 accessorium
3330 4062 3349 4115 3

1791 4153 1936 4212 crgo
1965 4136 2053 4195 ita
2091 4135 2245 4194 illud
2274 4134 2597 4194 intendere
2628 4135 2816 4194 etiam
2846 4136 2965 4194 erit
2996 4134 3351 4194 honestum.

1793 4229 2023 4290 Deinde
2052 4229 2105 4288 si
2132 4229 2212 4289 sit
2240 4227 2382 4290 finis
2428 4227 2787 4308 principalis
2804 4273 2825 4302 ,
2854 4227 3193 4287 dummodo
3230 4241 3354 4288 non

1791 4323 1872 4382 sit
1901 4322 2122 4397 malus,
2154 4321 2341 4382 ctiam
2374 4321 2549 4382 nulla
2578 4327 2670 4382 est
2692 4320 3073 4382 inordinatio
3106 4328 3358 4400 propter

1790 4414 1963 4476 illam
2013 4415 2357 4490 rationem,
2401 4415 2563 4494 quod
2606 4415 2856 4492 quando
2908 4413 3051 4473 finis
3097 4432 3225 4473 non
3266 4421 3359 4476 est

1792 4508 2015 4583 maluS,
2070 4527 2195 4568 non
2251 4509 2356 4568 dat
2402 4507 2708 4568 malitiam
2765 4507 2953 4568 actui.
3010 4506 3130 4568 Nec
3171 4507 3360 4568 refert

1791 4603 1955 4680 quod
1980 4601 2251 4662 medium
2274 4603 2351 4661 sit
2380 4600 2529 4680 quid
2554 4599 2843 4676 nobilius,
2870 4599 3017 4678 quia
3046 4599 3357 4660 interdum

1791 4694 1938 4756 lieet
1968 4697 2259 4756 ordinare
2288 4697 2491 4774 majus
2540 4694 2616 4754 ad
2660 4694 2867 4754 minus
2883 4709 2904 4771 3
2930 4695 3227 4755 nimirum
3258 4692 3356 4754 vel

1792 4789 2139 4850 ordinando
2181 4795 2517 4867 utrumque
2554 4787 2633 4848 ad
2680 4786 2917 4865 aliquid
2960 4786 3359 4846 excellentius

1793 4888 2081 4960 utroque,
2112 4891 2181 4943 nt
2210 4883 2277 4941 in
2323 4881 2634 4960 proposito
2662 4880 2797 4940 haec.
2829 4880 3039 4939 omnia
3078 4878 3360 4938 ultimate

1793 4973 2113 5034 referenda
2142 4975 2379 5036 suntin
2412 4973 2517 5032 Dei
2542 4972 2800 5050 gloriam
2818 4987 2837 5048 3
2858 4971 2957 5032 vel
2980 4978 3143 5032 certe
3168 4989 3362 5050 quan-

1792 5068 1871 5128 do
1903 5069 2106 5146 majus
2134 5069 2459 5128 ordinatur
2495 5068 2571 5128 ad
2602 5067 2967 5128 lucrandum
2998 5067 3207 5128 minus
3226 5067 3361 5128 abs-

1792 5179 1914 5239 que
1954 5162 2199 5238 jactura
2240 5161 2431 5240 ipsius
2476 5160 2727 5238 majoris
2753 5203 2771 5234 ,
2822 5165 2893 5219 ut
2934 5159 3001 5219 in
3048 5160 3361 5239 proposito

1797 5270 1978 5328 casu,
2012 5254 2246 5316 bonum
2290 5255 2586 5314 orationis
2631 5269 2759 5312 non
2790 5252 3125 5326 amittitur,
3178 5269 3255 5312 ex
3288 5269 3361 5312 eo

1797 5347 1965 5427 quod
2026 5364 2135 5425 per
2188 5347 2361 5408 illam
2414 5342 2755 5424 temporale
2816 5343 3054 5424 aliquid
3106 5344 3365 5406 honeste

1797 5439 2255 5520 conquiramus.
2286 5438 2734 5514 Confirmatur3
2766 5453 2911 5498 nam
2938 5436 3254 5498 interdum
3280 5436 3365 5496 li-

1799 5537 1897 5594 cet
1943 5549 2069 5592 non
2116 5530 2315 5594 facere
2355 5548 2515 5610 opus
2550 5530 2827 5602 virtutis3
2860 5546 3007 5609 ergo
3046 5529 3234 5592 etiam
3267 5529 3365 5592 in·
