3900 6217
540 349 657 412 434

537 454 694 518 bene
748 456 1062 520 moraliter
1107 457 1372 538 operari,
1423 456 1570 520 licet
1591 456 1782 520 fidem
1825 475 1955 520 non
1996 457 2109 519 ha-

540 549 734 612 beret.

621 646 683 704 4.
718 643 1028 708 Probatur
1067 644 1136 706 in
1178 645 1602 726 iynorantibua
1641 663 1848 708 verum
1891 646 2103 708 Deum.

535 765 616 782 --
645 737 952 810 Secundo,
997 737 1291 816 probatur
1351 738 1514 800 dicta
1551 740 1865 800 sententia
1917 739 2107 800 etiam

541 830 617 890 de
689 829 1039 892 infidelibus
1107 850 1234 892 nou
1305 832 1816 909 cognoscentibus
1885 850 2107 894 verum

544 923 736 984 Deum
761 969 781 999 ,
831 923 928 984 vel
979 923 1170 986 etiam
1199 924 1548 986 errantibus
1593 926 1757 986 circa
1797 926 1948 986 Deos
1992 925 2109 986 fal-

541 1034 661 1078 sos.
695 1017 772 1076 Et
797 1017 1000 1096 primo
1042 1017 1108 1077 in
1139 1016 1238 1078 his
1286 1016 1472 1078 habet
1513 1017 1722 1079 locum
1765 1019 1925 1080 ratio
1977 1019 2105 1079 divi

540 1111 818 1184 Thomas,
838 1109 1003 1190 quod
1024 1111 1088 1171 in
1113 1110 1212 1171 his
1229 1110 1580 1174 infidelibus
1605 1129 1732 1172 non
1757 1119 1848 1172 est
1870 1112 2107 1173 extinc-

540 1210 676 1264 tum
730 1203 942 1265 lumen
988 1204 1246 1266 rationis
1291 1206 1616 1282 naturalis,
1667 1224 1868 1285 neque
1917 1205 2105 1266 amis-

543 1314 683 1359 sum
735 1297 994 1358 omnino
1041 1296 1308 1358 liberum
1353 1297 1723 1376 arbitrinm3
1779 1317 1932 1378 ergo
1974 1316 2103 1360 non

544 1395 758 1452 carent
783 1395 1082 1470 potestate
1111 1391 1408 1470 operandi
1435 1390 1686 1471 aliquod
1728 1391 1991 1468 bonum,
2038 1396 2103 1453 et

539 1485 720 1546 bene.
757 1483 1139 1546 Antecedens
1177 1490 1414 1546 certum
1441 1492 1536 1546 est
1572 1485 1648 1546 de
1677 1484 1822 1562 fide,
1855 1492 1918 1547 et
1956 1504 2102 1546 con-

537 1579 860 1659 sequentia
903 1576 1216 1659 probatur,
1265 1577 1414 1657 quia
1455 1578 1563 1639 illa
1602 1579 1727 1639 duo
1773 1579 2099 1659 principia,

541 1691 684 1733 oum
723 1670 1031 1750 adjutorio
1060 1670 1189 1747 Dei,
1221 1672 1388 1750 quod
1429 1671 1666 1732 nemini
1695 1671 1886 1746 deest,
1935 1671 2103 1732 suffi-

541 1767 716 1830 ciunt
754 1765 831 1825 ad
878 1763 1114 1843 aliquid
1159 1761 1414 1826 honeste
1461 1764 1866 1844 operandum.
1924 1763 2102 1838 Quod

539 1858 836 1940 probatur
863 1855 1158 1925 secundo,
1181 1857 1327 1936 quia
1357 1862 1427 1917 ut
1453 1857 1783 1918 honestum
1811 1875 1967 1937 opus
1994 1857 2098 1933 sit,

540 1953 688 2014 satis
713 1959 806 2012 est
835 1950 1000 2031 quod
1028 1948 1170 2012 finis
1197 1949 1592 2026 intrinsecus,
1631 1969 1744 2012 aen
1790 1949 2101 2029 objectum

537 2045 798 2108 tormale
825 2044 1024 2124 operis
1052 2045 1131 2104 sit
1159 2043 1513 2121 hquestum,
1534 2049 1598 2104 et
1617 2043 1782 2122 qnod
1806 2043 1874 2104 in
1905 2041 2099 2104 finem

538 2141 948 2202 extrinsecum
979 2137 1215 2199 malum
1260 2153 1372 2197 sen
1417 2143 1665 2215 turpem
1708 2155 1836 2198 non
1869 2135 2099 2197 refera-

537 2242 642 2296 tur
655 2251 676 2313 3
707 2233 813 2296 sed
839 2234 972 2294 sine
999 2231 1122 2294 fide
1151 2236 1349 2310 potest
1379 2248 1534 2312 opus
1577 2230 1716 2292 fieri
1755 2229 1921 2292 dicto
1959 2248 2099 2290 mo·

539 2329 644 2406 do,
677 2336 738 2391 et
783 2345 926 2390 cum
976 2333 1236 2405 utraque
1267 2324 1654 2401 conditione3
1694 2343 1868 2404 ergo.
1909 2325 2101 2404 Majo-

537 2441 672 2486 rem
699 2440 868 2482 nunc
897 2435 1176 2500 suppono
1205 2436 1282 2479 ex
1313 2421 1372 2478 1.
1401 2419 1466 2493 2,
1501 2424 1566 2480 et
1599 2417 1894 2480 solvendo
1915 2436 2099 2496 argn-

540 2521 750 2580 menta
781 2515 952 2578 illam
981 2511 1247 2592 amplius
1269 2511 1618 2575 declarabo.
1645 2512 1850 2574 Minor
1877 2511 2099 2592 proba·

538 2617 642 2672 tur
668 2610 872 2690 quoad
914 2608 1178 2687 primam
1221 2607 1636 2668 conditionem
1691 2605 1942 2684 objecti,
1991 2623 2101 2667 sen

538 2701 682 2766 finis
703 2701 1045 2778 intrinseci,
1092 2701 1244 2780 qnia
1266 2699 1374 2760 illa
1407 2699 1566 2761 ratio
1596 2697 1822 2778 objecti
1865 2698 2102 2761 boniet

539 2797 784 2860 honesti
835 2799 1032 2875 potest
1079 2794 1261 2856 facile
1311 2793 1600 2872 cognosci
1645 2793 1886 2854 ratione
1919 2800 2100 2854 natu·

537 2893 679 2967 rati,
708 2895 780 2952 ut
823 2892 988 2969 qnod
1033 2890 1113 2948 sit
1163 2887 1394 2947 bonnm
1441 2887 1590 2950 dare
1636 2886 2099 2967 eleemosynam

535 2983 819 3065 pauperi,
847 2981 947 3043 vel
987 2986 1306 3061 parentem
1351 2979 1680 3054 honorare,
1723 2987 1786 3042 et
1825 2979 2092 3056 similia3

538 3095 688 3158 ergo
715 3077 906 3140 ctiam
941 3078 1140 3155 potest
1163 3073 1288 3135 tale
1313 3072 1550 3134 bonnm
1578 3091 1617 3136 a
1645 3072 1842 3136 libera
1875 3074 2096 3135 volun-

535 3179 664 3234 tate
718 3169 990 3232 hominis
1049 3166 1331 3243 intendi,
1388 3167 1629 3230 etiamsi
1691 3174 1898 3230 careat
1942 3166 2089 3228 fide.

535 3261 752 3338 Quoad
777 3261 1037 3325 alteram
1073 3277 1222 3324 vero
1251 3267 1514 3340 partem,
1544 3259 1841 3342 probatur
1875 3259 2094 3322 eadem

535 3358 766 3432 minor,
797 3355 944 3436 quia
959 3351 1228 3418 liberum
1255 3360 1348 3416 est
1371 3352 1613 3415 homini
1636 3353 1827 3414 etiam
1856 3351 2095 3414 infideli

535 3449 802 3530 operari,
837 3446 938 3509 vel
959 3464 1086 3509 non
1120 3445 1363 3526 operari
1391 3452 1645 3526 propter
1678 3447 2094 3509 extrinsecum

534 3541 763 3618 finem3
802 3559 950 3620 ergo
977 3541 1164 3602 etiam
1193 3549 1285 3600 ast
1309 3539 1402 3600 illi
1428 3537 1694 3601 liberum
1735 3557 1866 3600 non
1904 3556 2093 3618 appo-

535 3654 684 3698 nere
737 3632 970 3696 malum
1017 3632 1208 3694 finem
1265 3632 1670 3693 intrinsecum
1716 3631 1890 3711 operi
1935 3646 2089 3708 sno3

535 3747 682 3809 ergo
737 3732 935 3808 potest
978 3725 1220 3806 operari
1269 3732 1520 3805 propter
1570 3724 1760 3788 finem
1805 3723 2095 3786 intrinse-

535 3839 678 3884 cum
725 3821 1054 3882 honestum
1099 3817 1232 3879 sine
1279 3835 1476 3898 pmvo
1522 3817 1888 3892 extrinseco,
1942 3818 2093 3897 quia

535 3931 684 3976 usus
719 3913 906 3992 hujus
936 3911 1235 3972 libertatis
1275 3927 1476 3991 neque
1507 3916 1601 3971 est
1633 3927 1742 3990 per
1765 3928 1832 3972 se
1869 3911 2094 3990 impos-

535 4005 753 4082 sibilis,
783 4021 984 4084 neque
1011 4003 1100 4066 ita
1129 4001 1416 4078 difficilis,
1439 4009 1513 4064 ut
1551 4002 1632 4063 ad
1658 4001 1836 4064 illum
1868 4003 1950 4063 sit
1984 4021 2091 4064 ne-

537 4099 799 4162 cessaria
851 4097 1002 4158 fides
1058 4095 1126 4157 in
1168 4094 1456 4158 omnibns
1507 4101 1572 4156 et
1617 4093 1878 4174 singulis
1929 4096 2093 4158 aeti-

535 4193 674 4255 bus.

617 4289 680 4348 5.
723 4282 1094 4356 Declaratur
1113 4326 1133 4358 ,
1183 4287 1246 4345 a
1299 4281 1700 4359 confirmatur
1740 4279 1965 4364 primo.
2008 4315 2091 4327 --

541 4379 956 4457 confirmatur
997 4373 1272 4440 semaa.
1298 4403 1385 4422 --
1413 4373 1588 4435 Unde
1640 4373 1989 4439 declaratur
2028 4381 2093 4438 et

539 4471 965 4541 confirmatur,
995 4469 1142 4549 quia
1191 4467 1466 4528 carentia
1501 4466 1686 4544 fidei,
1735 4483 1848 4548 per
1900 4485 1965 4528 se
2021 4486 2091 4529 ac

537 4568 790 4650 praecise
825 4568 1117 4644 spectata,
1147 4579 1277 4623 non
1303 4568 1414 4623 est
1451 4578 1644 4641 prava
1685 4561 2084 4623 circumstan-

533 4665 626 4722 tia
650 4658 931 4722 omnium
978 4655 1311 4716 moralium
1337 4672 1620 4734 operum,
1652 4655 1799 4733 qnia
1839 4671 1969 4716 non
1992 4655 2089 4716 in-

536 4753 677 4816 nuit
705 4753 772 4812 in
813 4749 956 4826 illa3
993 4749 1154 4810 sicut
1205 4749 1393 4809 etiam
1435 4751 1708 4810 carentia
1731 4749 1948 4826 gratiae
1991 4747 2092 4809 vel

537 4845 858 4909 charitatis
883 4860 1010 4904 non
1039 4847 1131 4903 est
1155 4839 1320 4901 mala
1347 4840 1812 4902 circumstantia
1833 4857 2093 4919 operum

535 4939 891 5014 moralium,
913 4935 1064 4997 alias
1091 4936 1302 4996 omnia
1325 4953 1513 5015 opera
1534 4934 1866 5015 peccatoris
1889 4939 2093 4995 essent

540 5039 806 5115 peccata,
829 5029 994 5110 quod
1021 5027 1168 5090 fidei
1191 5034 1520 5108 repugnat.
1559 5027 1768 5106 Neque
1792 5026 1983 5087 etiam
2012 5043 2090 5087 ex

533 5129 646 5189 illa
663 5125 942 5194 carentia
961 5121 1107 5184 fidei
1129 5123 1474 5184 necessario
1500 5120 1808 5182 redundat
1837 5121 1906 5180 in
1935 5137 2089 5199 opus

537 5221 746 5301 aliqua
789 5214 1253 5280 circumstantia
1287 5233 1502 5294 prava,
1555 5220 1623 5274 nt
1649 5231 1728 5274 ex
1763 5213 1942 5274 dictis
1984 5231 2091 5292 pa-

537 5322 646 5391 tet,
687 5318 747 5373 et
777 5311 974 5390 magis
1013 5307 1320 5370 constabit
1347 5324 1424 5368 ex
1459 5305 1867 5366 solutionibus
1901 5323 2088 5384 argn-

536 5413 932 5481 mentorum3
977 5417 1124 5482 crgo
1173 5417 1302 5461 non
1351 5406 1442 5460 est
1493 5397 1660 5460 unde
1707 5399 1860 5460 talia
1899 5416 2089 5478 opera

534 5501 882 5565 infidelium
922 5495 1136 5561 omnia
1172 5495 1295 5554 siut
1330 5497 1612 5574 peccata.
1661 5491 1940 5554 Tandem
1982 5491 2088 5552 isti

991 355 1228 412 msPUT.
1265 357 1413 412 xvn.
1449 359 1531 414 DE
1564 357 1946 414 mrmmnus
1979 359 2103 414 NON
2137 357 2479 416 APOSTATIS
2508 363 2719 428 Quom
2754 359 2965 416 EORUM
3000 363 3287 419 PECGATA.

2186 458 2493 536 infideles,
2523 461 2879 542 priusquam
2914 461 2981 522 in
3020 462 3208 522 Deum
3233 480 3431 526 verum
3470 471 3681 538 credere

2191 555 2513 634 incipiant,
2546 562 2804 636 possunt
2850 553 3140 630 excitari,
3188 562 3256 616 ut
3297 558 3485 637 aliqua
3526 581 3683 642 opera

2192 648 2420 710 faciant
2452 649 2548 710 vel
2574 648 2905 710 audiendo,
2934 647 3033 708 vel
3059 648 3455 727 recogitando,
3492 657 3577 716 vel
3598 658 3685 719 de.

2190 742 2519 803 siderando
2562 742 2837 803 veritatis
2870 741 3280 820 cognitionem
3320 751 3381 804 et
3406 751 3687 810 assecutio-

2190 853 2359 911 nem,
2408 835 2505 898 vel
2548 836 2737 897 etiam
2776 834 3235 914 eleemosynam
3282 844 3385 896 aut
3426 839 3574 900 aliud
3622 845 3687 903 si·

2189 929 2337 990 mile
2386 946 2537 1008 opus
2592 928 2877 990 faciendo
2898 945 2921 1005 3
2961 928 3112 989 alias
3164 929 3263 990 vel
3306 931 3559 1008 omniuo,
3606 936 3687 996 vel

2188 1020 2508 1082 moraliter
2534 1037 2689 1082 esset
2719 1021 3089 1101 impossibile
3135 1040 3237 1084 eos
3268 1023 3345 1084 ad
3376 1025 3544 1086 fidem
3572 1046 3691 1090 con·

2184 1115 2378 1188 verti;
2416 1133 2565 1193 ergo
2620 1121 2874 1194 possunt
2920 1114 3027 1176 illa
3076 1133 3261 1194 opera
3311 1116 3434 1177 sine
3474 1127 3684 1198 peccato

2183 1209 2386 1272 facere
2420 1209 2607 1270 etiam
2640 1215 2786 1268 ante
2817 1207 3041 1281 fidem3
3070 1207 3223 1269 alias
3256 1211 3541 1288 quomodo
3572 1231 3685 1290 pos-

2184 1310 2322 1365 sent
2347 1302 2427 1364 ad
2452 1302 2560 1363 illa
2587 1301 2867 1362 facienda
2886 1301 3115 1378 ,induci
3142 1302 3274 1362 sine
3308 1310 3539 1380 peccato
3560 1323 3689 1366 con-

2184 1394 2463 1470 sulentis,
2498 1413 2602 1455 seu
2634 1393 2956 1455 docentis?

2258 1489 2324 1550 6.
2368 1485 2481 1552 Fit
2516 1486 2669 1551 satis
2708 1489 3127 1564 fundamentis
3148 1489 3365 1568 primoe
3402 1494 3686 1556 sententia.

2181 1615 2265 1630 —
2286 1583 2527 1663 Duplex
2554 1582 2846 1664 exspositio
2874 1582 2989 1644 loci
3025 1581 3219 1644 Pauli
3244 1582 3323 1644 ad
3334 1581 3497 1644 Rom.
3526 1587 3611 1646 14.
3626 1618 3693 1632 -

2184 1678 2475 1754 Superest
2520 1674 2889 1754 respondere
2943 1674 3017 1734 ad
3060 1683 3421 1751 argumenta
3439 1719 3459 1750 ,
3506 1683 3562 1736 et
3600 1678 3692 1736 im-

2182 1770 2398 1850 primis
2422 1769 2498 1830 ad
2540 1769 2895 1830 testimonia
2934 1768 3128 1845 Pauli,
3162 1787 3419 1848 quorum
3458 1770 3693 1848 primum

2181 1869 2315 1926 erat
2334 1861 2489 1924 illud
2514 1862 2596 1924 ad
2608 1863 2872 1924 Roman.
2908 1864 3023 1922 14:
3058 1859 3234 1934 Quod
3248 1879 3365 1924 mn
3382 1869 3547 1924 estex
3570 1866 3693 1938 side,

2170 1960 2489 2037 peceatum
2518 1961 2633 2028 est,
2682 1954 2849 2034 quod
2877 1955 3029 2016 duas
3074 1954 3264 2014 habet
3292 1955 3697 2033 interpretatio-

2180 2068 2313 2111 nes.
2351 2050 2489 2112 Una
2510 2057 2625 2124 est,
2655 2049 2816 2110 utin
2844 2067 2918 2110 eo
2952 2050 3037 2116 sit
3070 2064 3275 2108 sermo
3301 2045 3377 2107 de
3399 2047 3511 2108 tide
3533 2049 3695 2110 Theo·

2180 2142 2403 2221 logica,
2426 2149 2611 2224 prout
2634 2161 2795 2222 saepe
2820 2141 3063 2202 videtur
3086 2141 3460 2218 Augustinus
3480 2142 3694 2216 sentire,

2180 2235 2349 2296 etsie
2376 2235 2633 2296 verbum
2663 2232 2855 2296 illud:
2892 2231 3063 2307 Quod
3090 2251 3211 2294 non
3228 2236 3317 2296 est
3344 2250 3415 2294 em
3438 2234 3571 2309 fide,
3592 2251 3696 2294 nou

2181 2329 2490 2408 negative,
2518 2335 2588 2389 ut
2604 2334 2803 2404 sonat,
2838 2328 2943 2388 sed
2972 2327 3283 2388 contrarie
3308 2327 3697 2404 exponendum

2180 2429 2277 2482 est
2290 2437 2311 2499 3
2348 2423 2437 2482 ita
2466 2426 2536 2480 ut
2568 2421 2649 2480 sit
2676 2439 2909 2490 sensuS,
2940 2419 3103 2498 quod
3130 2437 3260 2480 non
3288 2424 3377 2479 est
3402 2436 3471 2479 ex
3494 2419 3619 2494 fide,
3646 2419 3697 2480 id

2180 2522 2294 2590 est,
2338 2513 2503 2594 quod
2550 2515 2696 2575 fidei
2749 2519 3077 2594 repugnat,
3130 2530 3240 2574 seu
3282 2511 3443 2590 quod
3484 2529 3593 2572 non
3624 2518 3699 2572 est

2180 2616 2660 2670 consentaneum
2690 2608 2858 2683 fidei,
2880 2607 3097 2668 saltem
3120 2603 3535 2680 materialiter,
3552 2613 3615 2664 ut
3630 2606 3700 2666 sic

2182 2702 2408 2764 dicam.
2464 2704 2541 2764 Et
2591 2702 2753 2764 hanc
2808 2701 3259 2780 expositionem
3320 2699 3601 2777 approbat
3638 2699 3697 2758 D.

2179 2797 2445 2858 Thomas
2474 2803 2733 2875 utroque
2766 2796 2900 2857 loco
2930 2796 3139 2869 citatO,
3180 2794 3265 2854 ad
3314 2797 3373 2869 1,
3420 2799 3479 2852 ct
3514 2793 3592 2852 sic
3612 2792 3703 2852 bo—

2178 2907 2331 2950 num
2356 2907 2510 2968 opus
2546 2888 2835 2964 infidelis„
2889 2887 3169 2966 quamvis
3216 2903 3344 2946 non
3378 2885 3456 2944 sit
3496 2901 3569 2944 ex
3604 2883 3701 2944 fide

2177 2981 2405 3042 directe
2446 2989 2509 3044 et
2534 2982 2817 3062 positive,
2853 2987 2927 3041 ut
2960 2980 3047 3040 sic
3072 2979 3305 3054 dicam,
3350 2996 3473 3038 uon
3514 2982 3596 3037 est
3630 2983 3704 3036 ta·

2176 3093 2319 3138 men
2350 3076 2727 3138 contrarium
2752 3072 2921 3146 fidei,
2954 3074 3081 3134 imo
3108 3071 3201 3132 illi
3232 3077 3699 3143 consentaneum,

2176 3173 2324 3248 qnia
2388 3167 2539 3230 fides
2597 3167 2751 3229 illud
2800 3166 3121 3246 approbat.
3172 3164 3389 3227 Altera
3442 3163 3705 3242 expositio

2175 3261 2361 3343 plana
2383 3269 2444 3324 et
2468 3259 2753 3323 litteralis
2780 3267 2893 3336 est,
2916 3258 3103 3321 fidem
3126 3259 3221 3319 ibi
3244 3277 3371 3320 non
3392 3255 3703 3335 significare

2174 3354 2609 3434 Theologicam
2628 3354 2840 3429 fidem,
2864 3351 2972 3414 sed
2994 3351 3333 3430 quamdam
3354 3349 3704 3422 fidelitatem,

2174 3466 2312 3528 quoe
2354 3447 2419 3508 iu
2466 3447 2721 3508 homine
2750 3446 2923 3508 ‘bene
2974 3451 3275 3524 operante
3312 3442 3628 3522 requiritur
3649 3441 3705 3501 in

2172 3541 2389 3602 ordine
2416 3540 2495 3602 ad
2514 3541 2824 3602 dictamen
2869 3538 3307 3610 conscientioe3
3336 3537 3497 3598 unde
3522 3551 3708 3596 sensus

2172 3641 2287 3710 est,
2312 3633 2473 3714 quod
2505 3650 2630 3695 non
2658 3640 2751 3694 est
2782 3650 2859 3692 ex
2886 3631 3033 3706 fide,
3062 3631 3125 3692 id
3154 3637 3275 3704 est,
3322 3629 3485 3710 quod
3512 3645 3627 3688 non
3648 3625 3709 3687 fit

2171 3728 2513 3790 secundnm
2574 3728 2881 3788 dictamen
2938 3724 3329 3786 conscientia
3350 3769 3369 3799 ‚
3420 3727 3709 3804 peccatum

2172 3828 2283 3884 est.
2318 3823 2393 3882 Et
2434 3821 2567 3882 hoec
2592 3819 2893 3900 expositio
2926 3823 3017 3878 cst
3042 3823 3457 3878 consentanea
3488 3820 3706 3875 contex-

2171 3916 2265 3976 tui
2294 3914 2465 3976 Pauli
2487 3914 2555 3975 in
2594 3919 2725 3974 toto
2750 3911 2949 3992 capite
2965 3927 2987 3989 5
3021 3917 3085 3972 et
3123 3911 3211 3972 ita
3237 3924 3335 3972 est
3360 3927 3525 3972 mmc
3566 3923 3711 3970 com·

2172 4008 2449 4070 munitet
2488 4012 2758 4086 recepta,
2815 4011 2883 4066 ut
2923 4005 2991 4066 in
3028 4003 3481 4084 expositoribus
3510 4000 3710 4062 videre

2170 4099 2336 4162 licet.

2253 4198 2311 4256 7.
2355 4191 2711 4275 Reponitur
2732 4191 2897 4256 alim
2927 4189 3118 4254 Pauli
3139 4190 3311 4252 loeus
3336 4191 3420 4254 ad
3434 4189 3631 4252 mm
3654 4188 3708 4258 4,

2174 4291 2232 4350 et
2260 4287 2425 4350 alius
2462 4285 2655 4348 Hebr.
2694 4287 2789 4345 u.
2812 4316 2894 4331 —-
2926 4284 3281 4346 Secundum
3314 4282 3711 4344 testimonium

2175 4380 2345 4441 Pauli
2376 4384 2509 4440 erat
2534 4377 2613 4439 ad
2645 4379 2854 4438 Titum
2896 4379 2919 4437 ⁴
2969 4395 2983 4436 z
3020 4377 3381 4456 Infidelibus
3436 4374 3587 4438 nihil
3630 4375 3713 4434 est

2168 4474 2479 4536 mundum.
2526 4471 2603 4532 Et
2658 4472 2725 4532 in
2778 4469 2935 4532 illud
2982 4470 3247 4549 quadrat
3301 4470 3531 4550 optime
3560 4465 3713 4546 prior

2168 4567 2467 4646 expositio
2486 4564 2629 4626 data
2648 4564 2713 4626 in
2740 4564 3109 4644 praecedenti
3132 4563 3513 4638 testimonio3
3533 4559 3713 4639 loqui·

2168 4665 2272 4720 tur
2298 4658 2469 4720 enim
2504 4656 2729 4718 Paulus
2755 4661 2847 4734 (ut
2882 4659 2970 4720 sic
3000 4655 3224 4738 dicam)
3272 4655 3609 4718 formaliter
3644 4650 3711 4712 de

2171 4749 2523 4812 infidelibus
2551 4768 2627 4810 ex
2664 4749 3033 4812 infidelitate
3052 4750 3479 4830 operantibnS,
3510 4755 3571 4810 et
3592 4761 3711 4824 spe-

2170 4842 2409 4903 cialiter
2440 4841 2517 4902 de
2542 4841 2775 4904 Judaeis
2810 4842 3285 4904 observantibus
3312 4839 3709 4908 caeremonias,

2172 4941 2235 4995 et
2262 4934 2787 5013 distinguentibus
2812 4936 2978 4997 iuter
3000 4935 3167 4996 cibos
3198 4935 3467 4997 mundos
3508 4939 3568 4993 et
3608 4933 3713 4990 im·

2171 5027 2433 5088 mundos
2469 5027 2594 5088 ritu
2630 5027 2917 5104 Judaico‚
2949 5035 3010 5090 et
3060 5029 3149 5089 sic
3190 5029 3343 5088 dicit
3382 5022 3712 5088 infidelibus

2177 5121 2335 5182 nihil
2364 5137 2492 5183 ease
2522 5120 2851 5183 mundum.
2884 5122 2975 5182 lta
3014 5122 3297 5202 exposuit
3324 5119 3710 5199 Augustinus,

2174 5215 2251 5275 13
2286 5220 2499 5274 contra
2544 5213 2865 5291 Faustum,
2896 5217 2952 5287 l,
2984 5218 3045 5276 4.
3090 5215 3279 5278 Addit
3315 5221 3607 5294 praeterea
3632 5206 3714 5270 di·

2169 5324 2279 5367 vus
2308 5305 2599 5382 Thomas,
2631 5306 2695 5366 in
2742 5307 2907 5368 dicta
2940 5307 3267 5383 solutione,
3305 5305 3389 5368 ad
3432 5305 3709 5385 primum,

2168 5397 2449 5460 infideles
2476 5400 2602 5460 dici
2628 5398 2787 5460 nihil
2816 5399 3041 5462 habere
3072 5399 3408 5474 miindnm,
3434 5415 3557 5460 non
3576 5394 3710 5474 quia

2168 5509 2411 5572 semper
2450 5499 2726 5572 peccant,
2782 5494 2889 5556 sed
2928 5493 3077 5574 quia
3121 5496 3253 5556 sinc
3300 5501 3549 5574 peceato
3592 5503 3711 5552 esso
