3900 6217
487 459 658 512 ster.
693 459 754 511 ΙΙ.
791 457 872 508 ΑΝ
905 454 1110 508 oum-:s
1142 451 1450 508 nAERETtm
1483 445 1816 504 SECUNDUM
1849 446 2047 499 LEGES
2078 443 2391 498 EceLEstAE
2421 445 2627 500 MORTE
2660 440 3032 508 PUNJANTUR,

761 703 976 758 sEc'rlo
1009 705 1070 758 11.

266 890 466 954 Utrum
483 903 679 949 omnes
706 886 976 949 ltoerecici
1000 886 1316 948 secundum
1341 883 1637 948 Ecclesia!

431 979 585 1062 loyes
607 996 787 1062 poena
815 979 1032 1042 mortis
1061 978 1432 1060 afficiantur.

256 1207 306 1262 ι.
345 1199 560 1264 Prima
598 1199 936 1281 suppositio
974 1217 1092 1280 pro
1131 1199 1442 1266 decisione.
1471 1217 1544 1262 em
1565 1200 1716 1277 juro

191 1295 336 1362 civili
353 1294 880 1372 sumpta—Item
909 1310 981 1356 ιω
1005 1292 1306 1356 canonico.
1333 1323 1410 1338 -
1431 1293 1716 1354 Diximus

189 1390 252 1450 dc
269 1390 583 1468 potestatc3
605 1384 936 1448 dicendum
962 1386 1239 1466 sequitur
1267 1385 1344 1448 de
1365 1391 1531 1461 actu,
1555 1392 1621 1447 et
1646 1386 1716 1448 in

185 1483 284 1543 hoc
305 1478 705 1558 supponimus
725 1478 952 1558 primo,
991 1496 1240 1558 poenam
1267 1479 1484 1540 mortis
1511 1480 1714 1558 impo-

187 1577 340 1636 sitam
377 1589 507 1632 esse
547 1569 855 1632 haereticis
891 1572 1032 1651 jure
1065 1571 1348 1651 positivo.
1401 1571 1544 1634 Haec
1571 1591 1714 1653 sup-

183 1665 378 1748 positio
401 1670 643 1726 constat
665 1665 866 1745 primo
893 1683 968 1728 ex
983 1665 1127 1744 jure
1155 1664 1435 1740 civili,.in
1463 1665 1504 1727 l.
1527 1668 1714 1730 Aria-

185 1762 257 1832 ni,
283 1760 344 1820 C.
371 1758 444 1820 de
475 1759 730 1836 Haeret„
765 1759 873 1820 ubi
905 1757 1252 1839 specialiter
1289 1764 1381 1819 est
1407 1777 1610 1820 sermo
1635 1760 1712 1824 de

179 1851 540 1926 Manicbaeis3
593 1858 802 1914 tamen
851 1851 918 1914 in
970 1852 1014 1913 l.
1059 1851 1428 1934 Quicunque,
1493 1853 1712 1914 eodem

179 1947 257 2008 tit.
264 1943 670 2024 ,generaliter
695 1943 892 2007 fertur
916 1945 1014 2005 his
1039 1945 1276 2006 verbis:
1320 1946 1550 2009 Ultimo
1571 1965 1715 2027 sup-

174 2039 330 2121 plicia
357 2043 722 2114 mosam,
749 2036 856 2118 qm·
883 2037 1106 2102 illicita
1129 2039 1328 2102 dooere
1354 2041 1717 2112 tentaverim

175 2132 298 2210 quia
337 2147 478 2192 vero
525 2128 682 2192 illud
727 2129 987 2192 verbum
1029 2131 1252 2195 docere.
1297 2149 1424 2192 non
1464 2132 1711 2194 videtur

172 2241 358 2286 omnes
399 2222 944 2301 comprehendere,
981 2224 1154 2286 addit
1199 2223 1484 2302 Glossa,
1467 2245 1534 2286 m
1569 2245 1704 2306 cap.

173 2317 782 2392 Ecoommwnicamm,
837 2319 900 2392 2,
940 2317 1110 2380 verb.
1153 2319 1482 2394 Pto-aiendi,
1535 2327 1709 2384 extra

173 2410 234 2472 de
260 2411 569 2486 Haeretic„
599 2410 883 2472 eamdem
903 2429 1036 2472 esse
1066 2412 1372 2474 rationem
1402 2413 1478 2474 de
1507 2413 1708 2474 addis-

173 2503 442 2578 centibus,
472 2503 630 2582 quia
661 2502 766 2564 illa
789 2503 936 2579 duo,
963 2505 1164 2568 dooere
1189 2511 1251 2566 ct
1269 2507 1496 2570 discere
1523 2507 1710 2570 illici-

170 2600 244 2668 ta,
290 2595 350 2656 in
379 2595 534 2672 Jure
579 2594 1064 2676 aequiparantur,
1112 2596 1156 2658 l.
1205 2596 1420 2677 Culpa,
1452 2599 1598 2660 Cod.
1632 2600 1710 2660 de

81 2765 94 2772 -
176 2687 476 2750 Maleficiis.
519 2689 598 2748 Et
643 2689 926 2750 eamdem
955 2707 1208 2769 poenam
1236 2689 1450 2752 tulisse
1495 2695 1736 2752 coutra'

170 2800 352 2844 omnes
377 2781 714 2844 haereticos
737 2782 1096 2846 Michaelem
1130 2784 1588 2863 imperatorem,
1610 2805 1706 2848 re-

173 2876 289 2950 fert·
317 2876 544 2938 Paulus
595 2877 924 2954 Diaconus,
975 2878 1084 2940 lib.
1149 2883 1226 2944 14
1273 2879 1592 2957 Historiae3
1647 2889 1708 2944 et

177 2969 420 3030 eamdem
473 2984 688 3048 postea
721 2969 887 3045 tulit,
913 2978 975 3032 et
1003 2973 1200 3051 magis
1230 2973 1564 3038 declaravit
1589 2977 1710 3035 im-

177 3069 386 3140 perator
411 3063 786 3136 Fridericus,
813 3063 878 3124 in
906 3063 1032 3142 leg.
1064 3066 1522 3142 Inconeutilem,
1553 3073 1615 3127 et
1643 3067 1710 3128 111

170 3153 268 3234 leg.
295 3154 670 3230 Conuiuis,
687 3174 824 3236 quae
845 3156 910 3218 in
935 3157 1058 3219 fine
1084 3159 1424 3234 Directorii,
1453 3179 1596 3240 pag.
1634 3163 1712 3224 16

173 3248 430 3310 editionis
455 3250 616 3312 anni
641 3251 824 3324 1578,
847 3251 1220 3326 referuntur,
1246 3259 1311 3313 et
1331 3254 1518 3334 paulo
1545 3254 1710 3316 iufe-

171 3341 278 3400 rius
335 3343 538 3421 magis
592 3343 1091 3422 explicabimtur.
1147 3346 1428 3408 Secundo
1449 3391 1470 3421 ,
1543 3346 1710 3408 idem

168 3441 379 3496 constat
416 3454 498 3497 ex
546 3437 697 3516 jure
739 3439 1060 3510 canonico,
1091 3443 1162 3498 ut
1191 3445 1355 3516 patet
1387 3456 1464 3499 ex
1496 3439 1712 3500 multis

167 3524 349 3603 bullis,
379 3531 616 3608 quibus
642 3531 952 3611 proedictae
977 3531 1147 3610 leges
1169 3531 1596 3611 approbantur
1649 3539 1713 3593 et

165 3621 545 3700 recipiuntur.
591 3641 732 3702 quas
773 3625 838 3684 in
895 3624 1114 3686 eodem
1173 3625 1514 3686 Directorio'
1558 3625 1712 3686 refe-

166 3719 394 3786 runtur;
441 3721 508 3778 et
533 3715 680 3776 ideo
723 3716 790 3778 in
831 3735 966 3796 cap.
1008 3716 1112 3779 Aa
1137 3718 1441 3793 abolenda,
1472 3717 1712 3798 §Proe-

166 3809 322 3881 senti,
349 3809 586 3871 dicitur
631 3808 744 3870 hos
783 3810 1100 3872 haereticos
1139 3810 1392 3872 brachio
1434 3811 1713 3874 saeculari

165 3915 278 3960 esse
321 3902 704 3976 tradendos„
759 3901 970 3964 debita
1021 3903 1554 3968 animadversione
1601 3921 1714 3983 pu-

165 3993 418 4056 niendos.
471 3997 554 4056 Et
578 3996 674 4056 ita
709 3995 980 4058 Ecclesia
1025 4013 1152 4056 nou
1179 3995 1380 4056 solum
1415 3995 1716 4076 approbat

165 4083 282 4146 illas
315 4087 508 4168 leges,
559 4090 674 4150 sed
703 4089 889 4150 etiam
919 4088 1054 4150 vult
1081 4095 1152 4150 ut
1176 4088 1415 4168 judices
1443 4089 1581 4150 laici
1619 4108 1712 4150 se·

165 4180 410 4245 cundum
459 4181 610 4244 illas
648 4183 816 4262 juste
858 4183 1160 4261 judicent,
1211 4182 1460 4262 quando
1498 4182 1712 4261 hujus·

165 4273 312 4334 modi
335 4275 426 4336 rei
478 4276 742 4338 illorum
767 4277 1184 4356 jurisdictioni
1211 4278 1708 4345 committuntur.

165 4381 262 4426 nec
287 4375 548 4445 possunt
577 4369 726 4432 laici
747 4370 985 4448 judices
1009 4369 1198 4432 talem
1228 4387 1480 4450 poenam
1504 4371 1714 4432 remit·

165 4463 294 4526 tere.
317 4462 501 4541 juxta
541 4481 682 4543 cap.
719 4470 786 4524 ut
827 4463 1122 4543 Officium,
1170 4464 1248 4526 de
1273 4465 1524 4533 Hairet„
1553 4465 1618 4524 in
1647 4467 1707 4536 6,

164 4561 222 4614 ut
241 4557 432 4636 magis
471 4558 822 4636 explicatur
864 4560 933 4619 in
972 4559 1144 4620 Bulla
1173 4558 1408 4620 Urbani·
1440 4560 1540 4633 lv,
1571 4577 1712 4639 quae

167 4645 356 4725 incipit
389 4651 592 4720 licet,
643 4656 706 4710 et
737 4653 806 4712 111
835 4651 1014 4714 Bulla
1066 4651 1407 4714 innocentii
1444 4652 1542 4724 tv,
1575 4669 1713 4731 qum

166 4736 360 4818 incipit
405 4743 804 4820 Statuimus,
859 4745 1068 4808 relatis
1117 4745 1184 4806 111
1213 4745 1570 4817 Directorio,
1605 4746 1714 4806 ubi

164 4847 346 4910 supra.

227 4927 284 4986 2·
327 4929 625 4996 Secunda
678 4933 1040 5014 suppositio,
1068 4932 1270 4996 vav-ios
1323 4951 1448 4998 esso
1485 4934 1716 5014 qradm

163 5015 590 5086 hereticorum.
612 5056 695 5071 -
713 5025 1018 5098 Secundo,
1049 5025 1200 5104 quia
1226 5025 1360 5086 boec
1396 5026 1542 5105 jura
1587 5044 1718 5088 non

162 5111 357 5176 eodem
389 5116 588 5178 modo
601 5116 680 5178 de
707 5117 998 5179 omnibus
1018 5118 1326 5196 haereticis
1349 5119 1712 5197 loquuntur,

163 5210 256 5262 aut
301 5207 440 5269 illos
497 5210 1064 5289 comprehendunt,
1089 5211 1232 5272 ideo
1255 5217 1328 5271 ut
1391 5212 1718 5290 quaestioni

165 5287 474 5376 propositis
517 5301 1030 5382 respondeamus,
1075 5309 1140 5366 et
1185 5304 1564 5384 explicemus
1609 5305 1719 5383 qui

163 5385 416 5454 haeretici
437 5403 506 5456 et
530 5397 786 5475 quando
805 5415 988 5477 poena
1015 5397 1230 5458 mortis
1241 5397 1550 5459 afficiendi
1571 5397 1718 5472 sint,

169 5479 534 5565 distinguere
567 5497 812 5569 oportet
856 5490 1062 5552 varios
1103 5489 1536 5552 haereticorum
1585 5506 1723 5567 gra-

169 5581 288 5640 dus.
321 5583 536 5645 Primo
571 5583 744 5648 enim
794 5584 1176 5666 distinguere
1221 5582 1357 5644 illos
1397 5599 1725 5664 possumus

3234 439 3346 500 581

1791 547 1858 607 in
1906 544 2362 621 liaeresiarchas,
2408 545 2517 625 qui
2560 545 2749 607 etiam
2792 544 3179 621 dogmatistae
3226 543 3357 609 dici

1794 638 2015 713 solent,
2056 644 2120 700 et
2146 638 2295 698 alios
2336 637 2717 699 addiscentes
2754 643 2816 698 et
2842 636 2966 698 illis
3005 637 3347 700 credentes.

1795 734 2027 796 Deinde
2053 731 2308 813 quidam
2350 750 2429 792 ex
2458 733 2556 795 his
2600 732 2904 794 haereticis
2930 731 3225 792 dicuntur
3252 751 3350 792 re-

1795 827 1977 910 lapsi,
2006 828 2151 906 quia
2180 832 2317 906 post
2361 827 2707 904 abjuratam
2748 825 3108 886 solemniter
3158 825 3351 886 haere-

1795 921 1910 982 sim
1944 921 2171 982 iterum
2200 920 2266 980 in
2302 936 2439 979 eam
2480 918 2635 998 lapsi
2672 926 2837 979 sunt.
2876 917 2999 978 Alii
3030 937 3177 980 vero
3205 923 3353 978 suut

1795 1015 2157 1094 simpliciter
2208 1013 2363 1094 lapsi
2418 1012 2485 1074 in
2540 1013 2845 1087 baeresim,
2896 1012 3027 1074 sine
3078 1011 3353 1073 recidiva

1795 1116 1931 1188 post
1958 1108 2437 1189 abjurationem.
2466 1106 2741 1186 Denique
2783 1105 3051 1167 haeretici
3086 1106 3197 1185 qui
3236 1123 3351 1184 pu-

1795 1202 2074 1277 niuntur,
2119 1201 2375 1280 quidam
2408 1206 2554 1262 sunt
2598 1200 2972 1280 pertinaces,
3014 1199 3163 1277 quia
3214 1203 3351 1277 post

1793 1294 2197 1356 sufficientem
2227 1294 2696 1356 instructionem
2724 1298 2788 1354 et
2834 1291 3345 1364 admonitionem,

1795 1389 2021 1450 factam
2048 1390 2235 1448 etiam
2263 1406 2302 1447 a
2317 1386 2632 1466 judicibus
2656 1385 2824 1461 fidei,
2848 1386 2917 1446 111
2959 1385 3087 1445 suis
3123 1382 3351 1445 errori·-

1793 1479 1911 1541 bus
1939 1488 2355 1559 perseverant.
2394 1479 2515 1540 Alii
2544 1497 2691 1541 vero
2714 1484 2861 1539 sunt
2891 1477 2995 1557 qui
3028 1495 3093 1536 se
3126 1475 3351 1538 Catho-

1792 1574 1942 1637 licos
1970 1573 2366 1653 profitentur,
2414 1579 2563 1634 sunt
2604 1578 2814 1634 tamen
2862 1570 3347 1651 impoenitentes,

1793 1687 1865 1729 ac
1903 1667 2163 1748 proinde
2204 1667 2283 1728 de
2330 1685 2442 1728 sua
2486 1665 2881 1729 conversione
2929 1663 3029 1725 vel
3084 1663 3208 1724 fidc
3262 1664 3353 1724 ita

1793 1761 2079 1841 suspecti,
2114 1765 2184 1821 ut
2208 1760 2339 1822 ficti
2374 1765 2868 1841 proesumantur3
2899 1765 2961 1820 et
2988 1754 3349 1836 hujusmodi

1795 1861 1939 1916 sunt
1981 1854 2095 1933 qui
2146 1860 2380 1933 negant
2425 1851 2721 1914 delictum
2774 1851 3048 1927 haeresis,
3094 1850 3171 1912 de
3224 1865 3351 1928 quo

1794 1947 2058 2010 convicti
2084 1952 2253 2021 sunt,
2288 1946 2387 2008 vel
2415 1947 2604 2008 etiam
2631 1945 2739 2026 qui
2772 1944 2927 2006 illud
2952 1944 3346 2016 confitentur,

1793 2047 1941 2102 sunt
1958 2050 2172 2102 tamen
2204 2040 2274 2100 in
2301 2057 2413 2102 sua
2440 2039 2818 2101 confessione
2847 2036 3162 2110 diminuti,
3201 2034 3350 2114 quia

1794 2133 1892 2196 vel
1945 2151 2073 2196 non
2124 2151 2341 2196 omnes
2386 2151 2645 2207 errores,
2702 2131 2778 2192 de
2822 2130 3045 2210 quibus
3084 2126 3349 2190 convicti

1789 2234 1958 2304 sunt,
2008 2227 2415 2303 confitentur,
2459 2225 2560 2287 vel
2600 2223 2926 2303 complices
2946 2267 2967 2297 ,
3005 2222 3081 2282 de
3122 2220 3347 2298 quibus

1787 2324 1976 2386 etiam
2005 2323 2150 2384 satis
2174 2329 2434 2398 constat,
2463 2320 2778 2382 declarare
2806 2319 3051 2380 nolunt.
3083 2315 3205 2378 Alii
3244 2333 3349 2376 ve-

1787 2435 1858 2478 ro
1897 2421 2043 2476 sunt
2082 2421 2145 2476 et
2184 2416 2462 2476 conversi
2502 2413 2583 2476 ad
2618 2413 2832 2490 fidem,
2870 2417 2933 2472 et
2969 2409 3346 2472 sufficienter

1787 2509 2183 2588 poenitentes‚
2212 2515 2514 2588 quantum
2545 2525 2625 2568 ex
2648 2507 2841 2586 signis
2881 2510 2944 2565 et
2970 2501 3349 2566 confessione

1788 2602 2039 2663 illorum
2070 2601 2333 2680 intelligi
2366 2606 2582 2680 potest.

1872 2699 1931 2758 3.
1979 2697 2199 2758 Prima
2229 2695 2503 2758 assertio.
2534 2726 2615 2741 —
2656 2694 2963 2756 Probatur
2994 2691 3219 2771 primo.
3265 2718 3349 2735 —

1787 2789 1997 2851 Primo
2024 2806 2175 2865 ergo
2204 2787 2536 2849 dicendum
2566 2793 2656 2850 est
2680 2787 3023 2858 haereticos,
3070 2783 3179 2862 qui
3210 2786 3347 2861 post

1787 2881 2194 2944 sufficientem
2225 2882 2715 2956 instructionem,
2747 2888 2809 2942 et
2860 2876 3347 2940 admonitionem

1789 2974 2091 3046 Ecclesiae,
2122 2980 2184 3035 et
2198 2973 2499 3053 judicium
2528 2974 2682 3053 ejus,
2708 2973 2775 3033 111
2802 2990 2914 3032 suo
2932 2989 3138 3032 errore
3156 2968 3349 3050 perti-

1789 3085 1975 3130 naces
2002 3073 2173 3142 sunt,
2204 3085 2393 3146 poena
2434 3067 2647 3128 mortis
2685 3063 3191 3128 irremissibiliter
3216 3079 3347 3124 esse

1789 3161 2157 3241 puniendos.
2210 3161 2301 3220 Ita
2346 3160 2572 3221 docent
2628 3177 2843 3220 omnes
2886 3159 3187 3230 Doctores,
3236 3155 3349 3235 qui

1789 3255 1866 3316 de
1893 3254 2011 3316 hac
2038 3252 2298 3314 materia
2329 3259 2621 3326 tractant3
2640 3254 2871 3328 Castro,
2892 3249 2995 3310 lib.
3027 3253 3055 3311 ¹
3088 3249 3165 3309 de
3189 3250 3343 3310 Just.

1789 3346 2007 3408 haeret.
2049 3347 2282 3426 punit„
2326 3365 2463 3428 cap.
2497 3349 2557 3422 7,
2588 3354 2651 3408 et
2692 3345 2801 3406 lib.
2847 3346 2912 3418 2,
2941 3361 2979 3403 a
3009 3341 3345 3422 principio;

1791 3439 2223 3518 Repertorium
2270 3439 2657 3518 inquisitor„
2709 3438 2880 3500 verb.
2936 3436 3259 3511 Haeretici,
3288 3440 3353 3496 et

1790 3532 1963 3595 verb.
1990 3533 2292 3596 Pertinax
2310 3559 2335 3606 ,·
2357 3533 2557 3596 Julius
2585 3532 2821 3604 Clarus,
2840 3532 2949 3593 lib.
2984 3532 3045 3606 5,
3072 3529 3352 3611 §Hare-

1790 3626 1924 3696 113,-
1952 3627 2293 3702 Simancas,
2324 3628 2621 3699 Instituit„
2656 3625 2819 3686 titul.
2855 3629 2891 3686 “1
2916 3625 3107 3698 et483
3137 3621 3347 3701 Rojas,

1791 3724 1971 3781 tract.
2006 3720 2083 3780 de
2126 3721 2378 3796 Haeret„
2410 3725 2568 3800 part.
2600 3723 2663 3796 2,
2690 3725 2904 3782 asseri.
2943 3719 3059 3790 253
3101 3717 3347 3789 Covar.,

1791 3811 1902 3874 lib.
1945 3816 1986 3874 2
2026 3813 2295 3890 Variar.,
2336 3831 2474 3894 cap.
2509 3815 2611 3888 10,
2641 3830 2818 3872 num.
2849 3813 2956 3888 103
2989 3811 3167 3885 Azor,
3193 3815 3345 3868 tom.

1797 3909 1857 3980 l,
1881 3905 1993 3967 lib.
2026 3909 2087 3981 8,
2124 3925 2258 3986 cap.
2292 3909 2391 3983 43,
2426 3924 2465 3966 a
2510 3923 2722 3984 parag.
2778 3905 3009 3967 Ultima
3036 3918 3212 3985 poena
3234 3927 3261 3975 ;
3288 3905 3355 3962 et

1798 3999 2033 4073 Panna,
2059 4000 2127 4060 in
2167 3999 2492 4073 Dii-ector„
2520 4002 2559 4060 2
2584 4003 2741 4078 part.
2752 4041 2771 4073 ,
2802 4001 3205 4058 commentar.
3246 3996 3349 4068 65,

1793 4093 1903 4170 qui
1932 4091 2086 4152 alios
2107 4093 2318 4154 refert.
2352 4091 2603 4154 Probari
2641 4097 2839 4171 potoet
2860 4091 3063 4170 primo
3090 4107 3167 4149 ex
3190 4087 3353 4148 anti-

1795 4185 1932 4264 quis
1958 4185 2203 4262 legibus
2236 4185 2539 4260 civilibus,
2569 4201 2710 4264 quae
2758 4184 2919 4246 hanc
2953 4200 3195 4263 pinnam
3225 4181 3352 4245 hae-

1795 4278 2001 4338 reticis
2024 4278 2379 4358 imponunt,
2413 4296 2559 4340 nam
2613 4279 2683 4338 in
2732 4276 3043 4356 aliquibus
3072 4273 3355 4336 mandari

1795 4371 1979 4432 debet
2000 4373 2351 4434 executioni
2370 4395 2388 4448 ;
2412 4391 2563 4450 ergo
2588 4372 2860 4432 maxime
2887 4372 2953 4431 in
2974 4370 3071 4430 his
3090 4369 3197 4448 qui
3224 4367 3355 4430 hoe-

1793 4465 1969 4528 retici
1990 4481 2427 4544 perseverant3
2458 4483 2743 4545 expresse
2770 4483 2943 4537 vero,
2982 4470 3043 4525 et
3069 4463 3136 4523 in
3164 4461 3355 4542 parti-

1795 4559 1984 4620 culari
2014 4559 2128 4620 hoc
2174 4559 2437 4620 sancivit
2461 4555 2725 4632 Frider.‚
2758 4559 2825 4619 111
2869 4558 3033 4618 dicta
3056 4556 3101 4618 1.
3138 4555 3357 4619 Incon-

1795 4651 2055 4716 sufflm.
2083 4651 2389 4725 Secundo,
2420 4651 2485 4712 id
2514 4657 2605 4712 est
2652 4651 3047 4712 manifestum
3102 4650 3171 4710 in
3214 4653 3357 4727 jure

1794 4744 2114 4819 canonico,
2146 4763 2280 4823 rap.
2318 4742 2421 4808 Aa
2444 4745 2809 4816 abolendam,
2840 4749 2903 4804 et
2933 4761 3063 4822 cap.
3096 4743 3357 4806 Bascam-

1794 4837 2193 4912 mtmioamws,
2218 4855 2363 4898 cum
2389 4836 2549 4910 aliis,
2571 4837 2647 4898 de
2678 4837 3013 4911 Hoereticis,
3038 4837 3103 4896 in
3130 4836 3357 4915 quibus

1795 4932 2044 5003 dicitur,
2075 4947 2201 5006 eos,
2246 4929 2356 5009 qui
2396 4949 2506 5009 per
2541 4929 2910 4991 senteutiam
2962 4929 3356 4990 declarantur

1794 5023 2091 5096 haeretici,
2119 5024 2240 5086 nisi
2288 5023 2582 5085 continuo
2618 5023 3004 5101 resipiscant,
3048 5027 3111 5081 et
3162 5023 3358 5101 parati

1794 5117 1920 5178 siut
1940 5117 2019 5176 ad
2046 5117 2421 5196 abjurandos
2454 5133 2715 5186 errores,
2747 5123 2810 5176 et
2857 5114 3359 5176 satisfaciendum

1797 5209 2099 5285 Ecclesiae,
2126 5209 2453 5271 confestim
2482 5209 2669 5269 curias
2696 5207 2972 5270 saeculari
3000 5207 3355 5282 tradendos,

1799 5302 2335 5364 animadversione
2370 5300 2577 5364 debita
2628 5300 2997 5380 puniendos,
3026 5299 3235 5362 debita
3266 5299 3363 5360 ni·

1801 5397 2029 5456 mirum
2056 5395 2397 5458 secundum
2416 5394 2567 5472 jura
2606 5394 2835 5468 civilia,
2864 5411 3002 5472 quae
3050 5398 3143 5453 est
3180 5411 3361 5471 pecua

1803 5488 2041 5566 mortis,
2066 5495 2139 5550 ut
2166 5489 2369 5550 visum
2394 5493 2505 5550 est.
2536 5487 2767 5561 Tertio,
2788 5493 2881 5548 est
2910 5493 3145 5566 optima
3176 5489 3357 5560 ratio,

1801 5582 1949 5661 quia
1976 5581 2083 5644 isti
2110 5586 2253 5642 sunt
2290 5580 2590 5657 haeretici,
2622 5584 2693 5641 ut
2730 5579 2815 5640 sic
2840 5578 3071 5656 dicam,
3100 5581 3169 5640 111
3195 5597 3365 5643 sum·
