3900 6217
942 367 1109 420 SEcT.
1146 368 1224 421 vl.
1261 368 1343 419 AN
1378 364 1541 420 ORDO
1574 365 2015 419 connssc‘rioNis
2047 365 2392 419 FRATERNAE
2423 362 2702 418 OBLlGET.

230 488 357 531 nou
400 474 532 531 erat
573 469 775 531 adhue
826 468 1095 529 stabilita
1138 468 1311 529 fides.
1358 470 1534 529 Nune
1574 474 1785 531 autem

232 570 431 642 potest
470 562 640 623 aliud
666 561 975 643 expedire,
1008 561 1183 623 sicuti
1206 561 1483 623 videmus
1512 563 1578 621 in
1608 562 1787 623 coha-

230 658 530 718 bitatione
570 658 849 735 conjugis
896 655 1092 717 fidelis
1140 674 1283 717 eum
1338 655 1596 728 infideli,
1649 674 1787 736 quae

230 770 401 813 nune
432 749 814 829 prohibetur,
863 767 1003 810 cum
1036 749 1185 810 olim
1227 768 1262 809 a
1310 749 1499 809 Paulo
1538 751 1790 829 permit-

230 849 485 903 teretur.
527 842 645 903 Sed
673 842 893 903 melius
920 842 1171 918 dieitur,
1214 843 1265 903 si
1316 849 1550 904 constet
1600 844 1791 905 haere-

230 938 425 996 ticum
482 954 611 997 esse
659 954 802 996 vere
851 935 1213 997 haeretieum
1258 942 1320 995 et
1382 938 1785 1015 pertinacem,

224 1030 355 1108 jam
388 1028 567 1089 illum
604 1047 734 1090 esse
764 1028 953 1089 semel
979 1034 1040 1089 et
1068 1029 1293 1090 iterum
1340 1030 1726 1091 admonitum
1754 1049 1791 1091 a

229 1128 361 1183 tota
386 1123 679 1196 Ecclesia,
711 1128 772 1183 et
802 1122 938 1182 ideo
982 1122 1190 1183 statim
1236 1142 1365 1185 esse
1389 1124 1790 1185 devitandum

233 1222 297 1276 et
368 1215 861 1275 denuntiandum
888 1230 908 1291 ;
976 1218 1027 1275 si
1086 1224 1294 1275 autem
1360 1234 1486 1277 non
1558 1222 1793 1277 constet

232 1309 411 1370 illum
461 1328 539 1369 ex
580 1309 941 1389 pertinacia,
970 1310 1077 1371 sed
1108 1315 1355 1370 tantum
1384 1328 1461 1371 ex
1492 1310 1791 1387 ignoran-

230 1402 319 1461 tia
352 1403 541 1463 etiam
583 1401 875 1482 culpabili
906 1420 1133 1480 errare,
1185 1409 1333 1481 tunc
1362 1421 1534 1483 posse
1579 1404 1791 1463 admo-

232 1494 392 1570 neri,
440 1501 511 1555 ut
562 1495 651 1555 ait
710 1494 1179 1573 Chrysostomus
1199 1540 1220 1571 ,
1260 1514 1332 1555 co
1388 1494 1520 1556 loco
1579 1496 1787 1569 Pauli;

234 1590 517 1669 quamvis
564 1608 781 1651 revera
816 1589 903 1649 ibi
953 1608 1155 1652 sermo
1198 1608 1323 1650 non
1354 1590 1457 1667 sit,
1492 1597 1559 1650 ut
1606 1608 1793 1669 supra

232 1686 649 1763 exposuimus,
674 1686 750 1744 ad
774 1686 1043 1765 privatas
1065 1704 1377 1765 personas,
1398 1684 1502 1745 sed
1526 1686 1600 1745 ad
1632 1704 1791 1765 prae-

230 1776 413 1851 latos,
454 1796 653 1857 neque
681 1778 757 1839 de
785 1778 1277 1853 denuntiatione,
1309 1778 1413 1839 sed
1442 1778 1517 1839 de
1544 1796 1791 1839 excom-

232 1872 677 1949 municatione,
705 1890 891 1950 quam
933 1871 1219 1951 praeeedit
1246 1872 1606 1932 admonitiO.
1636 1873 1793 1951 ⁸Ter-

229 1964 343 2035 tio,
370 1964 641 2025 notanda
668 1970 758 2025 est
776 1964 898 2025 alia
929 1964 1315 2041 differentia,
1352 1983 1497 2025 nam
1528 1984 1667 2024 cum
1689 1964 1795 2025 de-

234 2056 455 2117 lictum
504 2058 771 2136 proximi
808 2076 935 2118 non
964 2064 1053 2118 est
1080 2064 1293 2118 eontra
1322 2076 1649 2119 commune
1684 2059 1793 2119 bo-

228 2168 411 2223 num,
444 2168 686 2229 semper
714 2151 1057 2230 persistitur
1102 2152 1166 2211 in
1200 2151 1415 2212 ordine
1470 2154 1793 2213 correctio-

228 2242 329 2302 nis
382 2242 667 2305 fraternae
727 2250 789 2305 et
845 2244 1329 2304 denuntiationis
1384 2246 1789 2321 evangelieae3

228 2336 482 2413 quando
552 2354 696 2398 vero
741 2343 831 2397 est
883 2343 1096 2397 eontra
1148 2354 1477 2397 commune
1530 2336 1791 2412 bonum,

232 2429 412 2507 quasi
436 2429 887 2509 transgreditur
904 2429 1072 2490 huuc
1092 2430 1395 2505 ordinem,
1424 2436 1486 2490 et
1514 2439 1797 2510 pertran-

233 2522 429 2583 simus
456 2524 531 2583 ad
558 2522 1090 2584 denuntiationem
1123 2522 1501 2602 judicialem,
1532 2524 1631 2584 vel
1678 2523 1795 2584 sal-

232 2623 361 2675 tem
394 2617 723 2677 miscemus
747 2616 943 2693 illam,
976 2618 1121 2696 quia
1150 2635 1278 2677 non
1298 2618 1791 2678 emendationem

232 2710 468 2783 fratriS‚
512 2710 616 2771 sed
651 2728 979 2771 commune
1006 2710 1241 2773 bonum
1274 2730 1382 2790 per
1421 2730 1485 2773 se
1532 2712 1796 2772 intendi-

237 2820 402 2863 mus.
439 2803 516 2863 Et
544 2804 629 2863 ita
659 2809 807 2864 tune
842 2802 915 2863 fit
951 2804 1334 2865 denuntiatio
1387 2806 1687 2885 superiori
1728 2811 1797 2866 ut

229 2896 452 2975 judici,
489 2896 585 2957 vel
641 2896 917 2957 absolute
960 2898 1339 2977 simpliciter,
1368 2905 1437 2959 ut
1493 2916 1569 2959 ex
1608 2899 1795 2959 modo

236 3009 361 3069 quo
376 2992 537 3068 juste
564 2991 852 3070 potuerit,
887 2990 1013 3051 sive
1036 2997 1103 3051 ut
1130 2997 1322 3068 pater,
1356 2993 1483 3052 sive
1509 2999 1577 3052 ut
1607 2993 1791 3071 judex

238 3084 555 3162 provideat
582 3082 745 3143 hono
769 3084 1108 3157 communi,
1134 3090 1196 3143 et
1221 3084 1487 3163 denique
1515 3087 1791 3147 animad-

230 3181 433 3237 vertat
480 3182 543 3237 et
582 3176 815 3255 vigilet.
872 3177 947 3237 Et
1003 3176 1149 3237 hinc
1190 3178 1375 3237 etiam
1421 3185 1513 3239 est
1545 3185 1787 3257 quarte,

224 3270 393 3349 quod
444 3270 509 3329 in
558 3270 869 3350 prioribus
916 3269 1150 3331 delictis
1179 3288 1347 3331 mere
1388 3272 1639 3349 privatis
1686 3274 1793 3333 de-

222 3363 537 3424 nuntiatio
570 3380 693 3423 non
726 3362 903 3423 debet
926 3362 1063 3423 fieri
1093 3364 1225 3423 sine
1252 3362 1461 3442 aliquo
1488 3370 1640 3426 teste
1650 3388 1668 3440 3
1700 3371 1795 3426 ta-

228 3474 377 3517 men
404 3456 467 3516 in
501 3456 575 3515 iis
600 3474 736 3534 quae
760 3462 905 3516 sunt
936 3462 1147 3515 contra
1176 3474 1507 3517 commune
1530 3456 1789 3534 honum,

232 3548 545 3609 interdum
626 3548 875 3629 expedit
970 3548 1303 3609 admonere
1386 3551 1789 3627 superiorem,

228 3641 472 3702 etiamsi
501 3642 707 3704 nullus
736 3643 885 3703 sciat
918 3650 1140 3721 prester
1164 3660 1287 3717 me,
1319 3645 1462 3722 quia
1492 3652 1585 3704 est
1613 3645 1791 3705 valde

234 3736 649 3795 necessarium
671 3735 834 3797 bono
863 3737 1203 3811 communi,
1238 3742 1307 3797 ut
1336 3739 1615 3817 superior
1644 3739 1795 3799 sciat

232 3833 295 3889 et
322 3829 513 3907 possit
534 3829 811 3907 vigilare.

310 3924 372 3980 7.
416 3922 677 3983 Dubium
707 3922 1067 4003 proponitur
1104 3930 1160 3988 et
1198 3926 1543 3987 resolvitur.
1568 3958 1649 3971 -
1672 3924 1795 3987 Sed

228 4014 381 4092 quid
411 4015 459 4073 si
490 4021 807 4093 peccatum
838 4017 1104 4094 proximi
1129 4024 1221 4077 est
1244 4018 1309 4077 in
1350 4025 1792 4080 nocumentum

233 4108 485 4185 privatae
529 4126 830 4187 persouae,
861 4116 932 4169 ut
959 4112 1007 4169 si
1057 4110 1235 4171 alteri
1274 4102 1536 4191 'paratur
1592 4116 1793 4174 mors?

232 4201 657 4278 Respondetur
696 4209 931 4261 eertum
963 4220 1092 4263 esse
1126 4202 1487 4267 charitatem
1520 4205 1794 4283 obligare

233 4294 423 4353 etiam
471 4294 547 4355 ad
621 4295 1109 4365 subveniendum
1186 4299 1430 4375 privato
1487 4302 1791 4377 proxime,
1836 4312 1845 4317 ·

234 4389 519 4465 quamvis
548 4407 673 4449 non
702 4407 875 4467 aeque
904 4408 974 4449 ae
1008 4389 1171 4449 bono
1196 4394 1536 4465 communi,
1570 4399 1630 4453 et
1660 4394 1796 4452 ideo

232 4480 339 4541 hie
373 4482 569 4559 magis
621 4480 1073 4559 providendum
1126 4490 1196 4542 ut
1238 4486 1347 4544 uni
1395 4485 1797 4546 subveniatur

234 4592 377 4634 cum
430 4576 689 4635 minimo
746 4574 1119 4637 detrimento
1156 4576 1449 4654 alterius;
1499 4580 1798 4639 tentanda

236 4683 385 4744 ergo
414 4673 504 4727 est
534 4668 874 4728 admonitio
898 4674 1151 4743 secreta,
1176 4670 1227 4729 si
1258 4677 1348 4730 est
1376 4688 1536 4749 spes,
1572 4674 1715 4750 quia
1737 4678 1799 4732 et

235 4759 301 4819 id
333 4759 576 4821 facilius
602 4779 731 4821 esse
772 4762 1017 4839 poterit,
1046 4779 1186 4821 cum
1218 4762 1348 4823 haee
1390 4769 1639 4843 peecata
1670 4782 1797 4825 non

232 4871 475 4932 semper
517 4853 984 4933 proficiscantur
1020 4873 1097 4915 ex
1147 4873 1376 4933 magna
1406 4859 1797 4936 corruptione

236 4964 507 5020 morum,
535 4953 598 5007 et
624 4965 735 5027 pro
763 4949 1003 5009 ratione
1035 4948 1284 5027 periculi
1312 4956 1373 5009 et
1397 4948 1633 5025 damni,
1668 4968 1797 5009 ma-

234 5041 359 5115 gis,
392 5039 489 5099 vel
530 5041 739 5100 minus
787 5045 953 5101 certa
1004 5058 1139 5120 spes
1194 5040 1470 5103 sufficiet.
1518 5044 1685 5116 Quod
1747 5042 1799 5103 si

237 5129 373 5191 haee
404 5132 503 5191 via
531 5149 658 5193 non
684 5131 874 5193 habet
896 5132 1125 5207 locum,
1160 5143 1221 5193 et
1268 5134 1665 5195 infamandus
1710 5140 1801 5195 est

235 5222 572 5303 aliquando
600 5228 945 5306 proximuS,
990 5230 1400 5306 comparanda
1438 5236 1582 5289 sunt
1610 5229 1800 5289 detri-

238 5324 471 5392 menta,
503 5324 565 5378 et
608 5319 973 5391 regulariter
1012 5322 1465 5399 prael'erendum
1490 5324 1590 5401 ¹jus
1619 5324 1798 5383 inno-

236 5412 451 5486 centiS,
484 5418 547 5471 et
571 5411 656 5472 illi
686 5412 1057 5487 favendum3
1078 5430 1250 5490 nam,
1272 5416 1502 5475 caeteris
1523 5414 1795 5495 paribus,

234 5503 366 5564 imo
397 5523 539 5565 eum
576 5504 785 5585 aliqua
840 5505 1261 5587 inaequalitate
1298 5507 1625 5570 defendere
1655 5508 1801 5570 licet

3305 359 3420 422 703

1866 468 2280 543 innocentem,
2320 468 2507 529 etiam
2559 484 2700 527 eum
2746 465 2975 526 damno
3024 467 3422 545 aggressoris,

1868 561 2053 639 capit.
2097 560 2216 635 Qui
2243 579 2398 637 oum,
2429 560 2506 620 de
2530 559 2751 620 FurtiS.
2787 558 2965 620 Ratio
3005 564 3118 636 est,
3146 560 3314 639 quia,
3357 564 3428 619 ut

1868 655 2286 734 disputatione
2345 654 2660 733 sequenti,
2697 654 2964 715 sectione
3017 657 3079 728 4,
3113 671 3286 713 num.
3320 656 3422 729 ΞΟ,

1872 748 2167 824 dicemus,
2201 749 2499 809 innocens
2521 746 2940 826 praeferendus
2979 748 3164 807 estin
3209 746 3426 808 ordine

1872 841 2211 902 charitatis.
2247 841 2512 903 Infamia
2549 858 2694 901 vero
2735 840 2990 901 alterius
3023 858 3208 919 quam
3241 841 3427 901 mini-

1871 953 1975 995 ma
2027 935 2126 1004 sit,
2177 936 2444 995 maxime
2510 939 2600 994 est
2659 933 3037 1007 curandum;
3099 934 3162 995 iu
3219 935 3426 1014 aliquo

1871 1034 2076 1089 autem
2130 1046 2274 1088 casu
2301 1073 2320 1103 ,
2367 1027 2615 1106 quando
2672 1045 2900 1105 magna
2945 1034 3100 1089 esset
3155 1029 3426 1107 inaequa·

1871 1119 2013 1181 litas
2033 1166 2054 1197 ,
2110 1127 2180 1180 ut
2243 1121 2295 1180 si
2353 1136 2614 1199 persona
2667 1138 2921 1199 peccans
2966 1126 3121 1183 esset
3163 1123 3430 1182 aestima-

1872 1213 2040 1274 tione
2082 1218 2144 1275 et
2185 1213 2507 1291 dignitate,
2561 1218 2622 1273 et
2666 1214 2799 1291 ejus
2842 1214 3100 1274 infamia
3148 1222 3306 1276 esset
3344 1215 3429 1275 il-

1872 1306 1917 1366 li
1960 1308 2398 1385 gravissimum
2445 1306 2782 1375 damnum,
2831 1314 3274 1367 nocumentum
3317 1327 3428 1368 au-

1872 1405 1998 1460 tem
2033 1400 2283 1461 alterius
2330 1405 2485 1461 esset
2515 1399 2687 1479 parvi
2717 1400 3037 1471 momenti,
3075 1406 3226 1461 tunc
3253 1400 3430 1461 dissi-

1872 1493 2240 1553 mulandum
2285 1500 2408 1567 est;
2451 1492 2616 1571 quod
2669 1512 2748 1553 ex
2795 1492 3118 1571 prudentia
3174 1493 3424 1573 pendet.

1874 1586 2103 1648 inferes
2133 1605 2148 1647 t
2181 1606 2330 1666 ergo
2358 1587 2409 1646 si
2442 1588 2656 1647 Petrus
2694 1592 2784 1647 est
2810 1585 3120 1646 homicida
3147 1587 3430 1647 occultis·

1873 1680 2088 1753 simus,
2121 1685 2418 1741 ettamen
2455 1679 2700 1754 Paulus,
2735 1690 2980 1758 propter
3017 1680 3429 1757 suspicionem

1871 1773 1971 1834 vel
2024 1774 2203 1835 falsos
2261 1780 2465 1850 testea,
2497 1780 2747 1854 propter
2805 1773 2966 1833 idem
3026 1773 3428 1834 homicidium

1873 1876 2072 1929 morte
2124 1869 2514 1930 damnandus
2537 1875 2651 1944 est,
2682 1866 2957 1937 tenebor,
2989 1866 3088 1927 vel
3115 1866 3329 1927 saltem
3357 1868 3430 1927 li-

1874 1962 2034 2023 cebit
2081 1962 2234 2023 mihi
2281 1962 2551 2023 revelare
2601 1961 3000 2036 homicidam,
3049 1965 3121 2020 ut
3169 1959 3429 2021 liberem

1874 2057 2288 2118 innocentem.
2317 2056 2740 2135 Respondetur
2767 2076 2779 2113 ;
2815 2056 2865 2114 si
2895 2055 2945 2114 is
2983 2054 3294 2115 homicida
3323 2072 3431 2133 per

1874 2150 2253 2211 calumniam
2285 2155 2439 2211 esset
2492 2168 2674 2210 causa
2707 2146 2962 2227 periculi
2991 2147 3266 2222 alterius,
3315 2148 3433 2208 erit

1875 2240 2070 2301 illatio
2095 2242 2519 2317 concedenda;
2547 2242 2594 2301 si
2645 2242 2881 2301 veroin
2911 2259 2982 2301 ea
3010 2260 3078 2303 re
3105 2242 3314 2301 Petrus
3341 2246 3434 2301 est

1878 2335 2195 2410 innocenS,
2223 2336 2325 2396 sed
2351 2334 2601 2395 aliunde
2634 2340 2806 2395 ortus
2832 2340 2924 2395 est
2961 2334 3150 2394 falsus
3191 2350 3428 2409 rumor,

1874 2427 1992 2487 erit
2043 2428 2366 2505 neganda,
2412 2429 2560 2507 quia
2606 2446 2731 2488 non
2781 2433 2872 2488 est
2935 2426 3429 2487 subveniendum

1878 2520 2162 2600 proximo
2191 2538 2331 2581 cum
2371 2526 2543 2581 tanto
2572 2520 2846 2600 periculo
2879 2520 2974 2582 vel
3002 2521 3231 2581 damno
3279 2518 3434 2579 alte·

1876 2616 2030 2691 riuS,
2061 2616 2169 2695 qui
2215 2632 2428 2677 revera
2461 2618 2528 2677 in
2573 2616 2680 2676 illo
2721 2614 2990 2677 seeundo
3023 2612 3297 2694 periculo
3339 2619 3434 2675 est

1876 2708 2204 2784 innocens3
2243 2710 2408 2770 unde
2459 2728 2658 2789 neque
2696 2710 2827 2788 ipse
2869 2714 3116 2769 tenetur
3175 2724 3240 2767 se
3290 2724 3429 2786 pro-

1876 2800 2020 2863 dere
2051 2820 2262 2863 :seeus
2289 2820 2437 2864 vero
2466 2808 2643 2878 esset,
2683 2803 2732 2863 si
2761 2803 2998 2862 crimen
3023 2806 3180 2860 esset
3209 2799 3430 2879 proba-

1878 2894 2000 2955 bile
2039 2897 2106 2955 in
2129 2897 2384 2975 judicio,
2416 2906 2478 2957 et
2510 2895 2730 2975 aliquis
2761 2894 2948 2955 vellet
2977 2893 3303 2973 procedere
3329 2893 3432 2952 via

1872 2989 2305 3067 accusationis;
2331 2995 2526 3069 posset
2553 2989 2720 3050 enim
2749 2994 2898 3049 tune
2922 2986 3277 3069 procedere,
3297 3004 3432 3047 ser-

1874 3091 2014 3144 vato
2035 3084 2250 3144 ordine
2271 3084 2452 3163 juris,

1955 3178 2016 3237 8.
2068 3175 2304 3250 Quarta
2336 3176 2748 3241 conclusio.-
2777 3176 3095 3240 Peccatum
3135 3174 3431 3238 occultum

1873 3273 2036 3351 quid.
2065 3304 2144 3317 —
2173 3274 2315 3332 Dico
2343 3278 2560 3351 quarto
2593 3287 2610 3331 ε
2657 3272 2902 3351 quando
2944 3277 3262 3351 peccatum
3309 3268 3432 3329 fra-

1874 3366 1985 3425 tris
2010 3372 2100 3425 est
2120 3365 2378 3426 omnino
2401 3364 2733 3439 oecultum,
2759 3365 2912 3425 etin
2953 3364 3186 3425 nullius
3232 3363 3431 3423 tertioe

1872 3476 2151 3537 personae
2204 3457 2645 3518 detrimentum
2688 3458 2910 3535 vergit,
2964 3462 3114 3517 tune
3157 3472 3232 3516 ex
3277 3472 3434 3534 prae·

1876 3558 2054 3630 cepto
2086 3551 2404 3613 eharitatis
2449 3550 2786 3611 servandus
2832 3557 2922 3610 est
2957 3548 3107 3610 ordo
3127 3594 3143 3622 ,
3187 3556 3252 3608 ut
3289 3554 3434 3608 ante

1875 3644 2412 3705 denuntiationem
2459 3643 2770 3723 praecedat
2807 3648 3038 3703 secreta
3065 3641 3431 3713 admonitiO,

1874 3738 1928 3798 si
1948 3740 2026 3797 sit
2056 3756 2191 3817 spes
2217 3737 2474 3798 fruetus.
2528 3736 2802 3797 Habetur
2837 3753 2914 3796 ex
2938 3736 3302 3813 Augustino,
3335 3752 3436 3795 ca·

1873 3832 2001 3911 pite
2035 3832 2115 3896 Si
2133 3830 2492 3914 peccaverit,
2541 3836 2603 3891 et
2642 3849 2775 3909 cap.
2809 3828 3168 3903 Accusatio,
3199 3836 3262 3889 et
3296 3846 3428 3907 cap.

1880 3924 1962 3987 Si
2005 3924 2164 4005 quis,
2211 3924 2503 3998 secunda,
2547 3929 2757 4003 quaest.
2809 3926 2864 3985 7.
2919 3922 3096 3983 Ratio
3125 3928 3238 3995 est,
3289 3922 3438 4001 quia

1874 4023 2024 4077 tune
2059 4018 2358 4077 mutando
2398 4017 2677 4077 ordmem
2725 4018 2856 4077 sine
2884 4034 3066 4077 causa
3097 4016 3438 4075 infamatur

1874 4110 2212 4190 proximus.
2253 4112 2428 4186 item,
2476 4111 2626 4189 quia
2678 4129 2754 4170 ex
2794 4111 2994 4189 prima
3047 4108 3437 4169 conclusione

1874 4204 1979 4264 hic
2020 4204 2171 4265 ordo
2217 4210 2308 4265 est
2345 4205 2412 4263 in
2449 4210 2768 4283 praecepto.
2815 4204 3048 4263 Dicitur
3103 4210 3310 4263 autem
3367 4202 3437 4262 in

1876 4299 2188 4377 proposito
2217 4304 2538 4377 peecatum
2567 4297 2895 4372 occultum,
2925 4296 3076 4356 illud
3101 4296 3262 4375 quod
3309 4312 3437 4355 non

1878 4398 1972 4453 est
2001 4392 2338 4461 notorium,
2370 4410 2572 4470 neque
2618 4398 2872 4469 generat
2911 4389 3231 4469 publicum
3261 4406 3438 4449 sean-

1878 4484 2114 4559 «lalum,
2173 4486 2458 4563 quamvis
2507 4484 2586 4543 ab
2631 4483 2938 4561 aliquibus
2991 4482 3252 4555 sciatur,
3307 4483 3436 4542 imo

1878 4580 2022 4640 lieet
2053 4580 2131 4639 sit
2161 4578 2384 4658 aliquis
2413 4596 2646 4638 rumor.
2671 4578 2760 4637 Ita
2791 4582 3109 4656 exponunt
3133 4582 3433 4651 auctores,

1877 4673 1986 4752 qui
2013 4679 2180 4733 reete
2231 4670 2607 4733 concludunt
2653 4670 2816 4731 hane
2854 4669 3291 4747 obligationem
3333 4688 3439 4749 ge-

1878 4784 2026 4827 nere
2075 4784 2186 4825 suo
2233 4783 2362 4825 esse
2403 4764 2480 4823 ad
2514 4762 2804 4839 mortale,
2849 4769 2920 4822 ut
2955 4760 3218 4823 habetur
3257 4775 3334 4823 ex
3367 4764 3433 4825 D.

1876 4855 2115 4917 Thoma
2141 4859 2200 4917 2.
2228 4859 2290 4931 2,
2328 4864 2543 4935 quiest.
2574 4858 2673 4929 33,
2702 4862 2819 4916 art.
2843 4860 2880 4917 7
2901 4872 2920 4932 3
2947 4855 3278 4934 sylvestro,
3303 4872 3441 4916 ver-

1880 4947 1960 5008 bo
1990 4948 2322 5030 Correptio,
2355 4949 2392 5029 §
2425 4952 2481 5025 5,
2517 4956 2578 5009 et
2625 4949 2812 5010 verbo
2843 4950 3278 5021 Denuntiatw
3317 4950 3441 5010 An-

1880 5042 2056 5119 ge10‚
2108 5044 2334 5103 eisdem
2385 5042 2621 5120 verbis3
2663 5042 3007 5116 Paludano,
3055 5045 3121 5103 in
3161 5044 3240 5114 4,
3291 5042 3435 5103 dist.

1884 5137 1980 5206 19,
2015 5141 2231 5214 quaest.
2266 5136 2304 5195 4
2327 5150 2348 5212 ;
2380 5141 2442 5195 et
2491 5136 2634 5195 Soto
2675 5154 2883 5215 supra,
2927 5142 3141 5215 quaest.
3188 5137 3250 5209 4,
3296 5150 3442 5195 eon-

1880 5228 2030 5291 cluS.
2076 5230 2136 5291 3.

1961 5324 2022 5384 9.
2070 5322 2326 5403 objectio
2362 5324 2570 5403 prima
2613 5320 2944 5403 etz-peditur.
2973 5356 3054 5369 -
3083 5321 3200 5383 Sed
3229 5328 3444 5383 eontra

1878 5416 2120 5497 primo;
2154 5435 2300 5477 nam
2350 5418 2593 5477 Denter.
2640 5418 2678 5477 5
2723 5416 2993 5475 dicitur:
3034 5414 3152 5489 Qui
3179 5416 3445 5477 audierit

1879 5526 2073 5573 vocem
2099 5509 2405 5591 jurantis,
2448 5509 2568 5573 nisi
2604 5506 2985 5585 indicaverit,
3026 5508 3292 5591 portabit
3326 5508 3442 5571 ini-
