3900 6217
651 341 820 394 SECT.
856 341 939 394 lv,
976 337 1268 404 Quouono
1301 335 1488 394 INTER
1518 335 1828 390 Pnoxmos
1861 332 2225 391 SERVANDUS
2257 337 2356 390 SlT
2388 335 2550 389 ORDO
2584 332 2971 388 anmTA‘rIS.

191 443 420 504 siderio
447 442 514 504 in
545 441 762 504 ordine
783 441 864 502 ad
897 440 1180 504 futurum
1211 448 1478 521 tempus,
1505 445 1568 501 et
1595 438 1766 500 futu·

188 555 330 598 ram
354 537 687 615 justitiam,
709 535 878 598 aliud
901 541 992 597 est
1017 536 1434 612 sentiendum,
1458 540 1530 595 ιιι
1555 533 1766 595 statim

189 629 658 709 explicabimus,
683 629 840 692 Dicit
867 635 1166 709 praeterea
1194 629 1648 708 conjunctiores
1672 628 1766 689 in·-

189 723 430 784 tensius
459 723 658 785 amari
693 740 882 802 quam
921 723 1280 798 sanctiores,
1311 722 1421 784 ubi
1463 741 1593 784 non
1635 727 1765 782 tam

187 816 460 896 explicat
493 815 960 894 obligationem,
992 834 1182 894 quam
1209 816 1274 876 id
1313 816 1476 896 quod
1501 817 1579 878 de
1607 816 1768 876 facto

189 909 442 985 accidit,
469 915 532 970 et
557 909 799 970 facilius
827 909 918 970 fit.
955 909 1248 970 Absolute
1275 927 1422 991 ergo
1460 908 1768 989 loquendo

189 1003 272 1063 de
297 1002 677 1082 obligatione
709 1021 870 1082 quas,
894 1009 966 1063 ut
995 1021 1154 1084 saepe
1186 1003 1341 1078 dixi,
1365 1003 1532 1064 cadit
1561 1003 1628 1063 in
1656 1020 1768 1082 ap-

190 1097 627 1176 pretiationem
683 1101 928 1158 tantum
949 1143 968 1172 ,
1017 1096 1380 1178 simpliciter
1434 1097 1766 1158 dicendum

191 1196 290 1250 est
315 1189 772 1268 conjunctiores
793 1209 922 1251 esse
949 1190 1386 1271 praeferendos,
1409 1208 1534 1251 non
1566 1190 1766 1251 solum

189 1283 262 1342 in
297 1281 738 1362 corporalibus„
761 1282 866 1344 sed
895 1284 1084 1344 etiam
1111 1283 1180 1344 in
1207 1282 1630 1364 spiritualibus
1655 1303 1767 1346 ne-

190 1375 595 1451 cessitatibus,
625 1381 688 1436 et
727 1375 928 1438 bonis,
963 1376 1170 1437 Prima
1197 1395 1340 1456 pars
1381 1377 1458 1438 de
1487 1396 1766 1458 corpora-

189 1471 356 1533 libus
399 1470 578 1532 bonis
623 1477 716 1532 est
751 1476 918 1532 certa
971 1472 1106 1532 sine
1139 1473 1580 1548 controversia,
1618 1473 1766 1552 quia

191 1564 294 1626 isti
323 1571 468 1624 sunt
509 1564 576 1624 in
613 1564 813 1641 magis
849 1565 1198 1645 propinqua
1225 1565 1660 1644 conjunctione
1687 1566 1766 1626 ad

190 1658 578 1736 diligentem,
609 1663 672 1718 et
692 1657 868 1736 quasi
889 1657 1166 1736 ejusdem
1193 1657 1455 1719 ordinis·
1483 1658 1764 1719 Secunda

189 1769 340 1812 vero
370 1750 664 1830 probatur
693 1767 772 1812 cx
797 1769 985 1831 supra
1011 1751 1192 1811 dictis
1221 1767 1238 1811 :
1271 1769 1417 1811 nam
1447 1751 1534 1811 ita
1561 1769 1624 1812 se
1653 1751 1764 1812 ha-

191 1843 344 1906 hent
372 1844 732 1918 sanctiores,
759 1844 918 1905 sicut
943 1843 1038 1905 illi
1060 1843 1168 1924 qui
1193 1849 1339 1904 suut
1363 1844 1764 1922 spiritualiter

191 1935 528 2016 conjuncti.
574 1936 879 2012 Secundo,
924 1937 1071 2015 quia
1108 1938 1252 1998 licet
1283 1937 1442 1998 alius
1471 1937 1548 1998 sit
1586 1955 1762 1998 sanc-

189 2030 338 2105 tior,
382 2047 656 2110 possum‚
695 2046 766 2090 ac
816 2029 1010 2090 debeo
1057 2031 1256 2110 magis
1301 2029 1650 2092 desiderare
1698 2036 1762 2091 et

189 2141 524 2202 procurare
569 2129 639 2184 ut
673 2141 850 2184 meus
898 2129 1073 2203 pater
1113 2124 1435 2203 perveniat
1463 2124 1540 2184 ad
1587 2124 1762 2186 illam

191 2216 608 2293 sanctitatem,
641 2234 830 2296 quam
858 2225 932 2276 ut
959 2217 1066 2278 ille
1093 2217 1361 2296 sanctior
1387 2220 1450 2278 in
1483 2235 1556 2278 ea
1585 2235 1762 2278 sanc-

193 2310 372 2370 titate
414 2309 620 2386 duret,
659 2315 730 2370 ut
755 2311 987 2372 indicat
1014 2311 1193 2372 divus
1222 2309 1512 2385 Thomas,
1543 2316 1662 2370 art.
1696 2313 1756 2370 7.

193 2402 384 2482 Atqui
413 2402 529 2464 hoc
563 2410 656 2465 est
679 2403 858 2466 illum
885 2403 1086 2483 magis
1112 2405 1179 2464 in
1213 2403 1634 2483 spiritualibus
1673 2403 1766 2464 di-

193 2495 412 2574 ligere.
435 2498 666 2573 Tertio,
707 2497 856 2576 quia
884 2497 1150 2559 charitas
1175 2496 1416 2576 perficit
1439 2503 1760 2562 naturam:

201 2589 312 2650 sed
339 2594 589 2666 natura,
613 2589 804 2652 etiam
832 2590 1091 2652 honesta
1117 2590 1544 2666 inclinatione,
1569 2591 1768 2669 magis

195 2682 460 2744 inclinat
487 2684 554 2746 in
580 2685 962 2765 propinquos
1001 2703 1191 2764 quam
1221 2684 1288 2744 in
1316 2683 1629 2761 meliores;
1673 2704 1766 2746 er-

198 2795 303 2854 ge,
329 2785 444 2840 etc.
468 2775 670 2858 Atque
693 2779 784 2839 ita
809 2779 998 2840 sentit
1026 2778 1206 2840 divus
1226 2777 1515 2854 Thomas,
1541 2784 1762 2859 quaest.

201 2873 305 2943 32,
334 2877 450 2932 art.
487 2873 548 2947 9,
579 2873 658 2934 ad
692 2876 751 2934 2.

278 2966 380 3026 20.
424 2963 809 3030 Contrarium
835 2966 1121 3046 opinatur
1161 2963 1424 3044 Gabriel,
1455 2973 1515 3032 et
1537 2967 1650 3030 alii
1675 2987 1769 3031 re-

201 3057 322 3120 lati
341 3077 381 3122 a
397 3058 844 3136 Bonaventura,
863 3066 986 3123 art.
1013 3062 1072 3134 1,
1097 3079 1154 3140 q.
1188 3062 1246 3122 ὃ.
1266 3060 1528 3140 —Ejus
1549 3062 1769 3140 funda-

199 3157 483 3228 mentum,
507 3159 568 3216 et
585 3153 984 3232 confirmatur
1003 3155 1220 3218 decisio
1235 3155 1770 3218 anactoria—Con-

197 3244 462 3306 trarium
503 3265 651 3308 vero
695 3253 870 3310 tenet
912 3247 1098 3309 Gabr.
1139 3248 1206 3308 in
1251 3249 1314 3325 3,
1357 3247 1627 3308 distinct.
1661 3250 1764 3322 29,

197 3343 315 3399 art.
359 3339 422 3414 2,
467 3339 742 3402 conclus.
785 3343 868 3419 73
904 3345 968 3402 et
1001 3341 1290 3419 Magister
1327 3339 1438 3412 ibi,
1483 3358 1554 3401 ac
1590 3339 1769 3400 divus

198 3431 470 3494 Thomas
497 3439 560 3497 et
587 3435 1022 3497 Bonaventura
1049 3433 1223 3496 dubii
1251 3433 1574 3511 videntur3
1603 3433 1770 3495 favet

197 3525 584 3604 Ambrosius,
616 3531 646 3590 1
685 3528 759 3592 de
785 3528 1036 3606 Officiis,
1066 3547 1203 3608 cap.
1240 3528 1316 3590 30
1343 3545 1360 3588 :
1389 3525 1472 3591 Si
1498 3528 1768 3590 omnibus

201 3621 440 3684 debetur
493 3622 912 3686 misericordia
925 3667 942 3696 ,
1003 3628 1204 3686 tamen
1244 3621 1418 3700 justo
1479 3621 1764 3702 amplius.

203 3713 496 3794 Idemque
522 3715 833 3778 interdum
862 3721 1168 3796 usurpant
1195 3713 1302 3776 alii
1328 3715 1556 3776 Patres.
1591 3713 1770 3776 Ratio

201 3813 316 3883 est,
345 3809 494 3887 quia
517 3810 850 3872 sanctiores
875 3816 1024 3871 sunt
1049 3809 1502 3888 conjunctiores
1529 3809 1675 3881 Deo,
1706 3813 1770 3870 et

201 3899 448 3978 objecta
497 3901 824 3966 nobiliora.
877 3902 1314 3977 confirmatur,
1371 3919 1522 3964 nam
1571 3901 1770 3981 magis

202 3993 551 4073 diliguntur
589 4016 628 4057 a
654 3998 818 4076 Deo;
849 4015 1000 4078 ergo
1029 4003 1091 4059 et
1117 4015 1157 4058 a
1191 3995 1371 4057 nobis
1401 3995 1600 4075 magis
1625 4000 1774 4056 sunt

205 4086 528 4166 diligendi.
565 4091 992 4171 Respondetur
1029 4108 1140 4172 per
1170 4108 1234 4152 se
1261 4088 1570 4170 loquendo
1605 4088 1773 4168 prio-

207 4197 343 4242 rem
361 4184 730 4246 seutentiam
751 4203 881 4246 esse
899 4201 1136 4261 veram,
1155 4188 1340 4264 atque
1357 4183 1511 4245 adeo
1533 4182 1601 4243 in
1624 4199 1772 4243 casu

207 4280 500 4337 extremae
529 4277 906 4339 necessitatis
940 4275 1273 4357 spiritualis
1305 4276 1508 4356 potius
1547 4273 1768 4338 subve-

205 4368 510 4432 niendum
544 4372 708 4450 patri
753 4371 942 4432 etiam
982 4370 1309 4451 peccatori,
1355 4387 1542 4450 quam
1585 4368 1773 4431 alicui

201 4462 370 4540 justo
391 4469 704 4539 extraneo,
727 4464 872 4545 quia
885 4481 1102 4526 revera
1119 4469 1212 4525 est
1231 4462 1353 4541 maj
1361 4481 1432 4524 or
1449 4460 1766 4542 obligatio.

207 4556 442 4618 Tamen
489 4555 744 4620 fortasse
779 4557 849 4620 in
895 4575 1036 4620 casu
1080 4559 1290 4637 aliquo
1333 4563 1543 4619 tantus
1570 4561 1774 4636 posset

161 4642 170 4651 ’
207 4667 336 4710 esse
363 4667 646 4713 excessus
673 4650 1038 4730 sanctitatis,
1064 4655 1240 4712 tanta
1267 4651 1580 4731 corruptio
1625 4649 1774 4712 alte-

205 4742 338 4804 rius
383 4745 722 4824 conjuncti,
759 4752 824 4808 et
860 4751 991 4806 tam
1031 4762 1224 4826 parva
1261 4763 1398 4825 spes
1437 4744 1674 4806 fructus
1713 4747 1776 4804 et

208 4837 512 4915 emendae,
541 4845 616 4900 ut
656 4845 856 4919 posset
897 4839 1120 4900 merito
1153 4837 1438 4920 praeferri
1481 4837 1772 4913 sanctior,

209 4937 272 4990 et
293 4929 364 4992 in
385 4930 504 4993 hoc
523 4951 669 4994 casu
691 4932 964 5013 loquitur
983 4933 1264 5012 Prosper,
1288 4930 1432 4992 libr.
1466 4933 1503 4992 3
1530 4929 1608 4991 de
1635 4929 1778 4990 Vita

209 5024 711 5106 contemplativa,
743 5043 880 5106 cap.
917 5027 1030 5101 153
1062 5031 1126 5086 et
1151 5023 1512 5086 Ambrosius
1547 5022 1778 5103 aliique

211 5117 422 5179 Patres
448 5119 834 5199 intelligendi
863 5125 1030 5194 sunt,
1061 5118 1295 5180 caeteris
1323 5117 1596 5199 paribus.

290 5211 394 5273 21.
425 5211 783 5276 Notationes
795 5213 960 5277 circa
969 5214 1424 5290 fundamentum
1447 5210 1771 5278 Gabriozis.

209 5335 294 5350 --
307 5303 564 5384 Satisfit
576 5308 718 5388 jam
745 5307 898 5372 dicto
925 5308 1340 5385 fundamento.
1367 5337 1448 5352 —-
1471 5305 1652 5366 Ratio
1677 5323 1778 5367 ve-

211 5417 284 5460 ro
304 5397 467 5462 facta
489 5420 526 5462 a
547 5400 830 5463 Gabriele
851 5401 1006 5481 petit
1027 5406 1098 5461 ut
1123 5399 1501 5480 explicemus
1521 5397 1781 5460 difficul-

211 5498 408 5554 tatem
432 5496 788 5574 quamdam,
814 5512 1214 5558 communem
1241 5496 1316 5557 iis
1339 5494 1626 5556 omnibus
1643 5511 1780 5574 quae

3288 328 3407 392 719

1845 440 1912 501 in
1949 438 2067 502 hac
2100 438 2439 518 quaestione
2476 437 2748 498 diximus
2778 453 2795 499 t
2827 455 2969 498 cum
3004 435 3273 498 charitas
3300 456 3412 516 per

1847 553 1912 596 se
1938 534 2140 614 primo
2168 532 2383 593 tendat
2422 532 2491 593 in
2522 533 2737 606 Deum,
2770 529 2919 611 quid
2950 536 3041 592 est
3068 531 3233 610 quod
3260 531 3411 592 ordo

1847 627 2166 690 charitatis
2222 626 2289 688 in
2342 625 2670 686 dilectione
2724 623 3149 704 proximorum
3211 624 3411 702 magis

1845 722 2075 802 pendet
2110 738 2189 782 ex
2228 719 2663 799 conjunctione
2688 735 2831 780 cum
2868 717 3187 797 diligente,
3218 735 3410 797 quam

1847 834 1924 876 ex
1943 815 2081 893 conj
2091 815 2376 875 unctione
2396 813 2473 873 ad
2498 813 2709 886 Deum,
2736 810 2835 872 vel
2862 811 2927 872 in
2944 811 3411 890 participatione

1847 909 2075 970 divinoe
2124 905 2459 969 honitatis?
2517 906 2583 966 In
2642 925 2765 985 quo
2818 904 3263 966 advertendum
3319 913 3412 967 est

1846 1002 2073 1082 prime,
2100 1002 2289 1062 variis
2322 1000 2521 1062 modis
2551 1001 2749 1062 amari
2782 998 3133 1079 proximum
3166 1012 3413 1078 propter

1845 1098 2043 1158 Deum
2080 1114 2155 1157 ex
2198 1095 2519 1171 charitate,
2551 1101 2623 1156 ut
2660 1112 2845 1172 supra
2880 1091 3043 1170 dixi3
3076 1091 3183 1153 sed
3218 1110 3405 1169 unus,

1845 1206 1918 1252 ex
1958 1206 2081 1268 quo
2120 1189 2393 1250 maxime
2430 1189 2657 1268 pendet
2689 1187 2862 1263 orde,
2898 1193 2992 1248 est
3016 1186 3165 1265 quia
3192 1203 3411 1246 aman·-

1845 1283 1908 1344 di
1949 1289 2093 1344 sunt
2132 1282 2423 1362 proximi,
2469 1287 2775 1360 quantum
2817 1286 2880 1341 et
2918 1281 3229 1360 quomodo
3271 1279 3409 1339 vult

1845 1379 2007 1439 Deus
2048 1382 2121 1436 ut
2163 1381 2473 1438 amentur.
2514 1375 2691 1437 Unde
2736 1373 2829 1435 illi
2869 1374 3070 1452 magis
3112 1373 3413 1453 diligendi

1844 1476 1993 1532 sunt
2029 1471 2095 1531 in
2132 1470 2249 1531 hoc
2288 1468 2531 1544 ordine,
2562 1486 2717 1548 quos
2755 1469 2917 1529 Deus
2959 1467 3095 1529 vult
3130 1469 3329 1547 magis
3372 1486 3411 1530 a

1845 1563 2022 1625 nobis
2048 1562 2249 1640 diligi.
2270 1562 2445 1624 Unde
2468 1561 2737 1623 secundo
2759 1567 2847 1622 est
2868 1560 3409 1637 considerandum,

1845 1656 2143 1736 quoniam
2166 1657 2363 1734 gratia
2390 1661 2677 1715 naturam
2702 1654 2965 1734 perficit,
2994 1654 3125 1730 illa,
3154 1672 3292 1734 quae
3318 1672 3410 1715 se-

1841 1749 2117 1812 cundum
2146 1756 2377 1810 rectam
2407 1749 2711 1810 rationem
2738 1747 3086 1808 naturalem
3114 1753 3258 1809 sunt
3276 1766 3410 1808 ma-

1841 1845 1937 1924 gis
1972 1843 2320 1924 diligibilia‚
2353 1842 2717 1922 simpliciter
2756 1848 2820 1903 et
2862 1841 3201 1902 secundum
3244 1841 3407 1902 ordi·

1839 1957 1986 2000 nem
2008 1938 2323 1999 charitatis
2341 1955 2469 1998 esse
2490 1937 2687 2014 magis
2702 1934 3034 2014 diligenda.
3064 1935 3195 1996 Non
3210 1935 3411 2014 loqui-

1841 2051 1985 2094 mur
2031 2037 2238 2092 autem
2288 2031 2369 2092 de
2413 2033 2655 2091 ratione
2704 2029 2973 2089 naturali
3022 2027 3405 2103 omnimoda,

1839 2126 1948 2186 sed
1966 2134 2036 2185 ut
2064 2143 2175 2205 per
2200 2123 2386 2185 fidem
2412 2124 2672 2184 elevata.
2698 2122 2858 2183 Hinc
2874 2121 3057 2182 tertio
3081 2121 3409 2182 adverten-

1841 2219 2019 2294 dum,
2034 2218 2201 2298 quod
2226 2217 2371 2278 licet
2390 2217 2550 2278 ratio
2569 2214 2871 2294 diligendi
2892 2215 2969 2274 sit
2992 2214 3175 2288 Deua,
3200 2219 3409 2275 tamen

1843 2311 2198 2390 conjunctio
2243 2309 2322 2371 ad
2360 2310 2724 2388 diligentem
2764 2314 2859 2370 est
2900 2308 3079 2388 quasi
3120 2325 3415 2368 mensura

1845 2412 1908 2466 et
1931 2404 2151 2483 regula
2177 2403 2255 2464 ad
2284 2402 2731 2482 cognoscendas
2759 2419 3074 2481 personas,
3104 2400 3327 2480 quibus
3350 2405 3415 2462 et

1846 2497 2043 2558 amari
2070 2502 2135 2558 et
2162 2497 2475 2577 procurari
2504 2495 2703 2573 magis
2728 2494 2956 2556 debent
2981 2513 3019 2555 a
3048 2495 3225 2555 nobis
3249 2493 3415 2555 hona

1847 2592 2036 2654 etiam
2058 2591 2573 2671 supernaturalia.
2598 2590 2797 2664 Unde,
2817 2590 2964 2651 licet
2982 2589 3183 2667 majus
3202 2587 3415 2668 super-

1845 2686 2131 2748 naturale
2186 2684 2527 2748 secundum
2580 2701 2645 2744 se
2695 2684 2776 2744 sit
2830 2683 3028 2761 magis
3082 2680 3408 2761 diligibile,

1845 2786 2059 2840 tamen
2078 2797 2343 2858 persona
2362 2777 2517 2838 mihi
2541 2777 2737 2855 magis
2756 2777 3085 2854 conjuncta
3102 2777 3299 2855 magis
3320 2784 3415 2837 est

1847 2891 1884 2933 a
1925 2891 2025 2934 me
2062 2872 2381 2951 diligenda
2410 2888 2599 2950 quam
2638 2875 2955 2945 extranea,
3000 2869 3241 2930 etiamsi
3278 2869 3414 2933 haec

1847 2965 2075 3026 habeat
2096 2972 2238 3026 actu
2264 2964 2421 3026 illud
2448 2963 2705 3039 bonum,
2742 2962 2849 3022 illa
2875 2979 3023 3022 vero
3060 2962 3138 3022 sit
3164 2968 3413 3022 tantum

1851 3079 2042 3140 capax
2088 3059 2247 3138 eiua,
2291 3077 2432 3120 cum
2470 3075 2577 3137 spe
2614 3063 2823 3118 tamen
2866 3054 3188 3117 obtinendi
3222 3056 3411 3135 illud;

1848 3170 1995 3214 nam
2040 3154 2093 3214 si
2139 3153 2217 3214 de
2262 3148 2785 3232 conjunctioribus
2835 3148 3010 3210 nulla
3050 3155 3209 3210 esset
3250 3168 3411 3230 spes,

1848 3245 2216 3328 praeferendi
2262 3246 2395 3307 sine
2432 3243 2623 3305 dubio
2666 3249 2868 3304 essent
2910 3244 3269 3318 sanctiores3
3308 3243 3415 3304 sed

1846 3343 1914 3404 in
1939 3341 2043 3403 via
2064 3358 2389 3420 nunquam
2416 3337 2623 3400 deficit
2646 3337 2780 3398 haec
2802 3355 2960 3417 spes.
2986 3337 3081 3398 Ad
3106 3337 3415 3399 rationem

1849 3452 1997 3516 ergo
2039 3433 2471 3514 respondetur,
2514 3431 2845 3493 sanctiores
2876 3431 3213 3492 secundum
3254 3447 3417 3510 proe-

1848 3535 2087 3592 sentem
2116 3534 2348 3590 statum
2386 3545 2515 3590 esse
2554 3526 2792 3605 objecta
2832 3524 3140 3604 digniora,
3177 3529 3241 3585 et
3274 3524 3417 3586 ideo

1849 3623 2121 3703 quodam
2186 3637 2397 3684 amore
2466 3619 2925 3700 complacentiae
2989 3635 3163 3696 posse
3218 3618 3419 3697 magis

1849 3715 2083 3791 amari3
2121 3714 2533 3776 nihilominus
2565 3711 3113 3794 propinquioribus
3152 3713 3421 3772 carenti-

1849 3809 1965 3872 bus
1997 3810 2103 3871 illo
2139 3809 2326 3886 bono,
2368 3826 2543 3889 posse
2576 3825 2691 3869 nos
2723 3806 2879 3868 illud
2916 3805 3183 3887 practice
3221 3805 3420 3886 magis

1852 3903 2201 3966 desiderare
2220 3909 2284 3966 et
2294 3919 2647 3982 procurare,
2670 3905 2732 3962 et
2752 3900 2956 3980 quoad
2976 3899 3095 3960 hoc
3114 3917 3242 3960 non
3266 3918 3421 3980 pen·-

1853 3996 1959 4058 det
1998 3997 2198 4076 major
2224 4013 2400 4057 amor
2426 4013 2505 4056 ex
2529 3994 2905 4075 perfectione
2932 3993 3158 4073 objecti
3196 4011 3417 4055 secun·

1853 4089 2004 4150 dum
2032 4095 2397 4169 praesentem
2430 4093 2681 4164 statum,
2716 4087 2822 4148 sed
2854 4105 2933 4148 ex
2958 4087 3417 4166 conjunctione,

1853 4189 1917 4245 et
1937 4182 2077 4244 aliis
2102 4182 2603 4259 circumstantiis,
2634 4187 2704 4243 ut
2724 4181 3015 4243 diximus.

1929 4278 2031 4338 22.
2074 4272 2177 4339 Ad
2202 4277 2707 4356 confirmationem
2730 4294 2843 4356 pro
2872 4273 3163 4340 Gabriele.
3182 4307 3264 4322 —
3280 4275 3420 4339 Ec-

1841 4371 2100 4451 ponitur
2142 4370 2415 4433 doctrina
2440 4369 2713 4450 quaedam
2744 4370 2827 4430 D.
2873 4369 3115 4431 Tkomoe
3158 4369 3259 4432 cui
3304 4368 3421 4432 aziz·

1852 4462 2249 4528 consentiunt.
2276 4494 2361 4508 —-
2387 4461 2565 4525 Unde
2592 4460 2671 4522 ad
2706 4460 3264 4538 confirmationem,
3296 4481 3423 4524 res-

1853 4557 2161 4637 pondetur
2196 4559 2397 4618 Deum
2418 4554 2733 4616 interdum
2770 4554 2949 4631 velle,
2976 4573 3077 4618 me
3104 4557 3303 4635 magis
3328 4556 3420 4617 di·-

1855 4649 2048 4728 ligere
2085 4647 2381 4729 aliquem,
2428 4665 2614 4728 quem
2659 4646 2790 4728 ipse
2836 4647 3045 4709 minus
3084 4647 3310 4727 diligit,
3350 4654 3422 4710 ut

1854 4749 2025 4824 patet
2052 4742 2121 4804 in
2148 4743 2474 4804 dilectione
2508 4741 2657 4803 mei.
2693 4743 2772 4802 Et
2801 4747 3122 4822 praeterea,
3152 4740 3293 4802 licet
3328 4759 3423 4803 se-

1857 4835 2130 4898 cundum
2157 4842 2523 4916 praesentem
2540 4835 2848 4915 justitiam
2870 4844 3197 4898 extraneus
3214 4835 3421 4915 justus

1855 4931 2057 5010 magis
2079 4931 2373 5010 diligatur
2400 4949 2439 4992 a
2466 4931 2611 5008 De0,
2642 4937 2853 4993 tamen
2876 4929 3217 4993 secundum
3250 4929 3421 4990 futu-
3482 4935 3492 4944 '

1854 5044 1992 5088 ram
2026 5026 2372 5104 ignoratur,
2398 5031 2462 5086 et
2487 5023 2628 5086 ideo
2653 5025 2720 5086 in
2746 5025 2961 5088 ordine
2986 5024 3065 5086 ad
3088 5023 3259 5086 illam
3282 5041 3421 5105 pos-

1856 5136 2022 5194 sum,
2045 5123 2108 5180 et
2127 5117 2320 5180 debeo
2342 5116 2601 5196 diligere
2622 5117 2825 5198 magis
2845 5117 3288 5198 propinquum.
3317 5117 3422 5178 At·-

1855 5230 1979 5293 que
2000 5211 2148 5273 hinc
2168 5211 2534 5291 intelligitur
2557 5210 2780 5272 solutio
2807 5212 3091 5292 quaedam
3112 5211 3243 5274 divi
3263 5210 3422 5271 Tho·

1857 5323 2001 5380 mae,
2042 5305 2315 5367 secunda
2348 5303 2660 5380 secundae,
2700 5310 2918 5384 quaest.
2947 5305 3051 5381 26,
3076 5305 3257 5366 artic.
3304 5305 3417 5382 133

1857 5397 2009 5459 dicit
2036 5399 2205 5461 enim
2236 5398 2404 5460 hunc
2428 5397 2711 5458 ordinem
2734 5397 3051 5458 charitatis
3077 5415 3329 5459 manere
3351 5397 3421 5456 in

1859 5494 2090 5572 patria3
2143 5491 2372 5554 mutari
2416 5498 2627 5553 tamen
2675 5491 2877 5569 quoad
2924 5489 3073 5566 hoc,
3118 5491 3285 5572 quod
3332 5490 3422 5550 ibi
