3900 6217
1051 438 1221 491 SECT.
1258 440 1296 490 1.
1332 438 1475 501 QUAE
1506 440 1885 493 MANDENTUR
1919 442 2258 493 PRAECEPTA
2295 443 2372 494 DE
2406 442 2534 495 SPE.

194 558 317 603 rem
366 546 598 613 actum,
657 535 764 597 sed
815 538 1071 598 omnino
1122 544 1413 617 operatur
1462 540 1745 601 interius.

196 634 351 708 Quod
398 634 449 693 si
497 630 830 712 aliquando
863 630 1072 691 influit
1116 631 1183 691 in
1231 637 1436 692 actum
1492 634 1751 694 exterio·

192 745 337 803 rem,
368 734 458 787 est
479 724 760 805 juvando
789 723 941 783 alias
969 724 1300 803 potentias,
1324 744 1433 785 seu
1465 726 1745 801 virtuteS,

192 829 275 895 ut,
305 819 477 881 verbi
523 816 745 897 gratia,
792 816 1157 896 patientiam
1187 819 1253 877 in
1297 818 1640 893 tolerando,
1687 825 1749 879 et

191 913 267 973 sic
319 912 394 973 de
443 911 615 985 aliis;
676 928 865 990 quare
914 910 1155 970 nullum
1196 910 1383 971 habet
1427 910 1747 991 proprium

189 1012 550 1086 praeceptum
581 1004 745 1084 quod
775 1002 954 1063 cadat
990 1003 1057 1063 in
1095 1008 1303 1065 actum
1339 1002 1744 1079 exteriorem3

188 1105 489 1181 praecepta
533 1115 678 1160 vero
717 1116 854 1176 quse
882 1102 1159 1177 spectant
1188 1098 1265 1157 ad
1290 1103 1461 1159 actus
1496 1097 1749 1161 interio-

187 1212 299 1268 res,
334 1199 395 1253 et
426 1210 619 1273 pauca
640 1196 809 1268 sunt,
835 1196 898 1251 et
924 1209 1064 1251 raro
1088 1190 1387 1271 obligant.

816 1393 1029 1445 SECTlO
1063 1393 1103 1446 1.

682 1484 711 1503 A·

376 1564 665 1641 Quoenam
712 1564 929 1628 dentur
959 1571 1273 1649 proeccpta
1316 1568 1383 1629 dc
1430 1583 1555 1647 spe.

260 1756 319 1815 1.
378 1753 599 1815 Prima
641 1752 955 1815 conducta.
998 1784 1081 1797 —
1112 1754 1258 1814 Dico
1292 1752 1535 1833 primo:
1579 1769 1745 1833 prae-

181 1854 353 1927 cepto
382 1846 594 1908 divino
621 1845 991 1907 affirmativo
1011 1851 1258 1907 tenetur
1284 1847 1471 1908 homo
1500 1864 1747 1927 sperare

182 1942 244 2001 in
300 1942 451 2015 De0‚
512 1940 611 2000 vel
655 1957 693 1999 a
738 1940 862 1999 Deo
914 1939 1365 2001 beatitudinem
1420 1946 1743 2016 aeternam,

182 2034 609 2095 remissionem
649 2039 1063 2112 peccatorum,
1102 2038 1164 2093 et
1216 2032 1340 2093 alia
1379 2033 1742 2093 necessaria.

180 2128 318 2187 Haec
354 2126 663 2187 conclusio
687 2130 777 2185 est
799 2132 965 2185 certa
994 2124 1069 2185 de
1093 2125 1237 2199 fide,
1258 2126 1335 2185 ad
1358 2126 1616 2188 Roman.
1643 2127 1747 2187 de-

176 2221 339 2281 cimo
357 2218 613 2299 quinto:
656 2216 741 2280 Ut
764 2236 875 2299 per
908 2219 1275 2299 patientiam
1304 2222 1361 2281 et
1398 2220 1749 2281 consolatio-

178 2332 305 2374 nem
362 2312 840 2393 Scripturarum
889 2329 1051 2392 spem
1113 2312 1476 2385 habeamus;
1524 2319 1586 2373 et
1637 2313 1748 2373 Ec-

178 2405 320 2467 cles.
354 2408 393 2465 2
422 2420 440 2464 t
480 2403 742 2485 Sparata
783 2404 851 2465 in
882 2422 986 2477 eo,·
1018 2404 1484 2487 idem-habetur
1519 2405 1675 2467 Psal.
1709 2407 1750 2465 Δ·

178 2500 367 2573 etssl,
406 2498 487 2557 ad
516 2498 665 2557 Heb.
718 2500 779 2573 6,
810 2499 871 2572 8,
920 2500 991 2557 10
1030 2502 1091 2557 et
1126 2498 1223 2557 13.
1257 2498 1492 2558 Verum
1532 2504 1643 2574 est,
1683 2498 1749 2559 in

178 2590 269 2651 his
298 2594 371 2651 et
401 2589 706 2650 similibus
735 2590 905 2666 lociS,
940 2609 1067 2651 non
1110 2609 1239 2651 esse
1290 2590 1546 2651 verbum
1585 2592 1750 2670 quod

178 2702 463 2764 expresse
525 2684 807 2744 videatur
874 2686 1189 2745 continere
1246 2686 1374 2744 vim
1423 2685 1744 2765 praecepti3

180 2785 418 2852 tamen,
452 2783 523 2838 ut
554 2778 623 2837 D.
654 2778 922 2837 Thomas
958 2778 1018 2838 2.
1054 2781 1114 2854 2,
1148 2796 1207 2857 q.
1256 2780 1357 2854 22,
1392 2784 1509 2838 art.
1547 2782 1601 2850 l,
1634 2796 1747 2838 no-

183 2873 361 2948 tavit,
392 2890 505 2952 pro
543 2871 782 2932 ratione
826 2872 1099 2931 materiae
1130 2872 1501 2931 sufficienter
1528 2890 1748 2951 propo·

182 2965 357 3025 nitur
391 2972 768 3045 praeceptum
815 2964 921 3025 illo
966 2965 1185 3041 mod03
1217 2984 1362 3025 nam
1411 2966 1557 3045 quia
1587 2984 1743 3045 speS‚

183 3062 283 3135 ait,
317 3066 461 3139 post
488 3058 673 3119 finlem
711 3065 803 3119 est
838 3058 1013 3137 quasi
1060 3057 1537 3119 fundamentum
1567 3060 1745 3141 spiri-

180 3152 367 3214 tualis
398 3152 565 3227 vitae,
587 3171 695 3213 seu
718 3152 923 3232 potius
952 3152 1346 3231 principium,
1374 3160 1747 3234 praeceptum

174 3247 309 3325 ejus
338 3252 433 3306 est
460 3244 916 3325 quodammodo
937 3244 1386 3325 praeambulum
1413 3245 1490 3306 ad
1514 3247 1717 3325 legem
1723 3292 1744 3322 ,

174 3347 235 3400 et
278 3339 765 3400 fundamentum
814 3338 1079 3401 aliorum
1140 3347 1620 3419 praeceptorum,
1685 3348 1748 3402 et

174 3432 315 3493 ideo
341 3450 471 3492 non
496 3438 620 3492 tam
644 3432 1009 3513 proponitur
1032 3449 1143 3513 per
1161 3432 1415 3492 modum
1437 3435 1743 3514 praecepti,

172 3543 367 3603 quam
400 3543 511 3605 per
539 3524 796 3584 modum
826 3525 1249 3603 promissionis
1260 3547 1278 3600 3
1309 3543 1454 3586 nam
1485 3527 1591 3605 qui
1612 3545 1749 3605 pro-

172 3617 397 3683 mittit.
450 3617 565 3678 hoc
624 3617 758 3696 ipso
812 3617 1087 3696 praecipit
1134 3635 1378 3697 sperare
1422 3620 1742 3699 promissa.

176 3710 355 3771 Unde
389 3712 800 3789 AugustinuS,
845 3716 1019 3772 tract.
1069 3711 1170 3787 83,
1212 3712 1321 3787 ait,
1378 3716 1745 3791 proeccptum

172 3820 299 3868 csse
328 3804 501 3866 mobis
528 3821 771 3884 sperare
798 3804 1009 3875 multa,
1047 3804 1298 3877 scilicet,
1330 3822 1463 3885 qucc
1482 3804 1744 3887 promis·

176 3915 249 3959 sa
288 3900 463 3961 sunt.
508 3898 781 3977 Denique
827 3902 998 3957 actus
1039 3897 1281 3972 omnis,
1326 3898 1431 3977 qui
1478 3904 1568 3959 est
1614 3916 1741 3959 me-

173 3988 360 4051 dium
397 3991 807 4052 necessarium
850 3991 923 4051 ad
971 3990 1232 4051 salutem
1276 3990 1443 4052 cadit
1477 3992 1545 4051 in
1586 4009 1743 4071 prse-

168 4088 452 4163 ceptum,
507 4089 575 4143 ut
612 4088 783 4163 patet
818 4100 895 4144 ex
945 4083 1204 4144 materia
1246 4084 1320 4143 de
1368 4082 1490 4143 fide
1532 4088 1589 4159 ¹;
1637 4085 1744 4144 sed

166 4184 352 4238 actus
392 4177 524 4257 spei
563 4181 654 4237 est
696 4176 969 4238 medium
1022 4176 1433 4237 necessarium
1469 4176 1548 4236 ad
1583 4176 1743 4237 salu-

166 4278 299 4331 tem
335 4276 407 4330 ut
433 4270 810 4331 ostendimus
839 4270 905 4329 in
930 4268 1188 4329 materia
1210 4268 1285 4329 de
1315 4269 1537 4347 gratia.

248 4368 315 4425 2.
350 4364 609 4426 Dubium
623 4364 894 4445 primvm
909 4365 1076 4425 circa
1092 4362 1542 4426 conclusionem.
1562 4395 1643 4407 —
1655 4362 1747 4425 Dc

162 4458 529 4521 necessitate
536 4474 647 4539 per
658 4457 929 4519 accidens
940 4455 1229 4536 implendi
1240 4456 1737 4537 kooproeceptum.

164 4586 247 4594 —
276 4550 402 4612 Sed
423 4550 786 4629 explicanda
812 4555 957 4609 sunt
979 4549 1167 4609 dubia
1198 4548 1412 4628 aliqua
1448 4549 1607 4610 circa
1640 4567 1744 4627 po-

160 4644 363 4704 sitam
392 4643 877 4704 conclusionem:
926 4643 1223 4722 primum,
1264 4660 1374 4721 pro
1404 4660 1525 4721 quo
1582 4648 1743 4702 tem-

162 4756 327 4819 pore
380 4737 495 4798 hoc
542 4743 914 4817 praeceptum
962 4736 1217 4815 obliget,
1269 4754 1415 4797 nam
1466 4754 1609 4796 cum
1663 4738 1743 4797 sit

160 4832 517 4905 affirmanS,
548 4835 783 4891 certum
824 4835 915 4889 est
958 4846 1085 4889 non
1133 4827 1408 4907 obligare
1445 4846 1556 4908 pro
1584 4848 1741 4889 scm-

160 4943 279 5003 per
298 4946 319 5000 3
362 4930 428 4984 et
459 4941 601 4984 cum
642 4924 844 5001 ipsum
874 4928 1243 5001 praeceptum
1293 4940 1573 5001 expresse
1616 4940 1741 4982 non

158 5018 550 5079 determinet
577 5023 845 5096 tempuS,
898 5016 1339 5076 recurrendum
1388 5015 1634 5077 videtur
1662 5017 1741 5077 ad

158 5110 510 5171 articulum
548 5109 943 5184 necessitatis»,
988 5108 1096 5188 qui
1136 5108 1239 5167 vix
1268 5113 1464 5187 potest
1494 5109 1559 5168 in
1600 5128 1741 5189 pro-

156 5204 374 5284 posito
414 5204 746 5282 designari.
791 5201 908 5263 Sed
952 5203 1397 5263 advertendum
1438 5207 1531 5263 est
1580 5202 1742 5263 hanc

156 5298 604 5359 necessitatem
650 5312 825 5376 posse
858 5312 989 5357 esse
1021 5294 1123 5356 vel
1148 5313 1258 5375 per
1285 5312 1370 5371 se,
1402 5294 1499 5355 vel
1530 5313 1604 5354 ex
1646 5314 1744 5355 ra-

252 5490 269 5525 ²
330 5486 493 5565 Disp.
531 5485 629 5561 13,
660 5494 805 5546 sect.
858 5488 914 5559 1,
946 5504 1010 5547 n.
1042 5486 1121 5563 23
1167 5482 1327 5545 libro
1370 5485 1409 5545 8
1441 5482 1517 5545 de
1544 5482 1741 5559 Grat,

156 5600 218 5643 c.
256 5580 347 5640 18
373 5583 435 5641 et
464 5580 560 5641 19.

496 5702 605 5747 111.

1828 541 1998 602 tione
2034 542 2376 603 extrinseca
2402 562 2417 600 :
2444 541 2562 601 hoc
2589 540 2858 603 secundo
2882 542 3068 604 modo
3097 535 3396 624 obligabit

1829 633 1945 694 hoc
1991 639 2396 714 praeceptum,
2449 635 2698 712 quando
2739 634 2926 697 fuerit
2979 640 3392 701 necessarium

1828 745 2073 807 sperare
2098 726 2191 787 vel
2219 728 2298 787 ad
2327 728 2532 788 debite
2555 728 2882 803 orandum,
2919 729 3019 790 vel
3036 732 3116 793 ad
3143 732 3394 793 vincen-

1829 820 1972 882 dam
2014 822 2444 891 tentationem,
2495 821 2593 881 vel
2633 822 2712 881 ad
2759 821 2992 900 aliquid
3040 823 3279 900 simile;
3326 826 3392 887 in

1827 911 2055 991 quibus
2080 918 2289 973 tamen
2318 914 2741 975 occasionibus
2769 933 2928 994 saepe
2957 935 3083 977 non
3133 919 3250 979 erit
3277 938 3353 979 ne
3375 954 3389 963 -

1830 1005 2160 1066 cessarium
2208 1007 2533 1066 formalem
2574 1012 2782 1067 actum
2822 1008 2952 1088 spei
2989 1008 3244 1087 elicere3
3287 1013 3394 1073 sed

1829 1100 1974 1159 satis
2013 1100 2131 1161 erit
2170 1100 2236 1160 in
2277 1101 2408 1179 ipso
2447 1099 2667 1161 effectu
2706 1100 2910 1162 debite
2955 1102 3016 1162 id
3057 1103 3282 1180 facere,
3328 1106 3394 1167 in

1827 1209 1950 1271 quo
1993 1192 2340 1254 virtualiter
2385 1193 2727 1254 includitur
2757 1212 2913 1273 speS,
2959 1201 3031 1256 ut
3070 1196 3396 1259 efficaciter

1826 1292 2058 1365 petere,
2113 1285 2212 1347 vel
2246 1286 2454 1347 dolere
2491 1285 2567 1347 de
2611 1293 2884 1367 peccato,
2908 1288 3007 1349 vel
3047 1290 3284 1369 aliquid
3313 1294 3394 1353 si-

1829 1378 2000 1439 mile.
2049 1378 2366 1439 Interdum
2407 1384 2615 1440 tamen
2649 1386 2898 1459 propter
2932 1381 3398 1461 dispositionem

1826 1468 2122 1547 hominiS,
2155 1471 2255 1531 vel
2301 1478 2690 1533 occurrentes
2724 1472 3136 1550 difficultates,
3191 1494 3395 1539 neces-

1828 1564 2060 1624 sarium
2090 1565 2207 1625 erit
2238 1565 2559 1626 formalem
2591 1571 2798 1627 actum
2830 1567 2960 1646 spei
2991 1568 3230 1631 elicere.

1909 1658 1970 1717 3.
2015 1658 2104 1719 De
2145 1660 2490 1721 necessitate
2519 1676 2632 1740 per
2673 1676 2736 1721 sc
2771 1662 3165 1739 quorumdam
3189 1662 3395 1741 placi-

1829 1753 1958 1811 tum
1985 1751 2290 1830 rejicitur.
2328 1782 2409 1797 —
2459 1751 2610 1818 Vera
2637 1756 2932 1815 sententia
2961 1758 3284 1820 statuitur.
3315 1792 3390 1804 —

1830 1842 1913 1903 De
1943 1844 2302 1905 necessitate
2331 1862 2440 1923 per
2467 1863 2556 1917 se,
2603 1844 2796 1924 aliqui
2844 1855 3074 1925 negant
3115 1867 3395 1929 unquam

1827 1956 2148 2000 occurrere
2187 1939 2254 2000 in
2281 1936 2400 1998 hac
2440 1938 2694 2011 virtute,
2727 1939 2874 2017 quia
2899 1940 3028 2018 ejtis
3065 1948 3260 2017 actus,
3298 1943 3394 2006 in-

1827 2032 2080 2111 quiunt,
2122 2049 2248 2092 non
2297 2037 2388 2091 est
2416 2048 2525 2111 per
2553 2049 2617 2091 se
2653 2036 3052 2109 necessarius,
3093 2036 3196 2096 sed
3247 2055 3394 2116 pro·

1829 2131 1970 2205 pter
1993 2124 2144 2185 alios
2172 2130 2440 2199 tantum,
2475 2129 2545 2184 ut
2571 2124 2847 2202 erigatur
2873 2126 3120 2186 animus
3145 2128 3225 2189 ad
3257 2148 3396 2210 pro-

1830 2217 2234 2299 grediendum
2257 2237 2318 2277 m
2347 2218 2449 2277 via
2471 2217 2752 2291 virtutis;
2787 2219 2892 2278 sed
2915 2218 3031 2280 hoc
3053 2227 3145 2280 est
3169 2240 3396 2302 negare

1829 2312 2090 2392 speciale
2139 2318 2510 2392 praeceptum
2564 2310 2750 2387 hujus
2796 2311 3044 2373 virtutis
3055 2329 3076 2390 ;
3141 2333 3288 2376 nam
3342 2317 3396 2377 si

1833 2406 1964 2485 ipsa
2013 2422 2333 2483 nunquam
2384 2423 2496 2484 per
2539 2423 2604 2465 se
2655 2404 2908 2483 obligat,
2950 2423 3098 2483 eigo
3153 2426 3397 2489 semper

1830 2499 2126 2577 obligatio
2165 2498 2364 2559 oritur
2417 2516 2492 2558 ex
2532 2498 2851 2577 praeceptis
2897 2496 3162 2561 aliarum
3205 2503 3398 2561 virtu-

1830 2598 1989 2652 tum.
2048 2593 2200 2652 ltem
2259 2608 2407 2669 ergo
2451 2590 2701 2650 omissio
2749 2591 2876 2669 spei
2933 2610 3254 2671 nunquam
3304 2602 3396 2655 est

1832 2685 2094 2765 speciale
2124 2690 2441 2765 peccatum
2473 2689 2688 2743 contra
2728 2702 2924 2763 spem.
2973 2686 3124 2745 Nam
3149 2688 3395 2765 quando

1828 2778 2125 2857 obligatio
2155 2776 2476 2839 exercendi
2507 2776 2782 2855 aliquem
2813 2783 3019 2839 actum
3049 2780 3234 2841 unius
3272 2782 3398 2843 vir·

1827 2872 1976 2932 tutis
1996 2872 2192 2931 oritur
2211 2877 2453 2931 tantum
2477 2888 2549 2929 cx
2583 2869 2939 2932 necessitate
2968 2871 3241 2947 alterius,
3264 2880 3396 2936 tota

1828 2966 2068 3025 malitia
2121 2964 2466 3025 omissionis
2515 2968 2607 3024 est
2672 2968 2914 3024 tantum
2963 2974 3178 3029 contra
3222 2968 3394 3029 illam

1828 3062 2148 3132 virtutem,
2175 3075 2251 3117 ex
2279 3075 2402 3135 qua
2426 3058 2700 3117 nascitur
2723 3055 3041 3135 obligatio,
3061 3065 3131 3119 ut
3159 3067 3397 3123 constat

1828 3170 1903 3213 ex
1935 3151 2192 3211 materia
2223 3151 2298 3210 de
2343 3148 2638 3210 charitate
2689 3155 2751 3209 et
2800 3150 2875 3210 de
2917 3153 3180 3230 peccatis
3191 3169 3210 3231 3
3244 3172 3393 3233 ergo

1829 3244 2068 3305 tollitur
2095 3248 2469 3323 praeceptum
2516 3242 2666 3321 spei.
2704 3242 2880 3303 Unde
2931 3243 3154 3304 falsum
3203 3247 3392 3307 etiam

1828 3343 1915 3398 est
1938 3342 2108 3396 actus
2135 3336 2263 3415 spei
2290 3353 2414 3393 non
2446 3352 2573 3394 esse
2602 3352 2710 3414 per
2736 3352 2823 3409 se,
2845 3334 2948 3395 sed
2972 3343 3222 3415 propter
3240 3336 3392 3400 alias

1828 3430 2086 3490 virtutes
2121 3434 2397 3503 tautum3
2433 3445 2577 3487 nam
2609 3444 2805 3501 amor,
2838 3434 2900 3488 et
2931 3428 3146 3491 efficax
3175 3432 3385 3494 inten-

1828 3525 1916 3583 tio
1967 3522 2367 3583 beatitudinis
2417 3521 2904 3601 supernaturalis
2965 3542 3192 3601 perse
3241 3531 3390 3587 sunt

1828 3616 2007 3676 nobis
2049 3615 2319 3675 maxime
2355 3615 2715 3675 necessaria.
2752 3615 3025 3695 Denique
3065 3618 3262 3695 magis
3299 3620 3388 3679 vi-

1830 3710 2009 3770 detur
2041 3726 2169 3768 esse
2219 3713 2468 3788 propter
2509 3707 2658 3767 alias
2705 3706 2961 3769 virtutes
2992 3708 3166 3785 fides,
3197 3730 3388 3791 quam

1826 3820 1986 3881 speS‚
2018 3807 2079 3863 et
2119 3800 2527 3861 nihilominus
2557 3800 2710 3861 fides
2729 3800 2915 3861 habet
2939 3822 3118 3863 suum
3147 3810 3389 3886 tempus

1824 3912 1935 3975 per
1957 3913 2056 3969 se;
2089 3895 2226 3955 dico
2258 3911 2430 3971 erg0‚
2463 3898 2531 3953 ut
2561 3893 2636 3953 de
2673 3894 2968 3955 charitate
2999 3901 3060 3957 et
3086 3896 3164 3958 de
3190 3900 3387 3978 poeni-

1823 3988 2019 4048 tentia
2053 3986 2271 4047 resolvi
2301 3985 2475 4062 solet,
2508 3985 2622 4046 hoc
2650 3993 2892 4065 tempus
2921 4004 3046 4048 non
3073 4007 3249 4068 posse
3274 3991 3386 4055 de·

1824 4080 2059 4161 signari
2099 4080 2380 4161 positive,
2425 4086 2487 4141 et
2524 4079 2780 4140 omnino
2810 4080 3237 4161 determinate,
3277 4085 3386 4148 sed

1824 4176 2000 4255 quasi
2023 4173 2308 4253 negative
2337 4180 2398 4234 et
2418 4173 2697 4248 confuse3
2727 4179 2973 4236 tenetur
3001 4177 3166 4239 enim
3195 4176 3384 4241 homo

1824 4267 2159 4347 aliquando
2190 4268 2257 4327 in
2290 4266 2416 4327 vita
2459 4283 2629 4347 spem
2678 4284 2959 4329 exercere
2978 4291 2996 4345 3
3030 4270 3192 4349 quod
3237 4290 3383 4333 vero

1824 4360 1978 4421 illud
2010 4362 2092 4421 sit
2116 4378 2283 4420 nunc
2310 4358 2408 4433 vel
2436 4364 2670 4439 postea,
2714 4358 3088 4439 relinquitur
3115 4361 3385 4425 hominis

1824 4454 2104 4515 arbitrio.
2137 4453 2290 4513 Item
2338 4453 2623 4532 negative
2661 4470 2985 4530 possumus
3033 4454 3261 4532 dicere,
3294 4465 3381 4519 te-

1823 4550 1957 4611 neri
2002 4548 2320 4609 hominem
2385 4565 2508 4606 non
2559 4545 2670 4606 diu
2723 4545 2970 4607 diflerre
3026 4547 3384 4628 huJusmodi

1824 4649 1997 4703 actus
2033 4648 2170 4721 post
2209 4640 2540 4721 perfectam
2593 4639 3072 4718 propositionem
3117 4642 3383 4706 beatitu-

1824 4736 2010 4811 dinis,
2049 4735 2147 4796 vel
2187 4735 2320 4813 ejus
2358 4730 2931 4811 apprehensionem.
2973 4730 3252 4814 Denique
3295 4738 3383 4801 ita

1823 4836 2070 4891 tenetur
2099 4844 2381 4889 exercere
2409 4826 2522 4885 hos
2550 4830 2746 4900 actus,
2769 4831 2838 4885 ut
2864 4825 3101 4887 ratione
3129 4828 3381 4893 illorum

1822 4925 1905 4983 sit
1928 4922 2086 4982 bene
2117 4920 2444 5000 dispositus
2471 4918 2550 4979 ad
2579 4917 2734 4978 bene
2766 4918 3172 4997 operandum,
3205 4930 3267 4983 et
3291 4925 3378 4984 vi-

1822 5016 2082 5078 tandum
2153 5020 2396 5092 peccata
2422 5035 2440 5088 3
2504 5009 2666 5091 quod
2732 5010 3050 5073 moraliter
3103 5018 3381 5092 praestari

1822 5116 1990 5171 recte
2031 5127 2156 5169 non
2209 5111 2430 5187 potest,
2480 5104 2601 5165 nisi
2645 5102 2723 5162 ab
2764 5103 3018 5165 homine
3061 5102 3219 5167 bene
3247 5127 3380 5189 spe-

1821 5209 2019 5265 rante.
3215 5216 3223 5229 ·

1906 5300 1964 5359 4.
2015 5295 2358 5358 Secundum
2381 5290 2642 5354 dubium.
2671 5323 2753 5338 ——-
2777 5290 3078 5367 Secundo,
3108 5292 3382 5358 dubitari

1822 5393 2023 5471 potest
2071 5388 2177 5467 qui
2211 5392 2379 5447 actus
2421 5385 2854 5444 contineantur
2899 5383 3013 5443 sub
3057 5385 3174 5447 hoc
3222 5406 3382 5467 prae-

1824 5489 2023 5564 cept0.
2062 5483 2130 5541 D.
2165 5480 2432 5541 Thomas
2457 5483 2744 5538 numerat
2767 5496 2939 5556 spem
2964 5484 3025 5537 et
3053 5480 3373 5556 timei-erm

1825 5575 1933 5637 sed
1957 5573 2320 5635 crediderim
2349 5572 2464 5631 sub
2491 5589 2596 5649 spe
2620 5571 3139 5650 comprehendere
3164 5592 3381 5637 omnes

2987 5678 3066 5737 ⁴0
