3900 6217
526 394 607 460 86

527 510 843 587 quatenus
878 510 972 567 est
1020 522 1315 568 assensus
1344 512 1553 569 certus
1607 525 1685 569 ex
1725 506 2092 569 auctoritate

527 598 785 669 divina;
845 600 978 661 haec
1026 605 1259 671 autem,
1299 607 1361 662 et
1389 592 1609 661 similia
1655 618 1781 661 non
1816 600 2094 661 eminen-

526 694 649 765 ter,
688 691 800 753 sed
848 690 1193 755 formaliter
1233 693 1661 755 invenirentur
1686 694 1751 754 in
1778 694 1883 755 illo
1922 700 2090 769 actu,

526 790 600 846 ut
648 791 865 863 aperte
896 793 1158 847 constat.
1206 786 1361 849 Sunt
1409 792 1619 847 autem
1662 786 1782 847 illae
1811 787 2094 867 proprie-

528 884 692 940 tates
726 879 889 940 inter
918 897 987 939 se
1016 878 1175 939 adeo
1206 880 1531 958 oppositas,
1556 886 1624 941 ut
1651 880 1837 960 plane
1866 898 2092 959 repug-

528 990 683 1033 nare
728 972 1014 1033 videatur
1042 971 1223 1033 simul
1273 974 1477 1035 inesse
1506 974 1711 1035 eidem
1751 975 1913 1035 actui
1944 974 2094 1035 sim-

527 1064 675 1144 plici
724 1072 787 1127 et
848 1065 1236 1140 indivisibili,
1279 1058 1535 1146 qualem
1596 1066 1742 1130 dicti
1804 1074 2092 1128 auctores

526 1158 749 1220 volunt
797 1176 934 1219 esse
992 1159 1169 1220 illum
1233 1158 1312 1221 de
1362 1177 1486 1239 quo
1539 1159 1887 1240 loquimur;
1940 1176 2094 1240 ergo

536 1268 669 1313 non
699 1251 883 1314 datur
930 1252 1071 1313 talis
1108 1258 1306 1314 actus·

618 1348 711 1407 15.
755 1346 1087 1426 Refellitur
1140 1347 1319 1410 tertio
1356 1346 1437 1410 ’σω
1484 1352 1666 1429 parte
1732 1347 1996 1411 habitus.
2018 1378 2100 1393 -·

532 1440 863 1521 Responsio
902 1458 1019 1523 pro
1046 1440 1289 1504 Molina
1328 1443 1637 1505 exercitur.
1664 1474 1747 1488 —
1763 1442 1970 1503 Tertia
1996 1460 2102 1503 ra-

530 1534 618 1594 tio
666 1532 747 1593 ad
792 1533 958 1594 idem
1007 1534 1507 1595 confirmandum
1554 1534 1716 1595 sumi
1772 1540 1980 1614 potest
2023 1551 2100 1595 ex

533 1633 716 1705 parte
765 1626 1038 1698 habituS,
1072 1626 1201 1687 sive
1239 1627 1341 1689 ille
1370 1627 1801 1689 consideretur
1839 1632 1905 1687 ut
1932 1626 2101 1704 prin-

536 1719 791 1798 cipium,
826 1720 956 1781 sive
1004 1725 1069 1779 ut
1096 1720 1424 1794 terminus,
1466 1738 1582 1783 seu
1632 1722 1891 1783 effectus
1934 1720 2102 1781 illius

536 1818 734 1874 actus.
775 1813 852 1873 Et
884 1812 1189 1892 imprimis
1219 1814 1463 1893 inquiro
1501 1832 1539 1875 a
1581 1832 1705 1893 quo
1747 1813 1966 1875 habitu
1996 1812 2103 1873 eli·

539 1906 743 1967 ciatur
787 1906 893 1968 ille
934 1924 1272 1980 assensum
1325 1924 1455 1969 non
1502 1908 1671 1969 enim
1705 1912 1910 1987 potest
1963 1924 2102 1969 esse

537 2016 577 2061 a
607 1998 741 2061 solo
791 1999 1009 2061 habitu
1048 2000 1218 2071 fidei,
1249 2004 1319 2061 ut
1346 2018 1566 2065 omnes
1618 2018 1731 2081 pro
1782 2005 2101 2079 comperto

538 2092 801 2167 hahent,
843 2093 991 2172 quia
1040 2094 1201 2155 fides
1249 2094 1382 2155 sola
1427 2112 1555 2156 non
1605 2098 1813 2174 potest
1854 2094 2104 2155 efficere

538 2191 749 2249 actum
800 2188 1177 2261 evidentem,
1208 2189 1411 2267 qualis
1456 2189 1829 2269 supponitur
1870 2188 1976 2249 ille
2005 2206 2106 2249 ac·

540 2288 685 2355 tus;
720 2287 786 2343 et
830 2282 1279 2363 proportionali
1318 2284 1559 2345 ratione
1604 2282 1956 2345 ostenditur
1977 2299 2106 2343 non

543 2392 685 2435 esse
730 2392 767 2435 a
800 2374 933 2435 solo
972 2374 1192 2437 habitu
1220 2376 1517 2450 scientiae,
1554 2377 1702 2455 quia
1728 2394 1857 2439 non
1902 2379 2110 2456 potest

542 2468 645 2528 ille
664 2466 913 2529 habitus
940 2467 1187 2529 efficere
1203 2474 1441 2531 tantam
1466 2468 1899 2533 certitudinem
1916 2484 2113 2547 quan-

541 2568 672 2623 tam
727 2560 919 2622 hahet
968 2567 1165 2623 actua.
1197 2564 1272 2625 Et
1299 2563 1440 2625 ideo
1468 2564 1821 2625 communis
1854 2579 2116 2641 respon-

546 2654 640 2716 sio
694 2660 811 2727 est,
868 2660 1077 2716 actum
1138 2655 1313 2717 illum
1385 2656 1521 2719 lieri
1564 2657 1645 2719 ab
1686 2660 1956 2735 utroque
2007 2654 2116 2715 ha·

544 2747 681 2807 bitu
726 2746 937 2815 simul,
970 2753 1040 2809 ut
1083 2746 1298 2810 videre
1341 2748 1487 2811 licet
1514 2750 1577 2809 in
1617 2748 1849 2811 Molina
1896 2763 2109 2826 supra.

547 2840 779 2903 Contra
826 2840 945 2901 hoc
994 2858 1146 2902 vero
1188 2842 1404 2903 instari
1442 2848 1650 2921 potest
1686 2842 1869 2922 juxta
1924 2857 2116 2919 supra

548 2932 735 3007 dicta,
766 2934 936 3013 quia,
972 2934 1023 2993 si
1054 2924 1317 3013 uterque
1355 2936 1604 2996 habitus
1646 2942 1968 3015 operatur,
2001 2952 2118 2995 ne-

549 3044 725 3088 cesse
765 3032 859 3089 est
894 3033 967 3088 ut
992 3031 1255 3107 uterque
1284 3028 1516 3090 habeat
1568 3029 1651 3089 ibi
1682 3046 1867 3089 suum
1906 3028 2117 3107 objec-

548 3125 684 3181 tum
718 3119 981 3181 formale
1022 3120 1375 3199 integrum,
1410 3122 1558 3201 quia
1612 3120 1823 3183 nullus
1866 3121 2118 3181 habitus

552 3213 797 3293 operari
820 3219 1026 3292 potest
1058 3220 1233 3275 extra
1260 3234 1445 3277 suum
1474 3216 1791 3295 objectum
1809 3214 2111 3287 formate;

552 3324 727 3386 ergo,
762 3307 920 3368 sicut
962 3313 1109 3369 sunt
1144 3308 1269 3369 duo
1306 3309 1579 3382 habitus,
1629 3310 1715 3369 ita
1776 3313 2118 3388 operantur

550 3406 809 3480 propter
848 3398 974 3461 duo
1004 3402 1247 3481 obJecta
1283 3401 1571 3463 formalia
1607 3403 1874 3483 integra,
1910 3402 1994 3462 ita
2049 3402 2119 3460 ut

554 3510 761 3571 neque
810 3512 973 3555 unus
1025 3495 1317 3574 respiciat
1366 3495 1490 3556 ullo
1554 3495 1743 3556 modo
1800 3495 2118 3574 objectum

554 3586 831 3662 alterius,
875 3605 993 3649 nec
1036 3589 1489 3651 connexionem
1539 3589 1636 3650 sui
1689 3587 1918 3668 objecti
1973 3604 2117 3649 cum

554 3682 684 3755 illo,
728 3699 936 3760 neque
966 3698 1001 3741 e
1055 3700 1402 3743 converso:
1450 3700 1601 3759 ergo
1643 3682 1913 3742 efficient
1959 3680 2120 3740 duos

556 3780 755 3845 actus,
789 3780 852 3835 et
900 3792 1029 3835 non
1072 3793 1289 3835 unum.
1338 3776 1642 3835 Praeterea
1688 3780 1782 3835 est
1834 3772 2120 3852 specialis

558 3866 825 3946 objectio
868 3865 948 3927 ad
991 3867 1308 3928 hominem
1338 3866 1419 3927 de
1470 3866 1689 3927 habitu
1732 3865 1921 3937 fidei;
1973 3864 2121 3944 quia

557 3961 657 4022 vel
703 3966 799 4022 est
838 3960 918 4021 de
965 3960 1207 4021 ratione
1242 3960 1489 4020 formali
1536 3960 1763 4039 objecti
1804 3960 1964 4039 ejus,
2013 3963 2124 4019 aut

559 4054 781 4117 saltem
842 4052 1113 4115 conditio
1161 4054 1415 4114 omnino
1464 4053 1847 4127 necessaria,
1890 4058 1961 4114 ut
2011 4070 2126 4131 per

560 4146 804 4209 nullum
864 4146 1146 4208 medium
1202 4152 1591 4227 proponatur
1653 4152 1797 4209 actu
1840 4146 2120 4219 evidens,

558 4241 655 4302 vel
702 4258 851 4301 non.
908 4240 1415 4303 Hoc-secundum
1460 4245 1695 4320 negant
1728 4244 2016 4301 auctores
2057 4238 2125 4299 il-

560 4333 681 4395 lius
724 4334 1069 4406 sententiae,
1109 4332 1280 4412 quia,
1328 4334 1382 4394 si
1426 4332 1737 4395 evidentia
1786 4351 1902 4412 per
1954 4332 2127 4393 aliud

558 4427 840 4491 medium
888 4445 1017 4487 non
1064 4431 1159 4489 est
1198 4432 1413 4487 contra
1454 4428 1762 4488 rationem
1796 4426 2124 4489 formalem

564 4520 790 4600 objecti
820 4518 991 4593 fidei,
1022 4536 1152 4580 non
1181 4526 1277 4581 est
1300 4539 1409 4581 cur
1442 4525 1755 4599 repugnet
1778 4520 1963 4581 simul
1987 4536 2126 4583 esse

562 4620 774 4675 actum
844 4612 991 4674 fidei
1042 4630 1186 4673 cum
1240 4617 1385 4675 actu
1440 4612 1749 4674 evidente.
1793 4614 1853 4675 Si
1914 4619 2124 4674 autem

565 4706 876 4769 evidentia
915 4705 1177 4769 destruit
1206 4707 1520 4786 objectum
1574 4706 1771 4781 fidei,
1815 4724 1968 4785 ergo
2015 4706 2129 4766 im-

565 4799 857 4881 possibile
904 4804 999 4860 est
1043 4798 1230 4860 fidem
1271 4800 1533 4861 influere
1572 4800 1635 4859 in
1664 4800 1837 4859 illum
1890 4806 2123 4874 actum,

564 4894 669 4974 qui
718 4900 1003 4955 versatur
1044 4896 1206 4955 circa
1262 4894 1575 4973 objectum
1624 4893 1881 4955 evidens
1915 4940 1929 4962 ‚
1979 4895 2126 4973 quia

566 5004 695 5047 non
752 4991 958 5065 potest
1009 4985 1170 5047 fides
1217 4987 1465 5066 operari
1508 4986 1643 5047 sine
1692 5004 1805 5047 suo
1856 4986 2123 5065 objecto.

570 5080 828 5157 Propter
871 5096 1061 5158 quam
1100 5080 1428 5149 rationem,
1468 5078 1659 5158 aliqui
1693 5085 2035 5140 sectatores
2061 5079 2129 5139 il-

564 5172 687 5233 lius
747 5172 1056 5251 opinionis
1106 5172 1173 5233 in
1228 5172 1350 5233 hoc
1400 5171 1771 5233 dissentiunt
1808 5171 1889 5232 ab
1940 5170 2122 5244 aliis,

568 5265 908 5342 dicuntque
954 5264 1129 5325 illum
1188 5269 1396 5325 actum
1451 5264 1587 5326 fieri
1638 5282 1674 5324 a
1732 5265 1865 5335 solo
1909 5264 2126 5325 habitu

569 5357 871 5428 scientiae,
904 5362 966 5419 et
998 5356 1171 5417 nullo
1217 5357 1405 5419 modo
1432 5357 1515 5419 ab
1546 5357 1765 5419 habitu
1798 5357 1970 5419 fidei.
2005 5356 2128 5419 Sed

568 5452 691 5513 hoc
724 5451 911 5531 plane
946 5450 1307 5513 incredibile
1354 5456 1471 5523 est,
1504 5451 1651 5531 quia
1688 5450 1883 5513 multo
1924 5450 2126 5531 magis

568 5544 1159 5628 improportionatus
1185 5544 1431 5607 videtur
1464 5564 1602 5607 esse
1642 5545 1895 5607 habitus
1922 5544 2126 5606 scien-

988 371 1244 458 msrur.
1282 407 1365 461 111.
1400 407 1481 459 DE
1514 408 1776 461 omnc‘ro
1808 407 2080 461 Pontiam
2113 404 2294 468 mum.
2333 404 2412 458 ΕΤ
2443 405 2738 468 Quouono
2770 406 2853 459 An
2887 402 3088 467 mco,
3115 400 3248 457 Em.

2171 503 2294 576 tiae,
2337 522 2481 566 cum
2511 504 2616 565 ille
2650 503 2952 567 naturalis
2981 503 3082 577 sit,
3113 508 3292 565 actus
3326 518 3476 565 vero
3517 520 3742 583 super-

2171 598 2509 670 naturalis;
2561 614 2712 659 nam
2759 597 2842 659 ad
2905 602 3116 659 actum
3167 594 3739 677 supernaturalem,

2173 693 2598 755 necessarium
2627 698 2724 755 est
2752 691 3126 771 principium
3189 692 3546 770 proximum
3607 689 3744 751 effi-

2174 786 2346 847 ciens
2387 785 2885 863 supernaturale.
2925 784 3330 863 Respondere
3361 788 3630 864 possunt
3673 782 3744 845 il-

2171 877 2281 940 lud
2330 880 2704 959 principium
2742 896 2882 939 esse
2929 878 3228 939 auxilium
3259 877 3536 958 speciale
3591 875 3738 947 Dei;

2173 973 2285 1035 sed
2315 979 2554 1045 contra,
2587 972 2736 1049 quia
2761 988 3016 1033 omnem
3043 977 3256 1033 actum
3302 970 3652 1051 perfectum
3681 973 3746 1029 et

2171 1067 2542 1138 humanum,
2591 1084 2782 1145 quem
2825 1065 2998 1126 Deus
3052 1063 3204 1125 facit
3252 1082 3366 1144 per
3414 1063 3742 1135 auxilium,

2178 1164 2380 1238 potest
2412 1157 2620 1221 facere
2645 1175 2761 1237 per
2789 1157 3108 1229 habitum;
3143 1156 3272 1221 imo
3289 1162 3361 1219 ut
3379 1156 3462 1219 ab
3489 1156 3750 1219 homine

2175 1254 2289 1315 fiat
2331 1252 2725 1314 connaturali
2760 1253 2974 1325 modo,
3027 1258 3090 1313 et
3117 1270 3156 1311 a
3183 1253 3316 1313 Deo
3346 1251 3752 1331 provideatur

2180 1349 2355 1411 suavi
2400 1348 2614 1423 modo,
2665 1348 3056 1411 necessarius
3101 1354 3196 1410 est
3244 1348 3535 1420 habitus:
3595 1364 3750 1427 ergo

2181 1442 2600 1523 assignandus
2645 1448 2740 1505 est
2783 1442 3032 1505 habitus
3071 1432 3338 1515 infusus,
3387 1460 3424 1503 a
3471 1459 3600 1521 quo
3642 1440 3752 1501 ille

2181 1544 2358 1599 actus
2397 1536 2533 1598 fieri
2575 1536 2770 1616 possit
2816 1542 3041 1615 proeter
3081 1536 3409 1599 seientiam
3447 1554 3464 1608 ;
3502 1536 3610 1597 ille
3641 1552 3756 1597 au-

2180 1637 2309 1693 tem
2341 1648 2478 1693 esse
2509 1648 2639 1694 non
2682 1635 2892 1709 potest
2927 1628 3046 1691 nisi
3081 1628 3263 1690 fides.
3308 1630 3384 1691 Et
3411 1628 3758 1690 confirma-

2180 1729 2285 1785 tur
2320 1724 2464 1799 hoc,
2497 1740 2648 1783 nam
2677 1741 2864 1784 omne
2901 1722 3202 1783 auxilium
3239 1721 3458 1802 gratiae
3487 1738 3759 1800 respon-

2181 1817 2290 1879 det
2349 1823 2413 1879 et
2463 1816 2972 1895 proportionetur
3009 1815 3197 1877 alicui
3233 1814 3444 1877 virtuti
3492 1813 3718 1875 infusoe
3737 1858 3754 1884 ‚

2181 1911 2282 1972 vel
2309 1909 2612 1972 habituali
2653 1909 2864 1983 douo;
2908 1926 3060 1989 ergo
3109 1908 3160 1971 si
3197 1908 3282 1970 ihi
3321 1916 3418 1971 est
3461 1924 3762 1971 necessa·

2181 2005 2344 2067 rium
2368 2004 2692 2075 auxilium,
2719 2003 2806 2071 illi
2843 2002 3187 2081 respondet
3215 2001 3441 2081 aliquis
3475 2001 3760 2073 habitus,

2185 2098 2292 2177 qui
2322 2116 2452 2159 non
2477 2102 2684 2175 potest
2713 2114 2853 2159 esse
2881 2094 3002 2157 nisi
3029 2094 3209 2157 fides.
3253 2093 3538 2173 Denique
3563 2094 3766 2156 etiam

2187 2210 2263 2253 ex
2291 2196 2468 2271 parte
2499 2189 2774 2251 scientim
2805 2188 3064 2250 difficile
3099 2187 3465 2268 intelligitur
3495 2202 3768 2267 quomo·

2188 2284 2270 2348 do
2314 2284 2562 2355 virtute,
2609 2281 2902 2355 naturali,
2935 2287 2999 2345 et
3025 2288 3280 2361 propter
3305 2280 3594 2343 naturale
3621 2298 3770 2341 mo-

2193 2378 2409 2450 tivum,
2437 2375 2664 2437 efficiat
2708 2393 2822 2455 per
2845 2392 2936 2450 se,
2978 2374 3166 2436 etiam
3193 2378 3264 2435 ut
3289 2373 3552 2454 partiale
3584 2372 3770 2453 prin-

2192 2470 2447 2551 cipium,
2483 2474 2694 2531 actum
2721 2468 3288 2548 supernaturalem,
3329 2467 3476 2545 quia
3495 2485 3628 2529 non
3653 2468 3774 2527 ha·

2193 2564 2300 2625 bet
2341 2562 2423 2623 ad
2455 2563 2578 2623 hoc
2607 2561 2772 2622 vires
2823 2561 3354 2641 proportionatae,
3393 2578 3512 2622 nec
3554 2565 3778 2639 potest

2193 2656 2402 2717 faeere
2447 2655 2512 2717 in
2559 2659 2700 2717 act-u
2742 2654 2864 2715 nisi
2919 2653 3298 2717 evidentiam
3345 2660 3408 2715 et
3448 2650 3777 2714 certitudi-

2195 2766 2342 2810 nem
2370 2748 2746 2809 naturalem.
2788 2747 3071 2809 Tandem
3105 2746 3160 2807 si
3195 2744 3632 2807 consideretur
3661 2744 3780 2803 lta-

2192 2842 2360 2903 bitus
2402 2846 2720 2922 quatenus
2751 2839 2890 2901 fieri
2917 2843 3122 2919 potest
3156 2857 3273 2919 per
3303 2844 3502 2911 actus,
3545 2838 3650 2899 vel
3683 2836 3784 2897 ef-

2193 2935 2440 3007 fective,
2483 2934 2584 2995 vel
2630 2933 3014 3011 dispositive,
3058 2932 3485 2995 necessarium
3531 2931 3656 2993 erit
3707 2936 3786 2991 ut

2196 3028 2283 3089 illi
2317 3027 2482 3089 actui
2521 3026 2900 3106 respondeat
2937 3044 3102 3087 unus
3139 3024 3390 3087 habitus
3415 3023 3666 3085 infusus
3697 3023 3788 3083 si·

2194 3119 2327 3181 mul
2357 3120 2640 3195 evidens,
2670 3126 2733 3180 et
2760 3124 2989 3193 σοι-ωε,
3033 3125 3094 3180 et
3124 3118 3434 3181 inclinans
3459 3116 3540 3177 ad
3589 3122 3786 3179 actus

2195 3214 2359 3275 illius
2399 3212 2629 3292 speciei
2665 3212 3021 3274 eminenter
3055 3212 3452 3273 continentes
3483 3210 3648 3271 duas
3703 3209 3788 3269 il-

2196 3308 2292 3370 las
2337 3307 2646 3377 rat-iones;
2683 3323 3078 3383 consequens
3121 3310 3334 3365 autem
3381 3322 3511 3365 non
3543 3303 3790 3363 admit-

2196 3400 2345 3461 titur
2385 3398 2575 3460 etiam
2623 3398 2706 3459 ab
2769 3398 3128 3459 auctoribus
3183 3397 3352 3457 illius
3405 3396 3733 3475 opinionis
3765 3440 3786 3467 ,

2199 3494 2343 3575 quia
2371 3498 2538 3554 esset
2575 3492 2757 3551 valde
2792 3510 3024 3553 novum
3053 3497 3116 3553 et
3162 3490 3786 3555 extraordinarium:

2197 3587 2409 3652 nullus
2439 3587 2606 3649 enim
2657 3585 2736 3647 de
2776 3585 2880 3646 tali
2913 3585 3132 3647 habitu
3172 3586 3478 3647 hactenus
3531 3585 3794 3664 cogita-

2199 3682 2307 3754 vit,
2351 3686 2413 3741 et
2469 3699 2548 3741 ex
2595 3680 2699 3741 illo
2739 3680 2935 3741 multa
2987 3680 3260 3741 absurda
3311 3679 3496 3741 facile
3550 3678 3792 3739 inferri

2200 3778 2478 3853 possent.
2511 3772 2782 3851 Sequela
2807 3771 3132 3851 probatur,
3182 3771 3330 3850 quia
3363 3770 3536 3831 nulla
3563 3770 3796 3848 major

2202 3865 2620 3944 repugnantia
2667 3864 2974 3944 assignari
3005 3870 3210 3944 potest
3237 3865 3304 3925 in
3344 3864 3582 3925 unitate
3606 3863 3794 3924 illius

2203 3958 2475 4031 habitus,
2507 3975 2698 4037 quam
2719 3958 2784 4018 in
2813 3957 3052 4019 unitate
3081 3963 3280 4029 actus,
3313 3972 3520 4037 neque
3549 3974 3589 4017 a
3623 3974 3795 4035 prae-

2203 4052 2382 4113 dictis
2433 4052 2792 4115 auctoribus
2829 4055 3227 4131 assignatum
3281 4057 3344 4113 et
3383 4050 3642 4111 aliunde
3695 4049 3798 4111 ibi

2204 4145 2486 4226 procedit
2531 4144 2826 4224 generale
2868 4144 3246 4223 principium
3270 4188 3286 4216 ‚
3341 4143 3514 4224 quod
3565 4143 3800 4205 omnis

2205 4243 2382 4301 actus
2415 4238 2688 4317 disponit
2711 4238 3052 4317 potentiam
3081 4237 3162 4299 de
3192 4255 3258 4297 se
3277 4237 3796 4309 indifferentem,

2206 4333 2304 4395 vel
2333 4332 2837 4403 insufficientem,
2864 4332 2944 4392 ad
2963 4331 3270 4405 habitum,
3301 4332 3408 4408 qui
3435 4335 3658 4411 postea
3683 4329 3802 4389 in-

2208 4426 2396 4487 clinet
2439 4424 2522 4487 ad
2573 4424 2806 4487 similes
2843 4430 3059 4502 actus3
3111 4442 3266 4505 ergo
3301 4423 3475 4487 idem
3527 4422 3612 4485 de
3671 4422 3802 4485 illo

2209 4526 2354 4581 actu
2403 4516 2740 4578 dicendum
2779 4522 2966 4579 esset.

2290 4612 2390 4673 16.
2436 4610 2654 4673 Jzzatio
2699 4610 2908 4691 prima
2941 4628 3018 4673 σω
3053 4610 3257 4675 dictis.
3303 4642 3386 4659 —
3427 4612 3652 4675 11ὶαίἰο
3683 4632 3802 4675 se·-

2209 4706 2424 4770 ctmda.
2453 4735 2536 4750 -—
2555 4703 2871 4765 Concludo
2896 4704 3086 4783 igitur
3113 4703 3198 4765 ibi
3225 4704 3398 4765 nullo
3428 4704 3618 4765 modo
3639 4704 3804 4767 fieri

2207 4817 2390 4879 posse
2439 4816 2634 4858 unum
2696 4804 2906 4859 actum
2935 4842 2951 4869 ‚
3013 4804 3074 4860 et
3125 4804 3588 4878 consequenter
3639 4798 3803 4861 fieri

2207 4892 2367 4953 duos
2387 4937 2400 4964 ‚
2447 4891 2591 4970 quia
2627 4890 2694 4952 fit
2721 4897 2898 4953 actus
2925 4890 3181 4953 evidens
3211 4898 3274 4953 et
3309 4891 3615 4952 naturalis
3646 4911 3662 4965 ;
3715 4893 3806 4957 fit

2209 4986 2398 5047 etiam
2429 4990 2603 5046 actus
2633 4984 3126 5061 supernaturalis
3159 4985 3389 5047 certior
3425 5002 3618 5065 quam
3663 5004 3810 5047 na-

2207 5079 2465 5153 turalis;
2505 5098 2654 5155 ergo
2697 5080 2882 5139 simut
2923 5078 3081 5140 fiunt
3119 5079 3246 5141 duo
3289 5086 3490 5143 actus.
3535 5080 3806 5145 Deinde

2211 5172 2518 5234 concludo
2555 5172 2694 5233 illos
2721 5190 2862 5235 esse
2889 5170 3161 5234 scicntiae
3190 5176 3254 5234 et
3279 5172 3448 5235 fidei.
3495 5172 3806 5239 Primum

2213 5282 2432 5328 omnes
2478 5270 2764 5343 ponunt:
2807 5264 3158 5325 secundum
3194 5264 3420 5345 probo,
3473 5266 3626 5345 quia
3673 5267 3806 5331 ille

2207 5357 2698 5439 supernaturalis
2735 5362 2911 5419 actus
2941 5363 3036 5419 est
3063 5376 3359 5419 assensus
3387 5363 3648 5438 propter
3675 5380 3806 5423 ve-

2191 5451 2452 5515 ritatem
2491 5450 2758 5531 primam
2791 5450 3176 5513 revelantem
3212 5452 3596 5515 revelatione
3637 5472 3802 5517 cre-

2205 5544 2368 5617 dita,
2409 5550 2472 5605 et
2505 5562 2631 5605 non
2667 5542 2830 5619 visa,
2874 5561 3081 5623 neque
3113 5544 3438 5607 evidenter
3463 5546 3726 5627 cognita
3771 5568 3794 5621 3
