3900 6217
717 429 880 486 SECT.
917 433 1021 486 xn.
1060 433 1143 485 AN
1175 430 1527 486 miramo
1561 429 1778 484 mleA
1809 431 2169 484 HUMANJTUS
2202 431 2485 492 CREDITA,
2522 427 2656 484 ETc.

673 649 883 705 sceno
926 651 1029 706 xn.

174 875 341 938 Utrum
366 863 625 930 revelatio
651 860 875 940 divium
904 867 976 927 ut
1004 863 1237 928 credita
1277 862 1396 944 fido
1433 863 1634 945 acqui·

225 963 322 1027 sita
349 1005 364 1034 ‚
405 959 484 1024 eit
531 957 830 1038 sufficiens
895 957 978 1020 ad
1034 955 1326 1036 objectum
1377 955 1638 1034 formale

223 1055 344 1138 fidei.

223 1292 263 1348 1.
287 1284 525 1348 Diximus
552 1283 856 1344 hactenus
889 1281 1156 1360 primam
1181 1278 1532 1353 veritatem,
1565 1284 1636 1342 ut

159 1380 486 1452 revelantem,
521 1393 660 1437 esse
685 1371 950 1436 formale
975 1373 1293 1456 objectum
1336 1369 1522 1446 fidei,
1573 1379 1636 1435 et

159 1476 532 1552 consequenter
553 1469 830 1530 divinam
851 1466 1300 1530 revelationem
1320 1467 1634 1547 pertinere

165 1569 223 1630 nd
243 1570 332 1628 hoc
363 1564 662 1645 objectum
689 1561 978 1637 formale,
1021 1565 1325 1640 tanquam
1357 1561 1634 1623 testimo·

167 1665 289 1726 nium
305 1661 490 1742 primae
523 1658 839 1731 veritatis3
879 1675 956 1720 ex
981 1673 1108 1737 quo
1139 1657 1440 1736 sequitur,
1465 1656 1635 1736 quod

167 1761 212 1819 in
247 1751 614 1834 superioribus
659 1753 850 1813 etiam
898 1751 1214 1832 tetigimus
1245 1797 1260 1823 ‚
1317 1749 1444 1812 duo
1496 1769 1636 1814 esse

165 1849 387 1930 principia
407 1865 480 1909 ex
495 1845 724 1926 quibus
741 1845 901 1906 fides
924 1851 1137 1906 nostra
1157 1844 1418 1924 pendet:
1439 1863 1637 1908 unum

164 1949 243 2006 est.
261 1944 414 2004 Deum
437 1957 553 2002 aon
587 1957 766 2022 posse
795 1940 1011 2018 fallere
1049 1939 1118 2000 in
1145 1939 1240 2002 Itis
1287 1957 1416 2020 quoe
1442 1938 1594 2002 dicit
1611 1966 1638 2014 ,-

155 2035 278 2100 aliud
308 2039 404 2106 est,
431 2034 614 2096 Deum
651 2033 849 2096 dicero
881 2050 952 2095 ea
977 2049 1111 2114 quoe
1159 2031 1496 2105 credimus,·
1521 2051 1639 2094 un-

153 2131 227 2197 de,
251 2129 381 2188 sicut
424 2127 500 2188 de
547 2126 740 2205 priori
779 2125 1084 2205 principio
1117 2143 1308 2204 supra
1349 2127 1637 2188 tractavi·

151 2241 267 2294 mus,
295 2219 576 2301 quomodo
619 2217 1136 2298 cognoscendum
1169 2219 1248 2279 sit
1273 2237 1346 2278 ac
1375 2219 1637 2281 creden-

149 2317 288 2385 dum,
329 2319 388 2373 ut
425 2310 608 2373 fidem
667 2312 938 2372 aliarum
990 2311 1322 2372 veritatum
1367 2311 1635 2375 fundare

151 2407 312 2486 possit,
333 2405 408 2465 ita
431 2403 490 2464 in
515 2403 813 2482 proesenti
843 2402 1292 2465 declarandum
1321 2411 1630 2482 superest,

153 2497 394 2578 quomodo
411 2497 782 2576 principium
803 2497 1134 2576 posteriue,
1165 2496 1420 2570 scilicet,
1443 2497 1638 2560 Deum

153 2593 294 2655 dicere
316 2593 410 2654 aut
427 2591 713 2661 revelare,
737 2589 922 2650 nohis
958 2589 1350 2652 innotescere
1381 2589 1632 2667 debeat,

151 2691 200 2744 ut
223 2689 430 2763 propter
449 2681 726 2742 divinam
752 2681 1201 2744 revelationem
1240 2689 1462 2744 caetera
1500 2701 1638 2745 cre-

149 2779 264 2840 dere
305 2777 612 2840 valeamus.
667 2776 868 2857 Cujus
919 2777 1280 2856 quaestionis
1337 2777 1636 2838 resolutio

153 2871 302 2931 facilis
333 2888 445 2932 esse
469 2874 688 2950 posset
718 2887 794 2930 ex
824 2869 1002 2930 dictis
1039 2870 1104 2928 in
1138 2870 1326 2948 priori
1363 2877 1627 2952 puncto;

159 2970 338 3034 tamen,
359 2965 474 3042 quia
521 2981 658 3024 non
709 2963 944 3026 desunt
996 2963 1345 3042 opiniones„
1375 2969 1640 3044 praeter-

159 3057 278 3116 mitti
299 3075 394 3117 non
419 3057 634 3137 potuit,
673 3063 742 3118 et
779 3055 965 3117 simul
995 3073 1138 3117 cum
1164 3056 1270 3117 illa
1301 3058 1638 3137 explicabi-

155 3167 258 3210 mus
281 3149 548 3230 quomodo
587 3149 761 3212 fides
803 3149 1014 3210 divina
1043 3151 1123 3211 ab
1160 3151 1460 3230 acquisita
1486 3170 1638 3231 pen-

147 3242 271 3315 deat,
295 3244 374 3303 rel
393 3243 554 3305 illam
595 3243 820 3322 aliquo
849 3243 1036 3304 modo
1061 3244 1364 3323 requirat.

201 3336 248 3396 ἓ.
281 3335 470 3399 Prima
491 3335 803 3401 sententia
826 3337 1166 3416 affirmans,
1197 3343 1256 3400 et
1286 3338 1499 3418 quibus
1525 3338 1639 3400 tri·

147 3430 496 3491 &narn-Est
521 3445 679 3508 ergo
721 3430 925 3508 prima
951 3431 1284 3503 sententia,
1315 3429 1640 3492 affirmans

149 3519 353 3582 divinam
375 3522 826 3585 revelationem
864 3521 1218 3584 necessario
1263 3523 1436 3602 prius
1469 3524 1639 3586 credi

147 3613 318 3676 debere
339 3634 444 3695 per
465 3615 660 3678 fidem
685 3614 1082 3694 acquisitam,
1113 3621 1185 3676 ut
1207 3633 1310 3676 res
1345 3617 1661 3679 revelatae·

143 3707 320 3782 possint
341 3725 446 3787 per
475 3707 676 3770 tidem
717 3708 990 3769 infusam
1039 3707 1243 3780 credi;
1273 3727 1352 3770 ex
1382 3727 1508 3789 quo
1545 3727 1639 3771 se·

141 3798 217 3876 qui
255 3800 470 3862 videtur
507 3801 969 3862 revelationem
1006 3799 1302 3874 divinam,
1333 3808 1405 3864 ut
1445 3803 1641 3864 credi·

141 3895 233 3950 tam
255 3909 350 3970 per
369 3893 550 3954 fidem
579 3891 986 3972 acquisitam,
1013 3911 1151 3954 esse
1177 3894 1484 3956 rationem
1512 3913 1642 3955 cre-

139 3985 278 4046 dendi
301 4005 389 4048 res
414 3988 568 4051 alias
595 3985 913 4049 revelatas
938 4005 976 4047 a
998 3989 1144 4058 Deo,
1173 3993 1234 4048 et
1254 4006 1641 4068 consequen-

143 4083 212 4136 ter
229 4079 560 4160 principium
602 4079 766 4142 illud
814 4097 829 4139 ε
870 4081 1034 4143 Deus
1063 4079 1209 4143 dicit
1237 4081 1348 4143 kas
1375 4099 1497 4156 res,
1529 4100 1643 4161 per

145 4167 284 4232 fldem
313 4174 646 4236 humanam
678 4189 822 4236 esso
866 4173 1192 4248 creditum,
1247 4179 1310 4236 et
1338 4175 1456 4236 hoc
1495 4175 1643 4237 satis

149 4279 250 4322 esse
273 4271 324 4326 ut
343 4267 554 4328 fundet
575 4266 776 4328 fidem
803 4265 1098 4327 infusam.
1131 4267 1275 4328 Haec
1308 4267 1516 4347 opinio
1547 4261 1646 4329 so-

149 4353 210 4415 let
231 4359 376 4419 tribui
405 4361 615 4433 Scuto,
645 4359 717 4420 in
751 4361 811 4430 3,
849 4358 990 4419 dist.
1021 4359 1126 4432 23,
1168 4365 1390 4439 quoest.
1431 4363 1640 4435 unica,

145 4463 282 4524 quem
317 4452 392 4512 ibi
417 4452 674 4515 Gabriel
721 4452 1022 4527 imitatur,
1064 4459 1286 4530 quaest.
1323 4456 1385 4527 2,
1431 4461 1546 4514 art.
1583 4459 1642 4529 1,

139 4559 286 4620 prope
305 4543 504 4620 finem,
547 4550 616 4608 et
657 4545 920 4606 articulo
957 4546 1232 4607 conclus.
1277 4548 1334 4620 1,
1368 4549 1474 4626 qui
1517 4553 1647 4608 tam

139 4650 372 4710 expresse
417 4657 548 4700 non
611 4639 846 4700 docent
893 4639 1104 4701 omnia
1145 4657 1285 4719 quae
1328 4641 1648 4720 proposita

145 4731 268 4800 sunt,
289 4729 420 4792 licet
463 4732 530 4792 in
567 4732 788 4794 multis
815 4731 1102 4804 faveant3
1140 4732 1356 4794 dicunt
1387 4733 1554 4794 enim
1581 4734 1650 4794 fi-·

142 4817 248 4879 dem
281 4823 532 4886 infusam
573 4825 714 4886 sine
759 4825 992 4906 praevia
1038 4827 1342 4904 acquisita
1383 4825 1650 4889 othneri

137 4929 234 4974 non
275 4934 475 4995 posse3
525 4917 659 4980 imo
704 4916 985 4981 indicant
1033 4918 1226 4981 fidem
1284 4920 1652 4999 acquisitam

137 5023 246 5068 esse
275 5011 586 5087 partialem
635 5029 894 5074 causam
935 5009 1082 5074 fidei
1113 5013 1361 5088 infusae,
1401 5013 1502 5074 vel
1533 5031 1648 5092 po-

133 5099 228 5160 tius
249 5109 436 5164 actum
457 5104 612 5185 fidei
655 5107 976 5185 acquisita}
1009 5113 1070 5168 et
1099 5106 1316 5169 infusae
1345 5125 1475 5168 non
1506 5123 1646 5169 esse

135 5191 429 5267 distinctos,
451 5199 562 5260 sed
595 5216 792 5260 unum
819 5218 900 5261 ex
921 5199 1155 5280 duplici
1180 5200 1399 5262 habitu
1435 5200 1650 5280 acqui-

135 5283 228 5347 sito
249 5296 306 5351 et
342 5290 562 5368 infuso,
595 5292 870 5355 habente
897 5299 1112 5354 tamen
1147 5294 1228 5354 ab
1277 5293 1484 5354 infuso
1513 5311 1650 5354 ma-

131 5377 298 5454 jorem
318 5383 734 5448 intensionem
759 5391 821 5447 et
845 5384 1228 5460 firmitatem,
1255 5386 1426 5467 quod
1449 5393 1536 5448 ita
1561 5386 1652 5447 in-

135 5470 330 5536 tellexit
350 5483 408 5539 et
431 5483 688 5541 secutus
725 5487 820 5542 cst
853 5479 1129 5552 Medina,
1153 5479 1260 5542 lib.
1290 5483 1328 5542 5
1356 5479 1437 5542 de
1459 5481 1650 5542 Recta

138 5561 188 5622 in
209 5565 384 5630 neum
401 5571 549 5647 fide,
577 5591 636 5634 c.
671 5577 766 5648 11,
793 5578 858 5635 et
884 5573 1026 5636 ideo
1064 5574 1238 5636 citari
1269 5575 1458 5637 etiam
1493 5575 1652 5637 solet

3168 424 3279 488 401

1717 547 1832 610 pro
1860 531 1979 592 hac
2008 531 2339 602 sententia,
2371 529 2541 610 quod
2580 529 2739 592 fides
2768 531 2973 594 infusa
3008 531 3285 600 resolve.

1717 629 1820 684 tur
1862 623 1926 685 in
1966 623 2337 704 acquisitam
2374 642 2451 686 ex
2496 630 2672 703 parte
2727 623 2894 687 illius
2941 625 3225 704 principii
3260 643 3275 688 ε

1717 719 1882 781 Deus
1923 719 2175 791 revelat,
2221 735 2327 780 seu
2354 717 2544 791 dicit,·
2576 736 2644 779 re
2682 721 2894 780 tamen
2931 737 3077 780 vera
3110 717 3285 782 illam

1719 828 1844 871 non
1873 813 2071 886 tenet,
2118 815 2188 872 ut
2228 829 2307 872 ex
2332 810 2459 873 fine
2489 811 2707 890 capitis
2746 817 3008 874 constat.
3040 811 3287 875 Tribui·

1715 907 1820 968 tur
1851 906 2040 967 etiam
2068 924 2105 966 a
2126 907 2319 978 Can0,
2347 905 2455 966 lib.
2490 907 2530 966 2
2554 905 2633 967 de
2654 905 2852 979 LociS,
2882 925 3020 984 cap.
3049 908 3110 982 7,
3143 905 3281 986 ipsa

1715 999 1852 1060 haec
1879 999 2189 1060 sententia
2220 996 2534 1071 Durando‚
2560 999 2626 1060 in
2662 1001 2721 1070 3,
2751 998 2891 1061 dist.
2926 1001 3027 1070 24,
3059 1005 3275 1080 quaest.

1719 1099 1776 1163 1,
1808 1109 1986 1153 num.
2023 1093 2083 1164 8,
2116 1091 2264 1172 quia
2293 1091 2440 1154 dicit
2468 1093 2758 1155 ultimum
2784 1093 3181 1173 principium,
3218 1091 3285 1158 in

1717 1179 1900 1264 quod'
1921 1185 2081 1249 fides
2122 1185 2483 1260 resolvitur,
2530 1205 2671 1248 esse
2713 1187 3140 1248 testimonium
3168 1185 3287 1248 Ec·

1715 1279 1947 1354 clesiae,
1975 1279 2147 1357 quod
2178 1279 2369 1340 etiam
2410 1278 2557 1342 dicit
2592 1279 2873 1353 Medina3
2908 1286 3118 1342 tamen
3157 1279 3286 1340 Du-

1714 1373 1952 1435 randus
1994 1391 2121 1434 non
2164 1373 2441 1435 declarat
2489 1391 2615 1452 qua
2662 1373 2787 1436 fide
2830 1372 3122 1436 credatur
3166 1374 3287 1436 hoc

1715 1465 2007 1536 Ecclesia
2048 1466 2509 1539 testimonium;
2543 1466 2715 1529 addit
2752 1485 2939 1540 vero,
2986 1466 3127 1528 dist.
3174 1467 3275 1539 25,

1717 1565 1940 1640 quaest.
1973 1560 2034 1634 3,
2075 1577 2251 1620 num.
2285 1562 2345 1631 4,
2387 1577 2737 1638 assensum,
2786 1561 2893 1640 qui
2927 1560 3160 1640 pendet
3206 1577 3287 1622 ex

1717 1653 2167 1735 approbatione
2218 1653 2535 1727 Ecclesiae,
2587 1672 2727 1717 esse
2774 1655 3171 1734 acquisitum,
3222 1654 3289 1716 in

1719 1767 1844 1830 quo
1875 1747 2044 1808 favet
2067 1747 2213 1809 huic
2244 1749 2591 1810 sententiae.

1800 1843 1859 1904 3.
1903 1842 2123 1922 Hujus
2177 1840 2485 1906 sententia·
2531 1849 2951 1924 argumentum
2992 1837 3298 1922 μήπως(

1718 1968 1799 1983 -
1825 1933 2193 1999 Secundum.
2222 1967 2303 1982 —-
2322 1933 2726 2017 confirmatur
2758 1937 2959 2017 primo
2997 1953 3069 1997 ex
3103 1932 3281 1999 Rom.

1720 2029 2187 2094 lO.—-Secundo
2214 2048 2293 2092 esc
2317 2028 2681 2114 Auyustino.
2700 2063 2781 2078 -—
2798 2027 3142 2108 Principale
3178 2047 3285 2096 au.-

1718 2132 1844 2188 tem
1873 2123 2355 2185 fundamentum
2386 2125 2571 2204 hujus
2604 2125 2929 2186 sententiae
2961 2129 3077 2195 est,
3110 2123 3281 2200 quia,

1717 2218 1797 2280 ad
1822 2217 2206 2280 credendum
2238 2235 2375 2279 esse
2403 2236 2551 2278 vera
2575 2236 2714 2297 quae
2747 2218 3039 2279 dicuntur
3063 2236 3099 2278 a
3126 2217 3282 2288 Dec,

1716 2329 1977 2374 necesse
2040 2315 2135 2372 est
2180 2311 2437 2374 credere
2484 2331 2623 2373 esse
2672 2311 2835 2373 dicta
2884 2329 2919 2370 a
2960 2313 3123 2383 De0;
3174 2309 3289 2372 sed

1717 2406 1888 2486 quod
1915 2407 2039 2466 sint
2066 2404 2258 2479 dicta,
2288 2423 2416 2465 non
2445 2412 2651 2484 potest
2678 2405 2847 2466 credi
2877 2403 3000 2466 fide
3041 2404 3283 2476 infusa3

1720 2517 1871 2575 ergo
1895 2498 2086 2559 dehet
2109 2497 2279 2559 credi
2305 2495 2429 2558 fide
2461 2499 2788 2578 acquisita,
2821 2504 2884 2559 et
2922 2497 3074 2574 illud
3116 2495 3289 2559 suffl-

1720 2595 1820 2655 cit.
1856 2591 2318 2670 Consequentia
2362 2597 2555 2671 patet,
2590 2592 2735 2671 quia
2766 2609 2895 2652 non
2936 2595 3141 2672 potest
3183 2607 3289 2651 co·-

1720 2687 1900 2768 gitari
1933 2686 2093 2746 alius
2123 2683 2349 2745 modus
2384 2685 2775 2765 cognitioni5‚
2809 2703 2950 2746 cum
2982 2684 3133 2744 illud
3158 2700 3289 2745 non

1720 2779 1798 2839 sit
1826 2779 2145 2858 objectum
2194 2778 2515 2840 evidenter
2542 2779 2883 2859 cognitum.
2926 2777 3128 2840 Minor
3179 2795 3288 2840 au-

1717 2876 1846 2932 tem
1876 2871 2198 2951 probatur,
2234 2871 2379 2950 quia
2410 2870 2561 2932 illud
2591 2871 2965 2951 principium
3010 2889 3134 2931 non
3175 2887 3291 2950 po·

1716 2970 1840 3026 test
1867 2963 2157 3040 cognosci
2200 2983 2309 3044 per
2338 2963 2531 3038 aliud,
2562 2970 2634 3026 ut
2662 2963 2785 3026 fide
2836 2963 3041 3026 infusa
3074 2961 3291 3024 creda·

1717 3063 1840 3132 tur,
1886 3058 2041 3119 alias
2081 3057 2527 3136 procederetur
2584 3059 2645 3118 in
2700 3057 3043 3128 infinitum;
3079 3071 3289 3135 neque

1719 3153 1907 3214 etiam
1933 3170 2049 3231 per
2078 3149 2379 3230 seipsum,
2421 3151 2567 3232 quia
2597 3169 2725 3212 non
2769 3157 2865 3212 est
2902 3169 3014 3230 per
3060 3168 3128 3211 se
3179 3166 3291 3210 no·

1716 3250 1853 3306 tum
1883 3262 1962 3306 ex
2004 3244 2308 3316 terminia
2346 3251 2409 3306 et
2444 3250 2689 3307 tantum
2723 3245 2827 3304 illa
2854 3289 2869 3317 ,
2902 3261 3040 3324 quae
3068 3241 3294 3321 hujus·

1717 3338 1886 3400 modi
1946 3355 2063 3398 sun
2082 3343 2130 3409 t,
2163 3343 2428 3416 possunt
2458 3336 2561 3398 illo
2587 3337 2776 3399 modo
2806 3356 2921 3416 per
2953 3355 3019 3398 se
3067 3342 3128 3396 et
3174 3335 3290 3396 im·-

1719 3431 1988 3492 mediate
2032 3431 2344 3508 cognosci,
2387 3431 2729 3510 praesertim
2762 3437 2931 3490 certa
2970 3437 3032 3492 et
3060 3427 3287 3490 infalli-

1718 3525 1828 3586 bili
1863 3524 2242 3604 cognitione.
2271 3524 2559 3586 Secundo
2590 3530 3112 3600 argumentantur
3142 3523 3288 3584 Sco·

1718 3622 1821 3679 tus
1856 3623 1918 3677 et
1955 3615 2205 3678 Gabriel
2250 3617 2397 3696 quia
2442 3617 2601 3678 fides
2657 3616 2863 3677 infusa
2912 3635 3041 3677 non
3088 3619 3295 3696 potest

1723 3711 1889 3772 exire
1921 3711 1986 3771 in
2015 3716 2246 3785 actum,
2274 3712 2393 3772 nisi
2423 3713 2653 3790 praevia
2684 3712 2892 3792 aliqua
2922 3711 3047 3773 fide
3079 3708 3293 3789 acqui-

1723 3804 1870 3878 sita;
1906 3822 2057 3884 ergo
2089 3805 2225 3866 haec
2250 3805 2522 3867 maxime
2544 3805 2897 3866 necessaria
2926 3811 3019 3866 est
3048 3803 3127 3866 de
3157 3804 3292 3883 ipsa

1721 3898 2130 3971 revelatione,
2160 3917 2270 3960 seu
2303 3899 2381 3960 de
2408 3900 2529 3960 hoc
2556 3899 2862 3978 principio
2892 3899 3092 3962 :Deus
3117 3897 3295 3968 dicit,-

1725 4009 1874 4070 ergo
1903 3991 2226 4062 revelati0,
2275 3998 2343 4053 ut
2386 3991 2619 4053 credita
2671 3990 2797 4052 fide
2840 3991 3164 4070 acquisita,
3199 3995 3293 4050 est

1722 4085 1881 4144 ratio
1923 4083 2219 4145 credendi
2268 4090 2495 4146 caetera
2528 4084 2827 4146 revelata.
2875 4083 3147 4145 Primum
3188 4101 3296 4144 an-

1722 4175 2021 4238 tecedens
2058 4177 2379 4256 probatur,
2430 4178 2579 4257 quia
2621 4177 2670 4238 si
2714 4195 2872 4257 puer
2916 4177 3287 4256 baptizatus,

1724 4271 1979 4349 quando
2014 4272 2301 4350 pervenit
2343 4271 2424 4332 ad
2456 4289 2639 4332 usum
2681 4271 2964 4343 rationiS,
2999 4289 3130 4331 nou
3179 4271 3297 4330 ha-

1727 4363 1872 4424 beat
1903 4362 2195 4424 veritates
2246 4363 2394 4425 fidei
2432 4364 2561 4424 -sibi
2610 4365 2960 4444 propositas
3018 4382 3131 4444 per
3182 4363 3295 4424 ali·

1729 4472 1918 4532 quam
1963 4455 2308 4517 humanam
2367 4457 2795 4518 auctoritatem
2831 4503 2846 4528 ‚
2901 4474 3028 4516 non
3072 4453 3301 4534 poterit

1727 4547 1864 4608 illas
1893 4548 2149 4610 credere
2186 4547 2309 4610 fide
2340 4550 2566 4623 infusa,
2598 4549 2842 4610 etiamsi
2867 4549 3096 4609 habeat
3124 4547 3297 4610 habi·

1729 4647 1864 4702 tum
1891 4641 2165 4702 infusum
2194 4641 2371 4716 fidei3
2409 4661 2560 4722 ergo
2592 4643 2640 4703 si
2653 4661 2842 4724 gnum
2876 4647 2969 4704 est
2994 4641 3168 4703 illum
3192 4641 3302 4702 ha-

1729 4734 1927 4798 bitum
1954 4737 2406 4816 praerequirere
2434 4737 2627 4798 fidem
2649 4736 3039 4816 acquisitam,
3062 4742 3130 4797 ut
3159 4753 3303 4816 pos·

1731 4829 1810 4889 sit
1836 4847 2020 4889 suum
2051 4835 2260 4890 actum
2292 4831 2553 4901 elicere;
2588 4830 2889 4909 quoniam
2935 4830 2985 4890 si
3018 4830 3136 4892 hoc
3170 4847 3303 4892 non

1731 4921 2099 5001 postularet,
2143 4931 2357 5002 posset
2400 4924 2608 4984 statim
2656 4942 2840 4984 suum
2870 4931 3081 4984 actum
3122 4940 3303 4984 exer-

1727 5033 1906 5087 cere;
1944 5013 2114 5077 unde
2173 5014 2294 5078 hoc
2355 5014 2729 5079 confirmant
2784 5017 3023 5097 primu,
3074 5035 3151 5080 ex
3196 5015 3303 5078 illo

1674 5168 1691 5182 ,
1728 5108 1901 5170 Pauli
1933 5107 2013 5168 ad
2044 5109 2306 5169 Roman.
2340 5111 2453 5172 10:
2487 5109 2669 5173 Fides
2698 5128 2770 5173 ex
2798 5108 3013 5173 auditu
3028 5136 3053 5182 ,·
3079 5113 3305 5189 putant

1731 5203 1898 5263 enim
1923 5202 2044 5263 boc
2071 5219 2201 5263 non
2232 5219 2369 5263 esse
2395 5202 2630 5264 dictum
2662 5203 2781 5264 nisi
2817 5205 3073 5281 propter
3110 5200 3305 5264 fidem

1731 5294 2137 5373 acquisitam;
2168 5313 2316 5356 nam
2344 5295 2501 5358 fides
2542 5295 2776 5366 infusa,
2827 5294 3138 5372 inquiunt,
3173 5312 3303 5354 non

1735 5395 1827 5449 est
1869 5405 1946 5450 ex
1990 5387 2203 5450 auditu
2248 5389 2729 5469 proedicationiS,
2783 5387 2896 5449 scd
2943 5385 3303 5448 immediate

1734 5479 2085 5543 infunditur
2113 5501 2151 5543 a
2172 5483 2325 5543 Deo.
2372 5483 2448 5544 Et
2482 5479 2910 5554 confirmatur,
2941 5479 3027 5542 ait
3053 5479 3298 5556 Scotus,

1731 5573 1880 5653 quia
1898 5571 2059 5636 fides
2088 5591 2229 5652 quae
2262 5593 2339 5635 ex
2367 5573 2586 5636 auditu
2610 5573 2977 5653 concipitur,
3010 5589 3173 5653 saepe
3202 5577 3301 5635 est
