3900 6217
715 342 888 395 SEGT.
923 341 1004 393 Vl.
1040 342 1122 393 AN
1157 342 1236 393 ΕΤ
1264 342 1469 404 QUALE
1503 344 1599 395 SlT
1633 341 1957 394 PEGCATUM
1994 342 2239 394 ERRARE
2270 344 2449 395 CIRCA
2482 344 2682 407 ALIAS,
2718 344 2851 397 ETC.

199 448 300 519 tio,
343 442 524 503 etiam
557 446 838 520 respectu
880 440 1143 503 aliorum
1173 442 1241 502 in
1278 440 1394 503 hoc
1435 446 1744 521 peccatur,

3266 344 3377 406 491

1827 440 2058 515 biliter,
2084 440 2170 501 ita
2196 447 2286 503 cst
2313 441 2389 502 de
2413 443 2653 503 ratione
2683 461 2965 505 assensus
2990 444 3289 523 haeretici,
3317 454 3391 509 ut

197 543 432 619 propter
469 535 854 611 scandalum,
903 536 1002 595 vel
1049 542 1212 597 certe
1262 534 1452 595 etiam
1497 540 1748 615 propter
1826 533 1906 592 sit
1933 533 2121 594 salsus
2160 534 2683 609 indubitabiliter3
2725 543 2791 597 at
2817 556 2963 600 vero
2998 556 3281 600 assensus
3309 540 3387 601 de

195 633 621 695 detrimentum
681 630 981 710 gignendi
1035 632 1101 692 in
1166 630 1474 692 mentibus
1529 648 1744 691 eorum

195 743 420 787 errores
451 740 690 802 graveS,
711 731 772 786 et
797 725 862 785 in
898 726 1158 786 materia
1183 724 1384 803 gravi,
1415 724 1578 803 quod
1613 723 1742 804 pla·

193 838 264 881 ue
291 836 585 896 magnum
611 822 706 879 est
735 818 997 896 proximi
1029 823 1497 879 nocumentum.
1639 894 1646 901 ·

263 917 326 973 2.
369 911 748 991 Explicatur
769 912 1022 989 probata
1047 912 1323 975 assertio.
1345 942 1426 956 —
1449 908 1607 983 Dixi,
1629 927 1744 990 per

191 1026 244 1070 se
267 1006 569 1085 loq-aenda,
605 1006 754 1083 quia
787 1004 1152 1084 applicanda
1197 1012 1290 1067 est
1327 1006 1431 1067 hic
1463 1005 1744 1067 doctrina

190 1102 322 1161 data
348 1100 424 1160 de
451 1098 770 1161 voluntate
801 1107 862 1161 et
875 1099 1211 1180 pertinacia
1233 1100 1309 1161 ad
1338 1099 1620 1161 haeresim
1649 1116 1743 1159 re-

191 1194 437 1273 quisita3
487 1211 638 1254 nam
666 1193 770 1255 hic
807 1194 995 1255 etiam
1039 1212 1182 1254 cum
1209 1193 1603 1273 proportione
1636 1211 1744 1253 ne·-

190 1288 438 1348 cessaria
475 1292 592 1360 est,
631 1286 778 1365 quia
819 1288 870 1347 si
908 1286 1128 1366 aliquis
1173 1306 1282 1367 per
1321 1287 1742 1366 ignorantiam

189 1380 596 1442 invincibilem
639 1382 760 1441 isto
805 1380 988 1441 modo
1036 1389 1222 1455 erret,
1267 1380 1659 1442 excusabitur
1703 1400 1741 1443 a

188 1480 420 1553 peccato
447 1496 465 1547 ;
525 1479 589 1535 et
640 1473 880 1534 facilius
937 1475 1296 1551 contingere
1349 1480 1547 1553 potest
1603 1475 1740 1536 talis

187 1567 526 1645 ignorantia
566 1568 730 1629 circa
775 1568 1102 1628 materiam
1131 1567 1317 1643 hanc,
1349 1586 1538 1645 quam
1577 1568 1738 1629 circa

189 1660 497 1721 materiam
525 1660 902 1735 hoereticam,
925 1660 1264 1740 praesertim
1293 1661 1358 1721 in
1381 1662 1736 1721 hominihus

187 1753 430 1813 indoctis
458 1773 471 1815 :
507 1772 658 1813 uam
685 1754 790 1833 qui
821 1754 984 1815 docti
1011 1760 1176 1828 sunt,
1205 1759 1495 1815 tenentur
1523 1754 1588 1815 in
1621 1754 1738 1815 hoc

189 1847 416 1923 negotio
458 1848 764 1926 majorem
791 1865 1004 1909 curam
1051 1854 1114 1908 et
1143 1847 1530 1925 diligentiam
1562 1846 1734 1907 adhi-

187 1939 336 2016 bere,
367 1945 427 2000 et
455 1940 600 2001 ideo
641 1941 952 2001 difficilius
995 1940 1471 2003 excusabuntur.
1505 1940 1734 2002 Deinde

189 2034 232 2093 si
273 2051 436 2093 error
477 2032 672 2095 fuerit
699 2032 776 2095 e'x
809 2034 1160 2111 ignorantia
1191 2033 1489 2109 vincibili,
1529 2032 1736 2112 aliqua

189 2127 291 2185 crit
324 2126 523 2203 culpa,
563 2144 690 2187 non
724 2132 934 2188 tamen
964 2126 1228 2205 attinget
1257 2127 1520 2205 gradum
1556 2126 1736 2187 illum

190 2220 282 2298 qui
325 2219 587 2279 sufficiat
633 2219 710 2279 ad
755 2219 1177 2280 damnandum
1225 2220 1544 2282 hominem
1601 2226 1736 2280 tan-

190 2330 352 2391 quam
395 2312 845 2386 temerarium,
907 2312 1004 2373 vel
1053 2312 1287 2391 aliquid
1333 2312 1732 2391 hujusmodi,

191 2406 458 2485 quoniam
488 2405 626 2465 haec
652 2404 996 2465 dominatio
1021 2406 1281 2484 requirit
1309 2405 1566 2466 modum
1595 2424 1733 2485 pec·-

191 2499 346 2559 candi
375 2518 446 2559 ex
468 2498 978 2579 praesumptione,
1010 2517 1118 2559 seu
1143 2517 1218 2559 ex
1243 2505 1408 2559 certa
1447 2500 1730 2574 scientia,

192 2594 318 2671 quia
351 2592 689 2671 opponitur
717 2592 898 2652 modo
926 2592 1214 2671 peccandi
1241 2611 1309 2655 ex
1339 2593 1728 2672 ignorantia3

193 2686 331 2764 quod
362 2704 608 2766 semper
647 2686 1160 2749 considerandum
1191 2691 1282 2747 est
1327 2686 1403 2747 ad
1445 2685 1731 2763 judican-

195 2778 319 2839 dum
341 2780 410 2840 de
429 2778 540 2860 huj
549 2782 795 2841 usmodi
819 2780 1000 2859 culpa
1028 2780 1094 2839 in
1115 2779 1328 2840 ordine
1347 2778 1424 2839 ad
1446 2797 1724 2858 poenam3

197 2877 269 2930 cst
311 2871 494 2950 igitur
539 2873 616 2933 in
665 2874 782 2935 hoc
831 2879 1083 2953 peccato
1131 2872 1472 2933 necessaria
1523 2872 1729 2950 aliqua

203 2965 508 3041 pertinacia,
531 2984 667 3027 non
698 2974 914 3027 contra
943 2966 1390 3040 definitionem,
1418 2964 1517 3026 vel
1546 2966 1722 3027 infal-

193 3056 387 3118 libilem
413 3060 852 3123 auctoritatem
887 3058 1197 3133 Ecclesiae,
1233 3076 1378 3118 nam
1409 3058 1510 3118 hic
1552 3076 1724 3119 error

191 3148 266 3209 illi
308 3170 421 3211 non
474 3154 838 3232 opponitur,
883 3153 988 3213 sed
1030 3152 1128 3214 vel
1181 3158 1395 3213 contra
1440 3153 1726 3213 Doctores

193 3260 396 3320 omneS,
426 3247 524 3307 vel
565 3248 803 3320 Patre5‚
837 3245 932 3307 vel
970 3250 1186 3306 contra
1221 3246 1525 3324 principia
1551 3246 1719 3322 fidei,

192 3336 374 3399 saltem
400 3339 696 3415 mediate,
722 3340 822 3399 vel
845 3346 1105 3413 remote,
1131 3338 1228 3399 vel
1253 3337 1484 3417 aliquid
1511 3338 1726 3417 hujus-

195 3432 332 3491 modi
349 3453 368 3506 3
395 3433 646 3511 quando
687 3434 854 3494 enim
881 3432 1104 3511 aliquis
1139 3432 1336 3493 sciens
1365 3433 1724 3511 propositio-

197 3540 316 3583 nem
341 3542 460 3587 esse
487 3527 597 3587 tali
617 3526 974 3589 auctoritati
989 3526 1386 3599 contrariam,
1403 3544 1468 3587 se
1488 3524 1578 3585 illi
1607 3545 1684 3587 au
1703 3560 1722 3571 -

197 3616 284 3677 det
321 3637 648 3698 opponere,
691 3626 838 3682 tunc
885 3620 1004 3681 hoc
1048 3636 1244 3698 genus
1289 3619 1522 3698 peccati
1561 3637 1726 3681 com-

197 3710 378 3773 mittit.
1337 3746 1342 3751 ·

261 3806 312 3865 3.
357 3805 634 3871 Secunda
665 3806 942 3882 cce-cerm,
982 3807 1409 3871 resolutionem
1433 3807 1724 3889 posterio-

198 3898 273 3959 ris
292 3901 478 3978 partie
508 3900 684 3964 tituli
719 3902 1030 3971 inchoans,
1059 3902 1371 3982 probatur.
1397 3932 1476 3946 —-
1496 3900 1724 3961 Secun-

199 3990 281 4065 do,
305 4000 525 4054 certum
556 3999 652 4055 est
680 4000 995 4073 peccatum
1027 3994 1146 4055 hoc
1175 4012 1302 4053 non
1329 3993 1557 4054 habere
1587 4011 1726 4072 pro-

200 4083 366 4160 priam
399 4086 704 4147 malitiam
741 4087 1013 4163 haeresiS,
1058 4086 1418 4167 simpliciter
1447 4092 1507 4147 et
1545 4086 1725 4147 abso·

200 4176 302 4237 lnte
345 4179 666 4259 loquendo.
718 4184 786 4243 In
835 4182 952 4243 hoc
1003 4182 1192 4242 etiam
1240 4197 1458 4241 omncs
1499 4198 1724 4241 conve-

202 4270 378 4350 niunt3
423 4281 484 4336 et
525 4276 828 4355 probatur
873 4276 1111 4355 prim0‚
1157 4276 1305 4354 quia
1363 4274 1720 4354 propositio,

200 4380 311 4440 quae
353 4374 436 4429 est
479 4370 764 4447 proxima
809 4370 1072 4429 materia
1115 4368 1303 4445 hujus
1346 4367 1562 4446 culpae,
1595 4386 1723 4429 non

200 4462 272 4515 cst
298 4462 614 4539 propositio
653 4462 966 4535 haeretica,
1000 4469 1070 4521 ut
1103 4479 1180 4521 ex
1209 4460 1384 4520 dictis
1412 4462 1476 4519 in
1505 4478 1722 4521 secuu-

199 4548 259 4607 da
281 4552 526 4615 sectione
555 4561 828 4631 constat3
863 4571 1010 4633 ergo
1039 4560 1378 4634 peceatum,
1411 4553 1576 4632 quod
1604 4554 1720 4613 cir-

201 4660 254 4701 ca
291 4644 446 4705 illam
493 4648 926 4722 committitur,
971 4666 1094 4707 non
1145 4652 1340 4725 potest
1392 4664 1520 4706 esse
1575 4665 1722 4707 vera

201 4732 430 4800 haeresis.
459 4740 762 4816 Secundo,
795 4742 943 4821 quia
969 4740 1090 4800 tale
1119 4745 1436 4819 peecatum
1465 4757 1589 4800 non
1619 4758 1721 4800 ex-

203 4827 363 4891 cludit
393 4832 606 4911 fidem3
651 4852 800 4913 ergo
855 4852 980 4893 non
1033 4832 1353 4894 constituit
1401 4832 1719 4893 hominem

202 4920 496 5002 infidelem,
526 4946 598 4987 ac
629 4927 888 5008 proinde
913 4946 1114 5006 neque
1143 4926 1534 4986 haereticum.
1567 4918 1722 4987 Coh-

205 5021 478 5095 sequentia
505 5021 670 5082 clara
696 5028 808 5095 est,
858 5027 920 5081 et
947 5021 1314 5081 antecedens
1349 5026 1542 5099 patet,
1576 5020 1722 5098 quia

205 5114 424 5172 materia
461 5113 643 5193 hujus
668 5115 902 5195 peceati
939 5131 1066 5174 non
1111 5120 1202 5174 est
1226 5112 1562 5193 propositio
1595 5112 1718 5172 im-

205 5202 432 5265 mediate
469 5226 506 5267 a
539 5208 662 5269 Deo
705 5207 1004 5282 revelata3
1050 5224 1199 5285 ergo
1239 5205 1568 5285 judicium,
1615 5224 1722 5266 seu

207 5310 446 5358 assensus
473 5298 654 5377 illius,
677 5320 786 5380 per
811 5318 878 5361 se
905 5317 1030 5361 non
1051 5300 1386 5379 opponitur
1408 5297 1723 5359 infallibili

209 5388 419 5451 veritati
457 5394 562 5454 Dei
597 5394 944 5456 revelantis.
988 5394 1217 5467 Terti0,
1257 5392 1406 5473 quia
1447 5391 1606 5453 sicut
1646 5391 1725 5453 de

211 5481 411 5545 ratione
449 5503 726 5547 assensus
762 5486 906 5549 fidei
935 5492 1050 5567 est,
1081 5498 1152 5551 ut
1181 5485 1263 5549 sit
1291 5502 1472 5553 verus
1497 5484 1726 5553 infalli-

1826 645 1948 705 quo
1977 628 2243 705 agimuS,
2271 628 2655 708 frequentius
2676 631 3005 711 loquendo,
3032 649 3159 693 non
3190 641 3280 695 est
3299 635 3387 694 ita

1821 719 2036 785 falsus.
2064 722 2211 799 quia
2242 721 2513 783 dubitari
2542 731 2741 802 potest
2769 725 2845 787 de
2878 727 3135 787 veritate
3163 746 3379 806 propo·

1823 812 2065 874 sitionis
2092 816 2419 876 contrariae
2448 817 2513 876 in
2544 835 2613 877 re
2640 818 2808 897 ipsa3
2841 838 2984 879 nam
3026 819 3188 879 sicut
3226 820 3387 881 dixit

1822 906 2179 969 Aristoteles
2208 928 2223 967 ε
2258 911 2577 973 Interdum
2613 912 2775 990 falsa
2815 917 2963 974 sunt
2981 910 3383 993 probabiliora

1821 1000 2007 1075 veris,
2039 1009 2101 1063 et
2127 1003 2215 1064 ita
2254 1020 2395 1065 cum
2424 1005 2559 1066 haec
2589 1007 2847 1068 materia
2888 1025 3014 1067 non
3060 1008 3140 1069 sit
3180 1027 3217 1070 a
3260 1008 3383 1069 Deo
3430 1075 3451 1090 ο

1821 1095 2119 1172 revelata,
2142 1097 2241 1159 vel
2270 1116 2396 1158 non
2426 1104 2495 1159 ut
2541 1099 2679 1160 talis
2724 1105 3125 1179 proponatur,
3169 1101 3381 1163 tormi-

1821 1188 1955 1251 dari
1982 1197 2179 1269 potest
2200 1188 2559 1272 ne‘aliquid,
2585 1194 2747 1272 quod
2775 1193 2994 1271 majori
3018 1195 3383 1255 auctoritate

1821 1283 2064 1360 nititur,
2081 1284 2337 1346 fortasse
2356 1285 2423 1346 in
2445 1305 2511 1346 re
2528 1286 2753 1347 falsum
2774 1288 2874 1347 sit.
2902 1288 3173 1366 Denique
3192 1290 3381 1349 etiam

1821 1376 1888 1437 in
1923 1377 2055 1439 foro
2085 1378 2393 1454 Ecclesiae‚
2424 1379 2534 1459 qui
2576 1381 2737 1441 circa
2776 1381 3133 1460 hujusmodi
3183 1387 3381 1443 mate·-

1819 1469 1979 1531 riam
2014 1478 2245 1549 errant,
2280 1490 2408 1533 non
2454 1473 2799 1553 puniuntur
2839 1481 2909 1534 ut
2947 1473 3253 1553 haerctici3
3286 1494 3382 1537 er·-

1817 1581 1921 1643 go,
1952 1571 2071 1627 etc.

1897 1660 1958 1719 4.
2002 1660 2455 1740 propositiones
2494 1662 2654 1724 alias
2685 1662 3053 1725 damnabiles
3081 1664 3166 1725 ad
3200 1664 3389 1726 Izoere-

1817 1752 1932 1813 sim
1961 1754 2168 1816 reduci
2198 1754 2441 1833 quidam
2470 1756 2665 1819 aiunt.
2693 1787 2774 1801 —
2800 1756 3131 1835 Rejiciwr.
3162 1788 3245 1803 ·-
3268 1755 3379 1818 Su-

1817 1850 2017 1924 perest
2046 1846 2480 1925 explicandum
2514 1850 2581 1909 in
2612 1867 2737 1928 qua
2762 1849 2963 1929 specie
2993 1851 3223 1928 peccati
3248 1848 3381 1910 haec

1820 1938 2003 2018 culpa
2046 1940 2489 2003 constituatur:
2520 1942 2895 2022 respondent
2937 1942 3131 2021 aliqui
3168 1943 3380 2003 reduci

1817 2030 1894 2091 ad
1929 2038 2249 2110 peccatum
2280 2032 2527 2095 haeresis
2558 2041 2853 2115 tanquam
2882 2034 3115 2114 aliquid
3152 2035 3379 2113 imper-

1817 2122 2071 2199 fectum,
2120 2142 2231 2185 seu
2276 2126 2633 2189 inchoatum
2684 2130 2750 2188 in
2794 2127 2903 2189 illa
2948 2127 3170 2205 specie,
3214 2127 3379 2207 quod

1816 2223 2017 2296 potest
2049 2236 2085 2278 a
2119 2218 2297 2297 signo
2338 2220 2605 2289 suaderi,
2637 2222 2783 2301 quia
2810 2226 3128 2301 peccatum
3154 2220 3272 2281 hoc
3308 2221 3377 2280 in

1815 2308 1948 2370 foro
1990 2310 2267 2373 Ecclesiae
2312 2312 2388 2372 ad
2436 2312 2605 2375 idem
2646 2313 2919 2374 tribunal
2968 2319 3030 2375 et
3069 2313 3375 2392 judicium

1813 2404 2103 2481 pertinet,
2124 2404 2201 2464 ad
2222 2406 2387 2484 quod
2410 2414 2641 2486 spectat
2656 2406 2931 2469 hoeresis.
2958 2408 3375 2469 Nihilominus

1813 2494 1931 2555 hoc
1976 2515 2173 2575 neque
2222 2498 2287 2559 in
2334 2501 2541 2577 rigore
2590 2519 2801 2563 verum
2853 2502 3122 2577 videtur,
3171 2519 3375 2580 neque

1813 2589 2131 2651 satisfacit.
2164 2592 2441 2653 Primum
2484 2600 2676 2673 patet,
2708 2595 2857 2674 quia
2896 2601 3266 2673 argumenta
3306 2595 3375 2654 in

1813 2683 2113 2761 superiori
2160 2686 2494 2747 assertione
2544 2687 2709 2748 facta
2759 2687 3023 2767 probant
3070 2688 3371 2749 malitiam

1809 2776 1995 2855 hujus
2038 2778 2292 2856 peccati,
2340 2797 2455 2839 nec
2504 2781 2771 2860 perfecte
2791 2826 2812 2857 ,
2856 2799 2971 2842 nec
3014 2782 3375 2861 imperfecte

1808 2885 1983 2948 posse
2012 2870 2288 2931 haeresim
2310 2876 2542 2948 vocari,
2564 2892 2706 2935 cum
2728 2875 2925 2935 necin
2954 2874 3211 2935 materia
3239 2874 3373 2952 ejus

1805 2968 2109 3038 versetur,
2151 2982 2351 3043 neque
2401 2968 2589 3027 etiam
2642 2966 2887 3028 formali
2944 2968 3177 3027 motivo
3226 2966 3373 3028 fidei

1804 3062 2175 3135 opponatur,
2206 3058 2304 3120 vel
2332 3061 2655 3140 complete,
2699 3060 2793 3121 vel
2835 3061 3229 3141 incomplete.
3264 3062 3371 3123 Se-

1803 3149 2077 3210 cundum
2106 3157 2299 3230 patet,
2336 3153 2483 3231 quia
2529 3154 2633 3215 ille
2662 3160 2753 3216 est
2790 3154 3041 3234 quidam
3080 3159 3251 3215 actus
3278 3156 3371 3215 di-

1803 3248 1966 3302 recte
2010 3242 2415 3321 voluntariuS,
2461 3248 2569 3325 qui
2610 3247 2797 3308 habet
2838 3248 3155 3327 proprium
3202 3247 3370 3327 obje-

1806 3339 1999 3410 ctum,
2022 3340 2085 3395 et
2124 3336 2361 3397 debitas
2404 3340 2894 3400 circumstantias
2926 3340 3188 3419 requirit
3200 3363 3217 3415 3
3260 3358 3373 3401 cur

1806 3444 1955 3505 ergo
1983 3446 2107 3488 non
2143 3428 2395 3489 habebit
2434 3431 2667 3493 directe
2710 3443 2771 3493 et
2812 3452 2923 3511 per
2960 3450 3025 3494 se
3052 3434 3369 3512 propriam

1805 3521 2069 3599 speciem
2116 3522 2435 3597 moralem,
2466 3524 2531 3585 iu
2575 3543 2697 3605 qua
2737 3526 2967 3587 directe
3014 3526 3365 3601 collocetur,

1805 3614 1938 3676 sine
1966 3616 2323 3678 reductione
2347 3617 2424 3678 ad
2453 3617 2639 3680 aliam
2668 3620 2976 3699 speciem?
3000 3620 3075 3680 Et
3100 3609 3369 3680 declara·
3406 3662 3409 3669 -

1805 3713 1908 3767 tur
1939 3725 1978 3768 a
2020 3710 2351 3783 contrario,
2394 3727 2541 3771 nam
2575 3712 2813 3773 malitia
2841 3720 2930 3773 est
2959 3713 3223 3792 privatio
3262 3711 3373 3771 bo-

1805 3800 2019 3862 nitatis
2046 3800 2269 3862 debitae
2301 3802 2501 3863 inesse
2519 3824 2538 3879 3
2582 3803 2689 3865 sed
2733 3805 2901 3865 actui
2932 3806 3267 3881 contrario,
3310 3810 3375 3865 et

1804 3892 2100 3971 prudenti
2130 3894 2291 3954 circa
2337 3895 2525 3957 talem
2556 3896 2905 3973 materiam,
2940 3916 3069 3959 non
3114 3896 3377 3959 debetur

1805 3986 2092 4047 honestas
2118 3986 2286 4062 fidei,
2320 3988 2425 4050 sed
2453 3989 2596 4065 alia,
2628 4009 2765 4070 quas
2792 3991 3061 4051 sumitur
3092 4010 3201 4070 per
3227 4008 3374 4051 con-

1805 4079 2242 4141 formationem
2287 4082 2365 4142 ad
2406 4084 2734 4160 rationem,
2777 4084 2958 4161 juxta
2994 4084 3373 4161 exigentiam

1804 4174 1945 4235 talis
1978 4176 2273 4254 materiae..
2317 4194 2455 4255 quae
2490 4195 2603 4238 nec
2642 4178 2894 4252 directe,
2937 4196 3051 4239 nec
3074 4178 3375 4238 indirecte

1806 4274 1896 4329 est
1924 4267 2076 4329 fides
2093 4284 2112 4345 ;
2144 4286 2293 4346 ergo
2344 4272 2649 4332 contraria
2680 4270 2921 4332 malitia
2955 4271 3142 4332 habet
3183 4270 3373 4331 etiam

1802 4362 2118 4441 propriam
2156 4363 2425 4441 speciem
2468 4363 2547 4425 ab
2592 4363 2815 4425 haeresi
2862 4366 3121 4425 omnino
3160 4364 3374 4424 distin·

1803 4460 1988 4515 ctam.

1882 4548 1940 4607 5.
1992 4546 2201 4611 Tertia
2233 4548 2489 4611 assertio
2516 4548 2836 4629 bipartita.
2862 4582 2946 4595 —
2969 4549 3197 4613 Prima
3216 4566 3373 4631 pare

1793 4640 2091 4717 probatur
2116 4642 2496 4704 auctoritate.
2510 4674 2591 4688 —
2616 4643 2781 4705 Item
2802 4644 3059 4707 ratione.
3073 4675 3155 4688 —
3174 4644 3372 4707 Loeue

1803 4735 1987 4797 datur
2031 4735 2340 4796 sententioe
2382 4752 2549 4796 num.
2582 4738 2945 4817 praecedenti
2986 4738 3247 4818 rejeetoe.
3290 4770 3375 4785 —

1808 4827 2144 4888 Dicendum
2177 4846 2325 4908 ergo
2356 4830 2559 4905 terti0,
2589 4832 2657 4890 in
2683 4831 3041 4910 hujusmodi
3078 4839 3219 4893 actu
3248 4832 3373 4894 dis-

1804 4920 2213 4999 tinguendam
2242 4939 2371 4983 esse
2401 4922 2708 4984 malitiam
2745 4926 2919 5002 quasi
2946 4926 3369 5001 intrinsecam,

1805 5033 1994 5094 quam
2024 5034 2101 5076 ex
2129 5015 2191 5076 vi
2231 5016 2455 5095 objecti
2486 5016 2695 5092 habet,
2736 5018 2815 5079 ab
2843 5020 3207 5081 accidentali
3238 5038 3369 5081 ma·-

1803 5109 1960 5182 litia,
1984 5126 2121 5187 quse
2144 5127 2223 5169 ex
2240 5110 2722 5171 circumwantiis
2744 5112 2895 5172 oriri
2917 5117 3137 5191 potest.
3164 5114 3371 5175 Prima

1803 5206 1894 5261 est
1917 5220 2055 5280 quae
2097 5202 2421 5263 constituit
2444 5220 2554 5282 per
2581 5220 2644 5263 se
2672 5204 2791 5265 hoc
2816 5210 3135 5284 peccatum
3164 5206 3231 5265 in
3258 5225 3371 5268 sua

1804 5295 2031 5375 specie,
2060 5300 2123 5355 et
2162 5295 2247 5356 sie
2284 5296 2421 5356 dico
2456 5296 2763 5375 pertinere
2790 5296 2907 5357 hoc
2940 5304 3259 5377 peccatum
3290 5300 3369 5360 ad

1803 5390 2029 5449 vitium
2074 5389 2446 5451 curiositatis
2478 5391 2547 5451 in
2593 5392 2854 5452 materia
2888 5393 3365 5470 supernaturali,

1804 5482 2158 5572 oppositum
2189 5483 2409 5555 virtuti
2448 5484 2871 5569 studiositatis,
2904 5502 3041 5575 quae
3067 5484 3147 5557 ad
3176 5487 3369 5555 virtu.
