3900 6217
537 396 616 458 58

1015 402 1254 458 mspu'r.
1289 402 1374 455 m.
1409 402 1492 456 m:
1523 400 1790 456 omnmo
1821 400 2093 454 Bonnam
2124 402 2305 465 nunt,
2344 405 2423 457 ET
2454 402 2751 467 QUOssODO
2780 404 2865 457 At)
2897 404 3099 467 laun.
3128 400 3265 463 mc.

536 512 822 590 compta
853 512 944 571 ost
965 507 1196 573 veritas
1221 550 1237 579 ‚
1275 503 1372 565 vel
1415 520 1551 585 qua·
1597 502 1912 567 deserendo
1947 501 2108 567 uri-
2184 502 2231 563 1.
2264 502 2293 565 l
2344 503 2789 578 Quaestionum,
2840 509 3057 582 quaest.
3088 506 3187 567 29.
3224 506 3587 569 Declaratur
3638 527 3753 571 au-

536 604 720 664 tatem
755 607 1040 685 corrupta
1065 605 1154 663 est
1179 624 1203 671 ,·
1250 598 1310 661 si
1342 600 1544 659 autem
1591 596 1758 659 Dm
1787 596 1975 658 talem
2002 596 2107 658 ha·
2184 600 2313 656 tem
2373 596 2667 669 breviter,
2721 597 3137 675 supponendo
3186 599 3553 679 principium
3604 620 3755 663 con-

535 694 694 757 bmt
729 695 1118 767 voluntatem,
1165 708 1283 753 non
1317 694 1472 753 estet
1524 690 1689 751 Deae
1709 714 1738 762 ;
1779 688 1869 749 sic
1911 687 2103 748 etiam

532 784 686 849 dixit
715 786 1038 868 Origenes,
1069 786 1113 847 l.
1143 788 1185 849 5
1211 789 1428 845 contra
1447 782 1720 849 Celsum.
1751 782 2100 860 aliquantu·

530 878 664 941 lum
708 898 745 941 a
789 879 1134 960 principio:
1171 879 1334 940 Dum
1375 876 1582 939 omnia
1613 874 1939 955 possibilia
1974 875 2099 937 Boo

531 990 658 1036 esec
695 973 969 1048 dicimus,
1015 972 1240 1037 scimus
1285 972 1440 1033 hano
1473 984 1670 1032 vocem
1713 966 1947 1039 omnia,
2000 968 2100 1028 in-

529 1067 912 1150 telligendam
937 1084 1062 1132 osse
1079 1082 1200 1129 non
1227 1064 1296 1129 do
1319 1078 1440 1127 non
1465 1060 1880 1132 existentibus,
1897 1078 2005 1125 neo
2030 1060 2100 1125 do

529 1160 766 1223 racione
799 1159 1140 1225 carentibus
1159 1184 1186 1232 ,·
1221 1160 1495 1233 fatemur
1533 1154 1720 1219 cuam
1745 1156 1941 1217 Dm
1976 1170 2099 1217 m

523 1268 700 1334 poseo
747 1254 957 1336 turpia
981 1299 996 1327 ‚
1038 1249 1310 1333 alioquin
1348 1248 1516 1313 Dm
1547 1252 1751 1331 ponet
1803 1264 1924 1311 non
1968 1264 2099 1310 cuo

527 1346 727 1419 Dein,-
771 1352 836 1407 et
863 1347 1024 1407 infra
1053 1345 1220 1419 dicit,
1254 1344 1450 1406 mum
1476 1341 1635 1405 nihil
1657 1356 1836 1423 poseo
1852 1342 2013 1423 quod
2034 1358 2099 1403 u

525 1456 647 1500 non
683 1440 901 1516 deceat,
935 1440 1082 1522 quia
1107 1439 1214 1501 7000
1237 1436 1454 1500 Deitas
1479 1436 1629 1517 ipsa
1653 1452 1776 1497 non
1797 1431 2093 1498 admittit.

528 1532 824 1594 Similiter
843 1534 1344 1613 chrysostomus,
1376 1528 1594 1589 homil.
1623 1532 1652 1590 1
1687 1527 1754 1588 in
1781 1528 2093 1609 symbol„

527 1626 674 1690 dicit
701 1629 912 1709 aliqua
939 1625 1146 1691 Deum
1183 1641 1309 1687 non
1343 1641 1553 1706 posse,
1587 1624 1736 1685 licet
1781 1624 1860 1685 sit
1889 1623 2094 1684 omni·-

526 1726 750 1803 potens
779 1768 794 1795 ‚
841 1722 1006 1784 inter
1035 1736 1180 1803 quae
1227 1719 1408 1799 ponit
1443 1717 1576 1779 falli
1625 1723 1688 1779 et
1725 1711 1969 1792 fallere,
2014 1734 2091 1778 ac

525 1815 795 1878 mentiri.
838 1815 1012 1878 Idem
1067 1814 1293 1893 repetit
1339 1810 1380 1873 l.
1419 1815 1446 1873 l
1509 1810 1590 1873 de
1648 1808 1922 1881 Provid„
1949 1814 2092 1888 post

525 1908 824 1981 medium,
861 1912 923 1970 et
961 1906 1249 1989 cyrillus,
1279 1904 1324 1965 1.
1352 1907 1392 1967 Ξ
1421 1905 1486 1965 in
1523 1904 1780 1976 Joann„
1811 1920 1948 1982 cap.
1982 1902 2085 1973 69,

523 2000 672 2063 dicit
713 2020 842 2063 non
869 2015 1056 2082 posse
1094 1998 1344 2061 mentiri
1365 1998 1640 2059 divinam
1679 2002 1990 2070 naturam,
2026 2000 2091 2057 et

523 2096 607 2155 ita
635 2096 888 2175 exponit
911 2094 1102 2157 verba
1130 2092 1358 2156 Joann.
1393 2092 1454 2165 3,
1483 2105 1674 2170 supra
1703 2088 1925 2151 citata:
1966 2086 2091 2163 Qvi

523 2190 746 2270 accipit
764 2190 896 2270 ejus
911 2186 1341 2260 tesmonium,
1358 2184 1730 2267 aiffa-tricante
1754 2184 1900 2265 quia
1923 2184 2089 2245 Dm

520 2298 708 2345 verax
747 2288 880 2353 ast,-
913 2282 1062 2361 quia
1093 2280 1200 2358 qui
1231 2278 1453 2353 credit,
1485 2278 1818 2360 siqnificat,
1861 2276 2084 2355 inquit,

521 2389 642 2437 non
671 2390 848 2458 posse
871 2372 1120 2440 mentiri
1151 2375 1422 2437 divinam
1445 2376 1738 2437 naturam
1761 2400 1788 2445 ,·
1827 2375 1892 2432 et
1917 2369 2089 2432 Basi-

520 2468 664 2541 lius,
701 2486 892 2531 serm.
923 2467 1002 2529 de
1025 2466 1308 2530 Abdicat.
1341 2482 1555 2528 rerum
1581 2483 1596 2526 t
1624 2466 1780 2528 Hoec
1813 2463 2087 2543 (inquit)

519 2563 698 2626 verba
740 2562 858 2625 Dei
883 2566 1052 2638 eunt,
1079 2566 1140 2625 et
1165 2560 1292 2624 ideo
1315 2561 1482 2637 falsa
1502 2575 1627 2624 eece
1657 2573 1778 2619 aon
1802 2562 2081 2640 possunt.

521 2656 832 2717 Praeterea
879 2654 1211 2728 Eusebius,
1254 2652 1297 2716 l.
1331 2656 1408 2716 ⁴3
1449 2653 1530 2715 de
1571 2652 1846 2731 Proepar.
1882 2651 2089 2711 Evan-

520 2748 674 2828 gel.,
709 2766 847 2829 cap.
870 2750 930 2823 3,
962 2764 1143 2827 aeque
1169 2750 1350 2827 putat
1373 2762 1732 2827 repugnare
1755 2744 1886 2805 Deo
1913 2758 2089 2803 men-

519 2841 770 2903 dacium
804 2858 876 2902 ac
904 2842 1338 2903 mutationem.
1369 2840 1652 2918 Denique
1673 2834 2081 2916 Augustinus,

518 2936 598 2997 22
631 2934 712 2996 de
777 2935 979 3007 civit„
1009 2950 1065 2996 c.
1097 2936 1176 2996 25
1205 2952 1220 2994 ε
1265 2930 1348 2997 Si
1372 2933 1584 2995 volunt
1613 2930 1782 3009 (ait)
1814 2928 2085 2991 inveniro

515 3029 676 3108 quod
697 3025 1083 3105 Omnipotens
1109 3043 1230 3089 non
1251 3030 1471 3109 potest,
1505 3044 1609 3106 eqo
1641 3024 1880 3086 dicam:
1907 3021 2085 3083 Mm-

519 3120 631 3182 tiri
655 3138 776 3184 non
811 3126 1052 3203 potem
1082 3126 1144 3181 et
1179 3120 1286 3179 lib.
1322 3118 1402 3179 de
1441 3116 1742 3198 symbolo
1781 3114 1864 3175 ad
1907 3114 2081 3175 Cate-

517 3215 754 3289 chum.,
783 3232 838 3275 c.
873 3218 941 3275 1:
983 3212 1064 3277 Si
1088 3214 1344 3276 mentiri
1363 3216 1588 3295 posset,
1621 3226 1742 3272 m
1769 3212 1926 3272 osset
1957 3225 2083 3269 om·

513 3309 832 3387 m’potem;
872 3311 936 3367 et
974 3307 1054 3367 15
1121 3305 1200 3366 de
1245 3306 1442 3378 Trin.‚
1487 3320 1624 3384 cap.
1669 3305 1790 3365 152
1843 3303 2081 3385 Μαρια

517 3400 806 3479 (inquit)
840 3400 1020 3461 illm
1073 3399 1236 3462 vorbi
1270 3398 1548 3482 potentia
1597 3403 1690 3461 eat
1736 3414 1856 3459 non
1906 3412 2079 3475 poree

513 3494 764 3557 mentio-i
790 3518 818 3566 ,·
867 3498 930 3555 ct
967 3492 1134 3555 dicto
1173 3492 1216 3552 l.
1245 3492 1326 3554 83
1356 3488 1804 3565 Quaestionum,
1851 3492 2071 3568 quaest.

513 3586 620 3657 53,
655 3584 806 3647 dicit
857 3600 996 3647 esse
1039 3585 1296 3664 impium
1337 3589 1404 3646 et
1451 3582 1782 3654 nefarium,
1813 3582 2075 3643 credere

510 3678 714 3740 Deum
743 3692 930 3759 posse
959 3693 1098 3739 esse
1127 3677 1548 3757 deceptorem.
1569 3676 1715 3754 Legi
1746 3676 1935 3737 etiam
1962 3692 2076 3754 po·-

509 3778 632 3835 test
660 3772 990 3845 Ber-nard„
1012 3788 1304 3833 sermone
1333 3772 1518 3833 tertio
1547 3770 1627 3833 de
1647 3772 1834 3832 Coena
1863 3770 2077 3831 Domi-—

507 3867 602 3940 ni,
637 3872 698 3928 et
729 3881 1019 3927 sermone
1065 3865 1146 3927 de
1175 3864 1477 3927 Omnibus
1515 3864 1781 3926 Sanctis.
1813 3862 1904 3923 Ex
1935 3863 2077 3941 qui-

509 3960 628 4022 bus
675 3960 968 4023 omnibus
1011 3960 1162 4022 satis
1189 3960 1391 4037 liquet
1417 3958 1532 4019 hos
1562 3958 1774 4019 Patres
1797 3958 1967 4037 loqui
1992 3958 2071 4019 de

507 4054 787 4133 potentia
833 4054 1166 4130 absoluta3
1198 4052 1475 4114 inferunt
1515 4052 1680 4113 enim
1725 4050 2075 4112 contradic-

507 4144 745 4209 tionem
791 4151 854 4207 et
903 4145 1385 4227 repugnantiam
1431 4144 1514 4207 ad
1567 4143 1841 4205 divinam
1889 4150 2074 4205 natu-

505 4255 672 4301 ram.

587 4333 654 4394 8.
702 4333 1020 4397 Probatur
1063 4332 1242 4397 tertio
1280 4332 1538 4397 ratione.
1573 4364 1656 4380 -
1683 4332 2071 4396 Mendaoiemo

507 4426 834 4490 intrimeee
869 4428 1100 4491 mazam
1137 4426 1497 4492 manditur.
1517 4424 1742 4490 -Neo
1760 4431 1963 4509 potest
1996 4442 2071 4489 σω

505 4520 649 4583 bono
675 4519 798 4594 fine
822 4520 1150 4585 metari.
1181 4552 1264 4567 —
1287 4520 1496 4581 Tertio
1539 4525 1942 4599 argumentor
1975 4534 2071 4579 ra-

505 4612 714 4684 tione3
763 4612 967 4691 prima
1011 4616 1074 4673 et
1115 4612 1387 4673 maxime
1415 4630 1452 4672 a
1491 4612 1683 4692 priori
1731 4617 1869 4686 est,
1919 4612 2067 4689 quia

503 4704 906 4765 mendacium
945 4712 1041 4766 est
1065 4705 1402 4766 intrinsece
1433 4705 1690 4777 malum,
1722 4702 1891 4784 quod
1927 4722 2067 4765 csse

503 4796 583 4859 de
611 4798 737 4859 tide
767 4797 952 4859 sentit
994 4798 1397 4878 Augustinus,
1427 4799 1646 4859 haeres.
1682 4798 1778 4871 70,
1815 4802 1877 4859 et
1906 4798 1971 4857 in
2000 4798 2061 4857 li-

504 4889 619 4951 bro
664 4890 744 4952 de
797 4890 1110 4963 Mendnc„
1157 4895 1219 4952 et
1263 4898 1480 4952 contra
1517 4887 1912 4953 Mendacium
1939 4934 1956 4964 ,
2006 4896 2069 4951 et

503 4983 670 5044 sumi
715 4988 922 5063 potest
969 5000 1046 5045 ex
1095 4999 1234 5064 cap.
1275 4984 1480 5067 Sapen·
1521 5002 1586 5047 eo
1611 5030 1627 5057 ,
1681 4984 1762 5045 de
1819 4983 2059 5057 Usuris,

501 5083 812 5158 quatenus
833 5077 918 5139 ibi
945 5077 1190 5150 dicitur,
1221 5078 1569 5141 secundnm
1596 5078 1872 5140 divinam
1901 5076 2069 5141 Scn'-

499 5176 772 5252 pini-am,
805 5185 932 5231 non
979 5180 1120 5233 esse
1145 5172 1384 5233 licitum
1419 5172 1669 5235 mentiri
1701 5172 1888 5234 etiam
1923 5188 2065 5251 pro·

497 5268 639 5343 pter
675 5262 976 5324 tuendam
1020 5264 1235 5338 vitam,
1269 5270 1332 5327 et
1369 5265 1516 5345 quia
1547 5266 1668 5327 hoc
1695 5282 1810 5345 per
1837 5282 1904 5326 se
1931 5282 2059 5325 non

499 5362 596 5417 est
637 5356 826 5435 hujus
875 5355 1020 5431 loci,
1051 5356 1194 5419 ideo
1225 5358 1293 5419 in
1333 5376 1410 5420 eo
1449 5376 1578 5420 non
1627 5358 2057 5419 immoramur.

501 5448 651 5511 Late
666 5448 731 5510 id
761 5448 1134 5512 confirmant
1151 5452 1388 5525 Castro,
1429 5452 1603 5514 verb.
1626 5450 2017 5525 ,Mendacium
2036 5476 2061 5523 ,-

499 5545 564 5603 et
617 5542 810 5618 Cano,
843 5542 956 5604 1..2
983 5541 1062 5605 de
1093 5543 1291 5619 LociS,
1330 5562 1469 5627 cap.
1501 5546 1542 5607 2
1573 5532 1692 5641 ςῇὲῐ
1720 5543 2009 5609 corduba
2042 5588 2059 5617 ,

2183 690 2449 751 trarium
2498 688 2915 751 fundamento
2966 691 3295 753 contrarie.
3366 694 3695 757 sententiae
3732 740 3749 767 ,

2142 768 2156 781 ⁰
2180 783 2331 862 quia
2388 781 2683 863 quaedam
2736 787 2883 844 sunt
2939 783 3275 847 intrinsece
3330 786 3497 847 mala
3530 833 3546 860 ,
3600 804 3749 867 quae.

2178 876 2593 956 prohibentur
2632 879 2779 957 quia
2809 876 3001 951 mala,
3055 883 3119 938 et
3144 896 3274 939 non
3326 898 3361 940 e
3414 898 3747 955 converso,

2178 969 2335 1031 utin
2366 971 2629 1033 materia
2656 971 2735 1032 de
2768 972 3041 1033 Peccatis
3069 977 3133 1032 et
3159 971 3239 1033 de
3270 972 3537 1053 Legibus
3562 975 3750 1037 divus

2176 1062 2451 1123 Thomas
2479 1069 2543 1125 et
2568 1082 2795 1126 omnes
2822 1064 3140 1143 graviores
3166 1065 3465 1129 Doctores
3486 1067 3743 1141 docent,

2179 1160 2243 1215 et
2266 1156 2427 1216 ratio
2460 1162 2577 1231 est,
2610 1157 2759 1237 quia
2787 1158 2947 1219 sicut
2970 1157 3039 1219 in
3065 1158 3203 1219 aliis
3231 1158 3423 1220 rebus
3446 1162 3746 1239 quaedam

2178 1254 2326 1309 sunt
2347 1250 2661 1313 contraria
2686 1256 2931 1312 naturae
2960 1252 3453 1333 uniuscujusque
3480 1254 3591 1330 rei,
3624 1272 3743 1316 aen

2178 1339 2263 1401 illi
2294 1340 2851 1417 disconvenientia,
2898 1360 3041 1424 quae
3092 1362 3168 1407 eo
3207 1345 3345 1424 ipso
3380 1346 3547 1409 mala
3592 1352 3749 1409 aunt

2179 1434 2289 1495 tali
2332 1436 2454 1509 rei,
2498 1436 2587 1497 ita
2614 1437 2803 1498 etiam
2834 1443 3077 1499 natm-ze
3108 1439 3397 1501 rationali
3446 1440 3747 1519 quaedam

2176 1534 2323 1589 sunt
2348 1546 2465 1609 per
2488 1546 2557 1591 se
2586 1537 2651 1591 et
2678 1540 2759 1591 ex
2800 1529 3141 1593 intrinseca
3178 1532 3425 1594 ratione
3472 1533 3559 1595 illi
3584 1552 3747 1595 con-

2172 1620 2363 1683 traria
2404 1628 2469 1683 et
2528 1622 3086 1699 disconvenientia,
3138 1642 3281 1704 quae
3322 1631 3607 1705 respectu
3664 1627 3747 1689 il-

2169 1715 2291 1776 lius
2334 1716 2505 1777 mala
2538 1724 2708 1790 sunt,
2736 1722 2799 1779 et
2824 1716 2989 1778 facta
3014 1717 3213 1779 libere
3242 1724 3387 1781 sunt
3411 1719 3575 1781 mah
3604 1738 3749 1781 mo·

2167 1809 2405 1884 taliter,
2444 1816 2517 1871 ut
2558 1816 2655 1871 est
2680 1810 2896 1871 odium
2922 1812 3059 1883 Dei,
3090 1812 3191 1873 vel
3216 1812 3443 1875 similia
3470 1818 3512 1874 ¹.
3552 1814 3739 1878 Unde

2166 1903 2314 1965 licct
2328 1904 2479 1976 haec,
2509 1912 2801 1983 respectu
2826 1912 3153 1978 creaturae,
3172 1923 3425 1986 semper
3451 1906 3572 1969 sint
3590 1909 3739 1987 lege

2168 1998 2482 2079 prohibita
2506 1999 2699 2079 (quod
2716 1999 2967 2073 Paulus,
2998 2000 3083 2061 ad
3108 2002 3288 2062 Rom.
3322 2004 3385 2073 3,
3414 2002 3731 2079 intendit),

2168 2108 2297 2152 non
2344 2098 2558 2152 tamen
2600 2095 2747 2153 sunt
2788 2093 2957 2152 mala
3015 2094 3163 2172 quia
3231 2094 3571 2173 prohibita,
3618 2096 3737 2157 sed

2168 2184 2377 2265 potius
2414 2185 2829 2263 prohibentur
2850 2186 3001 2265 qnia
3024 2186 3214 2260 mala,
3236 2205 3385 2249 nam
3417 2188 3533 2249 hoc
3552 2207 3741 2267 spec-

2166 2281 2259 2340 tat
2300 2277 2379 2338 ad
2424 2278 2776 2357 sapientem
2806 2280 2919 2343 Dei
2972 2280 3449 2358 providentiam.
3480 2282 3556 2344 Et
3585 2281 3733 2343 ideo

2169 2390 2309 2451 quaa
2354 2372 2715 2451 hujusmodi
2750 2379 2917 2446 sunt,
2958 2372 3011 2435 si
3044 2390 3229 2433 snam
3262 2374 3573 2436 rationem
3620 2375 3737 2436 ob-

2168 2464 2430 2539 tineant,
2463 2466 2592 2526 Deo
2642 2466 2830 2527 etiam
2877 2474 3254 2546 repugnant,
3296 2467 3445 2547 quia
3480 2486 3735 2529 summo

2166 2558 2335 2620 hono
2369 2565 2681 2638 repugnat
2720 2577 2911 2621 omne
2936 2561 3196 2634 malum,
3228 2562 3472 2623 etiamsi
3494 2580 3611 2641 per
3636 2561 3739 2623 le-

2166 2670 2313 2733 gem
2374 2654 2461 2713 illi
2520 2654 2905 2733 prohibitum
2950 2672 3082 2715 non
3134 2656 3232 2717 sit.
3280 2656 3459 2728 Quod
3510 2662 3733 2717 autem

2166 2745 2566 2808 mendacium
2610 2747 2693 2808 sit.
2736 2748 3120 2828 hujusmodi,
3160 2750 3459 2829 probatur
3497 2751 3727 2829 primo,

2168 2840 2313 2919 quia
2340 2846 2581 2901 certum
2614 2847 2709 2902 est
2756 2840 3181 2916 mendacium,
3212 2860 3327 2923 per
3368 2862 3437 2905 se
3482 2850 3759 2923 specta-0

2164 2938 2322 3005 tum,
2358 2950 2488 2993 non
2542 2950 2681 2995 esse
2738 2934 2978 2995 bonum
3010 2980 3025 3009 ‚
3068 2952 3279 3014 neque
3334 2937 3727 3002 indifferens,

2163 3030 2233 3087 ut
2266 3026 2455 3087 ctiam
2497 3027 2755 3089 Barbari
2788 3028 3105 3101 sentiunt3
3162 3036 3257 3091 est
3300 3048 3449 3109 ergo
3492 3047 3609 3109 per
3656 3048 3731 3089 se

2161 3120 2419 3180 malum.
2476 3120 2792 3196 Secundo,
2837 3122 2984 3199 quia
3028 3128 3125 3183 est
3166 3122 3349 3184 valde
3400 3124 3727 3184 dissonum

2160 3217 2403 3273 naturae
2431 3212 2741 3288 rationali,
2776 3214 2925 3291 quia
2976 3216 3201 3277 evertit
3244 3216 3527 3277 ordinem
3560 3217 3717 3296 ejus,

2160 3312 2223 3367 et
2243 3309 2338 3367 est
2352 3312 2571 3367 contra
2596 3306 2811 3382 finem,
2842 3314 2905 3370 et
2930 3308 3369 3371 necessitatem
3382 3310 3723 3371 verborum

2158 3418 2273 3460 seu
2299 3399 2631 3460 locutionis
2668 3400 2991 3462 rationalis
3018 3420 3035 3474 ς
3075 3419 3225 3463 nam
3254 3402 3336 3463 ad
3360 3404 3479 3464 hoc
3504 3410 3597 3464 est
3622 3404 3727 3464 in-

2158 3493 2437 3554 stitutum
2480 3510 2519 3553 a
2560 3499 2789 3554 natura
2816 3492 3079 3555 verbum
3129 3502 3479 3569 externum,
3510 3504 3579 3558 ut
3602 3516 3727 3577 per

2155 3584 2306 3646 illud
2328 3582 2751 3664 significemus
2774 3586 3115 3663 internum,
3148 3594 3211 3649 et
3246 3589 3331 3650 ita
3353 3588 3547 3668 possit
3579 3608 3725 3651 esse

2154 3678 2320 3740 inter
2346 3680 2683 3741 rationales
2725 3686 2981 3742 naturas
3014 3682 3301 3753 societas,
3332 3687 3398 3743 et
3423 3682 3721 3757 fidelitas,

2156 3791 2269 3835 scu
2302 3772 2531 3835 fiducia
2558 3793 2575 3847 ς
2606 3778 2807 3835 totum
2838 3778 3052 3836 autem
3097 3776 3218 3837 hoc
3256 3776 3617 3849 destmitur,
3666 3778 3720 3839 si

2153 3868 2345 3929 verba
2395 3886 2525 3929 non
2559 3876 2905 3931 consonant
2930 3870 3147 3943 menti,
3180 3876 3245 3932 et
3270 3872 3434 3944 iden,
3478 3890 3553 3933 eo
3576 3873 3723 3951 ipso

2154 3960 2327 4040 quod
2373 3960 2637 4021 verbum
2684 3967 2782 4023 est
2812 3961 3039 4023 falsum
3068 3962 3339 4043 signum,
3373 3971 3469 4026 est
3490 3982 3607 4043 per
3648 3980 3723 4026 se

2154 4054 2484 4115 dissonans
2526 4054 2817 4115 rationali
2866 4062 3128 4129 naturae,
3171 4062 3233 4118 et
3268 4058 3389 4119 hoc
3430 4065 3523 4119 est
3574 4076 3720 4119 esse

2154 4162 2269 4227 per
2290 4162 2359 4208 se
2385 4152 2450 4208 et
2476 4146 2811 4208 intrinsece
2852 4149 3111 4209 malum.
3159 4148 3235 4211 Et
3280 4150 3427 4213 hinc
3452 4151 3719 4211 ulterius

2154 4239 2545 4301 concluditur
2587 4258 2915 4320 nunquam
2947 4258 3133 4321 posse
3180 4243 3501 4305 honestari
3528 4260 3723 4323 prop-

2148 4337 2248 4393 ter
2288 4332 2523 4394 bonum
2566 4332 2782 4407 finem,
2816 4332 2865 4394 si
2912 4334 3183 4396 retineat
3222 4336 3533 4398 rationem
3572 4336 3716 4398 falsi

2152 4425 2334 4504 signi,
2372 4442 2486 4487 seu
2521 4426 2856 4501 mendacii,
2900 4428 3047 4506 quia
3092 4428 3173 4488 ab
3202 4428 3309 4490 illo
3338 4436 3437 4491 est
3464 4429 3721 4509 insepa-

2150 4518 2365 4580 rabilis
2408 4518 2668 4591 malitia,
2704 4522 2771 4581 et
2792 4536 3122 4599 nunqnam
3166 4520 3311 4583 licet
3332 4521 3537 4584 faeere
3576 4538 3719 4583 ma-

2148 4611 2301 4685 lum,
2324 4617 2397 4673 ut
2424 4611 2569 4673 inde
2598 4611 2851 4673 eveniat
2874 4612 3133 4687 honum,
3148 4619 3305 4675 teste
3330 4614 3542 4676 Paulo.
3574 4616 3717 4678 Imo

2150 4704 2321 4765 addit
2387 4709 2570 4765 acute
2640 4706 3049 4785 Aug-ustinus,
3078 4706 3187 4766 lib.
3256 4706 3337 4767 de
3391 4706 3708 4783 Mendac„

2148 4797 2351 4877 capite
2396 4804 2638 4869 octavu,
2687 4797 2883 4859 multo
2934 4798 3137 4878 magis
3178 4799 3416 4861 destrui
3466 4806 3713 4861 naturae

2148 4891 2622 4964 institutionem,
2670 4892 2724 4952 si
2768 4891 3051 4953 dicamus
3099 4892 3433 4973 aliquando
3471 4892 3713 4956 licitum

2146 5000 2285 5045 esse
2322 4984 2761 5045 mendacium:
2799 4982 3093 5057 Quomodo
3124 4988 3285 5049 onim
3307 4985 3555 5065 (inquit)
3584 5004 3715 5049 cre-

2144 5076 2397 5140 dendum
2434 5080 2525 5140 est
2550 5076 2655 5139 illi
2678 5076 2785 5157 qui
2816 5082 3003 5158 putat
3025 5077 3354 5160 aliquam
3384 5096 3513 5143 ouo
3546 5096 3717 5142 mn·

2144 5170 2435 5245 tiendum,
2458 5186 2603 5234 nam
2622 5175 2782 5249 torte
2802 5176 2948 5235 wne
2982 5172 3278 5237 mentitum
3292 5174 3527 5254 quando
3550 5188 3720 5255 μνω-

2226 5358 2244 5395 ¹
2292 5352 2448 5415 Vide
2476 5358 2823 5431 auctorem,
2842 5353 2907 5414 in
2933 5360 3115 5417 tract.
3142 5354 3223 5417 de
3252 5356 3455 5417 Bonit.
3488 5361 3551 5418 et
3576 5374 3721 5418 ma-

2142 5447 2261 5521 lit„
2294 5446 2529 5526 disput.
2558 5448 2620 5521 7,
2650 5446 2795 5509 lect.
2832 5450 2895 5521 l,
2924 5452 2985 5509 et
3030 5448 3075 5511 l.
3104 5450 3145 5510 2
3170 5448 3250 5512 de
3279 5448 3520 5531 Legih„
3560 5468 3713 5531 cap.

2145 5546 2247 5619 10,
2278 5560 2455 5605 uum.
2504 5546 2601 5604 ¹1.
