3900 6217
899 412 1067 467 secr.
1100 414 1183 465 iv.
1216 409 1371 473 Quas
1414 394 1732 463 PEltsoms
1764 410 2026 467 cauom
2059 414 2178 466 noc
2215 415 2611 470 rnAEcsr‘ruu.

176 528 289 589 duo
320 524 579 601 peccata,
612 518 709 579 vel
728 518 879 581 duas
901 519 1183 593 malitias,
1215 517 1473 579 alteram
1504 520 1719 575 contra

168 617 483 699 justitiam,
508 610 765 673 alteram
795 618 1009 672 contra
1040 612 1423 673 charitatem.
1454 606 1530 669 Et
1549 608 1718 671 vide-

172 720 266 772 tur
311 706 505 767 solum
536 712 748 765 contra
786 706 1087 783 justitiam
1132 707 1537 779 committere,
1570 704 1717 783 quia

172 812 311 864 tunc
359 798 461 859 ille
491 798 735 877 proprie
764 816 891 859 non
928 804 1174 859 tenetur
1201 798 1279 859 ad
1297 806 1501 861 actum
1533 798 1718 857 mise-

168 891 465 965 ricordiae,
514 890 660 969 quia
698 908 823 951 non
858 896 1103 952 tenetur
1148 890 1225 951 ad
1258 897 1465 951 actum
1494 890 1719 950 libera-

166 990 304 1061 lem,
328 1002 529 1062 neque
552 990 795 1045 tenetur
820 984 1147 1045 subvenire
1176 1003 1249 1045 ex
1282 985 1567 1064 propriis,
1612 981 1720 1045 sed

166 1080 331 1160 quasi
384 1076 657 1137 debitum
712 1076 1054 1139 restituere.
1107 1079 1180 1138 Et
1218 1077 1337 1138 hoc
1399 1076 1720 1156 metaphy-

166 1176 281 1235 sice
322 1169 570 1231 defendi
626 1177 871 1249 posset,
922 1178 1133 1233 tamen
1174 1172 1373 1249 magis
1408 1171 1719 1234 moraliter

165 1272 223 1327 et
275 1263 539 1344 practice
572 1262 819 1339 dicitur,
868 1264 920 1324 si
963 1264 1384 1325 consideretur
1432 1264 1721 1342 generale

162 1361 529 1439 praeceptum
562 1355 903 1432 charitatis,
951 1357 1499 1436 transgressionem
1554 1356 1721 1419 illius

164 1470 281 1512 non
336 1449 565 1509 addere
622 1467 845 1509 novam
892 1450 1233 1525 malitiam,
1260 1450 1312 1511 si
1344 1456 1553 1511 tamen
1574 1468 1719 1514 con-

162 1543 467 1605 sideretur
502 1542 821 1621 proprium
873 1548 1245 1623 praeceptum
1288 1543 1718 1605 misericordiae

162 1643 219 1697 et
258 1634 543 1713 justitiae‚
595 1634 680 1696 ibi
724 1654 855 1697 esse
902 1636 1054 1699 duas
1100 1636 1396 1711 malitiaS,
1461 1637 1719 1699 alteram

161 1734 363 1791 contra
410 1728 746 1806 justitiam,
799 1734 870 1789 ut
912 1748 1021 1809 per
1071 1748 1134 1793 se
1191 1736 1410 1796 notum
1472 1736 1584 1803 est,
1648 1737 1712 1792 et

162 1822 407 1883 alteram
478 1828 694 1886 contra
747 1822 1250 1898 misericordiam,
1308 1823 1456 1901 quia
1507 1842 1721 1885 revera

160 1920 359 1996 peccat
386 1922 607 1975 contra
631 1916 995 1994 particulare
1023 1922 1399 1996 praeceptum
1426 1921 1580 1996 ejuS.
1626 1920 1721 1981 Si-

160 2013 255 2067 cut
282 2008 329 2067 si
358 2007 503 2085 quis
529 2008 770 2069 debitor
806 2008 1062 2070 haberet
1082 2010 1469 2083 creditorem,
1512 2011 1612 2071 cui
1643 2030 1719 2075 ex

153 2102 385 2180 justitia
428 2100 539 2163 hic
576 2107 641 2163 et
690 2120 857 2164 nunc
909 2108 1226 2165 teneretur
1263 2103 1605 2180 restituere,
1658 2111 1721 2167 et

157 2202 459 2277 praeterea
488 2196 553 2255 in
578 2195 687 2255 tali
713 2196 1073 2257 necessitate
1120 2195 1483 2257 existentem
1507 2242 1528 2272 ,
1558 2204 1627 2257 ut
1640 2198 1723 2259 ei-

159 2292 287 2349 dem
331 2306 407 2347 ex
470 2288 893 2348 misericordia
930 2287 1259 2349 subvenire
1290 2294 1625 2363 teneretur,
1662 2296 1724 2352 et

162 2388 353 2443 tamen
384 2399 523 2441 non
540 2379 915 2455 subveniret,
935 2380 1151 2441 saltem
1176 2381 1577 2457 restituendo,
1596 2400 1724 2445 cer-

158 2482 213 2533 te
242 2480 529 2551 peccaret
558 2480 771 2535 contra
788 2473 1090 2551 justitiam
1108 2518 1129 2547 ‚
1160 2478 1230 2532 ut
1274 2491 1381 2551 per
1411 2490 1477 2535 se
1505 2478 1723 2535 notum

159 2573 241 2625 est
254 2582 272 2642 3
303 2571 364 2626 et
408 2572 716 2645 praeterea
760 2571 973 2626 contra
1033 2565 1533 2641 misericordiam,
1578 2566 1726 2645 quia

158 2678 356 2719 revera
414 2666 637 2737 peccat
690 2665 906 2719 contra
954 2656 1319 2737 particulare
1350 2663 1725 2737 praeceptum

161 2752 309 2829 ejus,
340 2752 509 2829 quod
554 2750 909 2829 simpliciter
960 2749 1189 2829 obligat
1239 2751 1315 2812 ad
1359 2750 1723 2813 subvenien-

160 2846 325 2920 dum,
347 2862 740 2923 quacumque
760 2846 862 2904 via
885 2844 945 2904 id
973 2844 1116 2920 fiat3
1149 2851 1211 2905 et
1238 2844 1453 2905 saltem
1482 2863 1608 2905 non
1631 2851 1725 2905 est

162 2937 307 2996 mihi
340 2937 607 2997 dubium
655 2937 806 3015 quin
848 2937 951 2997 ille
979 2936 1117 2997 talis
1159 2956 1288 2997 non
1322 2936 1719 3013 satisfaceret,

161 3030 217 3088 iu
247 3030 629 3089 confessione
646 3030 902 3089 dicendo
918 3048 979 3090 se
994 3048 1120 3090 non
1138 3032 1497 3104 restituisse,
1523 3049 1725 3109 quan-

158 3122 229 3181 do
256 3122 614 3199 tenebatur,
665 3123 769 3183 sed
805 3122 1028 3185 debere
1076 3123 1372 3203 explicate
1420 3142 1543 3183 non
1584 3124 1721 3185 sub-

154 3217 383 3277 venisse
406 3218 696 3295 proximo
721 3217 783 3275 in
828 3216 937 3279 tali
968 3217 1326 3277 necessitate
1356 3238 1371 3290 3
1412 3216 1579 3277 idem
1610 3236 1719 3277 au-

152 3314 273 3369 tem
298 3318 387 3371 est
418 3310 965 3391 proportionaliter
1003 3311 1069 3371 in
1100 3312 1431 3391 proposit0,
1470 3312 1718 3390 quando

150 3403 441 3481 obligatio
461 3422 541 3465 ex
572 3403 774 3465 officio
803 3411 891 3463 est
918 3404 995 3463 ad
1025 3421 1167 3464 eum
1198 3410 1401 3464 actum
1426 3405 1501 3463 ad
1533 3422 1721 3483 quem

150 3495 449 3575 obligaret
488 3496 778 3571 charitas,
806 3496 1047 3560 etiamsi
1087 3496 1360 3557 officium
1392 3516 1515 3559 non
1545 3498 1720 3558 ades-

148 3594 253 3648 set.

223 3681 282 3739 6.
327 3682 555 3745 Tertia
608 3682 904 3744 conclusio
954 3680 1301 3745 communis.
1342 3718 1403 3729 -
1429 3682 1717 3745 Primum

145 3774 385 3835 dubium
432 3773 604 3836 circa
642 3775 1079 3837 conclusionem
1118 3776 1427 3839 enodatur.
1473 3810 1552 3821 ——
1580 3776 1720 3837 Εω-

146 3868 443 3944 captiones
486 3866 761 3946 CaJetcn.
792 3873 849 3929 et
881 3866 1150 3946 Sylvest.
1181 3870 1717 3949 expenduntur.—

144 3959 285 4019 Dico
311 3962 505 4021 tertio
534 3976 549 4019 :
582 3977 709 4020 non
736 3960 933 4021 solum
961 3961 1137 4039 justi,
1154 3962 1258 4021 sed
1285 3962 1474 4021 etiam
1503 3979 1717 4040 pecca—

146 4059 304 4113 tores
355 4052 749 4131 obligantur,
797 4070 905 4131 per
946 4072 1010 4113 se
1053 4052 1383 4131 loquendo,
1416 4053 1530 4114 hoc
1557 4070 1721 4132 prae-

141 4152 337 4225 cepto.
368 4148 481 4207 Est
526 4145 837 4207 conclusio
878 4148 1223 4207 communis
1258 4166 1403 4207 cum
1450 4148 1516 4207 D.
1557 4147 1719 4208 Tho·

139 4256 239 4297 ma
270 4242 330 4299 2.
369 4242 438 4314 2,
491 4245 713 4317 quaest.
756 4241 855 4313 33,
902 4240 1159 4300 articulo
1206 4242 1278 4315 53
1310 4240 1626 4315 Richard„
1653 4241 1718 4314 4,

138 4330 414 4393 distinct.
481 4334 581 4404 19,
634 4332 894 4392 articulo
939 4335 999 4407 (Ξ,
1053 4339 1271 4411 quaest.
1324 4336 1400 4411 23
1451 4333 1663 4395 Palud.
1697 4378 1717 4409 ,

133 4431 355 4500 quaest.
391 4427 457 4496 3,
485 4424 657 4485 artic.
694 4426 731 4484 3
756 4447 773 4498 3
800 4424 1096 4499 Gabriel„
1122 4427 1190 4485 in
1214 4426 1401 4501 Can0,
1428 4425 1567 4487 lect.
1603 4428 1715 4501 74;

131 4515 236 4595 syl
250 4524 405 4577 vest.
417 4561 438 4592 ,
489 4515 811 4591 Corrcctz'O,
846 4518 921 4577 ad
954 4516 1179 4595 finem3
1210 4520 1364 4593 Sot.,
1406 4518 1481 4579 de
1511 4518 1721 4579 Secre-

130 4614 217 4683 to,
256 4608 503 4671 memb.
535 4612 599 4681 2,
625 4616 839 4687 quaest.
872 4611 930 4679 3,
959 4610 1349 4673 conclusione
1379 4612 1440 4686 6,
1479 4620 1540 4671 et
1567 4611 1719 4671 alio-

134 4718 299 4760 rum.
339 4701 530 4761 Unde
574 4700 760 4779 juxta
805 4700 1475 4763 ha11c·conclusionem
1524 4704 1721 4782 expli-

130 4795 374 4853 candus
423 4800 521 4854 est
564 4794 862 4855 articulus
890 4795 1107 4855 tertius
1134 4796 1407 4875 ejusdem
1450 4798 1518 4857 D.
1556 4797 1719 4857 Tho·

128 4905 289 4958 mae,
342 4886 464 4945 ubi
521 4886 670 4946 dicit
718 4887 832 4948 hoc
872 4895 1248 4967 praeceptum
1289 4888 1561 4966 obligare
1616 4907 1721 4949 eos

125 4980 237 5057 qui
274 4978 530 5039 habent
559 4980 919 5041 charitatem
947 5000 963 5053 ;
993 4982 1325 5043 affirmavit
1373 4982 1541 5041 enim
1575 4982 1714 5057 hoc,

3245 406 3366 475 699

1799 516 2021 592 teneri,
2070 520 2122 580 si
2169 528 2490 599 peccatum
2541 518 2622 577 sit
2658 516 2992 577 occultum.
3031 514 3360 595 cajetanus

1797 614 2008 672 tamen
2047 613 2275 691 excipit
2324 611 2773 690 correptionem
2827 608 3138 691 publicam
3160 654 3180 685 ,
3217 630 3358 691 quae

1797 701 1868 763 fit
1892 723 1930 767 a
1959 706 2411 781 concionatore,
2454 706 2523 766 in
2568 705 2752 767 tertia
2781 710 2978 784 parte,
3017 705 3358 784 quaestione

1798 800 1900 871 64,
1927 799 2186 859 articulo
2215 805 2408 875 sexto,
2448 804 2511 859 et
2536 797 2834 878 opusculo
2866 796 3116 877 speciali
3140 797 3216 858 de
3238 797 3360 858 hac

1798 910 1865 951 re
1878 907 1899 967 ;
1947 898 2009 953 et
2055 892 2344 970 sylvest„
2395 891 2584 953 verbo
2628 890 2964 971 Com-optim
3018 890 3056 970 ξ
3108 892 3207 966 16,
3251 891 3359 968 qui

1800 986 1990 1045 etiam
2040 984 2268 1065 excipit
2323 986 2769 1065 correptionem
2815 984 3050 1063 praelati
3089 985 3358 1065 judicia-

1800 1077 1966 1153 lem3
1998 1078 2102 1139 sed
2131 1086 2466 1158 utrumque
2507 1078 2734 1141 falsum
2763 1085 2877 1153 est,
2923 1078 3157 1139 secluso
3186 1096 3362 1141 scan-

1801 1173 1942 1233 dalo
1969 1176 2014 1237 ¹.
2043 1172 2192 1251 quia
2233 1171 2352 1233 illae
2375 1173 2648 1233 actiones
2674 1190 2782 1251 per
2824 1190 2888 1233 se
2916 1190 3044 1234 non
3094 1178 3242 1233 sunt
3267 1179 3362 1232 ta⁴

1801 1266 1907 1340 les,
1936 1273 2009 1326 ut
2035 1266 2354 1346 requirant
2377 1266 2442 1325 in
2465 1271 2757 1345 operante
2796 1267 3099 1345 gratiam3
3131 1284 3238 1345 per
3257 1284 3360 1327 ac-

1803 1359 2014 1420 cidens
2057 1376 2206 1419 vero
2261 1358 2502 1421 ratione
2533 1358 2837 1436 scandali,
2881 1358 2935 1419 si
2979 1359 3120 1439 quis
3165 1358 3244 1419 sit
3292 1358 3361 1419 in

1803 1458 2050 1533 peccato
2096 1450 2363 1531 publico,
2397 1451 2495 1511 vel
2533 1457 2700 1513 certe
2741 1457 2888 1513 noto
2931 1451 2990 1512 ei
3027 1451 3137 1531 qui
3165 1449 3361 1511 corri-

1801 1545 2062 1624 piendus
2090 1552 2202 1619 est,
2231 1545 2484 1607 vitanda
2533 1550 2624 1607 est
2668 1546 2974 1624 correptio
2994 1562 3016 1623 3
3043 1544 3360 1607 interdum

1800 1644 2012 1699 tamen
2044 1638 2268 1717 poterit
2298 1638 2521 1716 aliquis
2545 1638 2623 1699 ad
2653 1637 2772 1700 hoc
2807 1638 3091 1717 obligari.

1882 1734 1942 1791 7.
1989 1730 2334 1794 Secundum
2381 1732 2641 1793 dubium.
2669 1764 2750 1783 -ι
2777 1729 2902 1804 Quo
2946 1735 3124 1810 pacto
3178 1728 3362 1792 recol-

1800 1828 1984 1887 vatnr
2011 1841 2052 1886 a
2072 1824 2151 1884 D.
2182 1825 2433 1899 Tnoma,
2459 1824 2763 1887 Richardo
2791 1828 2848 1887 ct
2873 1823 3214 1895 Paludanm
3237 1835 3354 1885 etc.

1798 1948 1879 1961 —
1900 1915 2017 1977 Sed
2049 1921 2200 1977 tunc
2229 1917 2495 1978 occurrit
2520 1916 2689 1977 aliud
2719 1915 3001 1991 dubium,
3035 1934 3143 1991 an,
3175 1916 3228 1975 si
3250 1915 3364 1976 ali·

1800 2008 1939 2088 quis
1972 2009 2210 2071 ratione
2238 2009 2470 2088 peceati
2497 2008 2728 2089 proprii
2755 2008 2836 2071 sit
2859 2009 3102 2090 ineptus
3127 2007 3205 2069 ad
3229 2026 3362 2069 cor-

1801 2100 2179 2180 ripiendum,
2231 2108 2514 2164 teneatur
2567 2120 2750 2181 agere
2795 2102 3222 2180 poenitentiam
3241 2146 3260 2175 ,
3291 2106 3362 2161 ut

1803 2194 2115 2255 fructuose
2144 2196 2334 2274 possit
2369 2195 2676 2274 corripere
2705 2195 3111 2273 indigentem.
3139 2196 3362 2255 Doctor

1804 2286 2083 2362 Sanctus,
2130 2288 2196 2347 in
2240 2295 2482 2367 quarto,
2524 2288 2917 2349 distinctione
2951 2289 3049 2361 19,
3086 2287 3364 2348 insinuat

1806 2380 2041 2457 teneri;
2080 2380 2442 2455 Richardu5‚
2489 2381 2598 2457 ibi,
2644 2386 2761 2441 art.
2806 2384 2869 2455 2,
2913 2385 3125 2459 quaest.
3176 2380 3236 2455 2,
3281 2380 3361 2442 ad

1805 2473 2078 2551 primum
2097 2488 2118 2548 ;
2160 2473 2532 2548 Paludanus,
2584 2474 2922 2553 quaestione
2967 2475 3146 2535 tertia
3157 2489 3178 2551 3
3209 2491 3363 2552 quos

1806 2565 1994 2627 etiam
2029 2566 2177 2627 Soto
2218 2584 2404 2645 supra
2453 2566 2728 2627 adducit.
2776 2565 3080 2627 Accedere
3117 2565 3363 2625 videtur

1806 2658 2092 2734 Navarr.,
2133 2678 2268 2737 cap.
2301 2660 2400 2733 29,
2435 2677 2498 2720 n.
2537 2661 2642 2733 12,
2675 2664 2980 2738 quatenus
3018 2660 3107 2718 ait
3151 2676 3364 2737 pecca-

1802 2755 2001 2810 torem
2037 2768 2162 2811 non
2191 2752 2468 2812 excusari
2521 2769 2559 2812 a
2595 2756 2896 2831 praecepto
2941 2749 3374 2825 correctioniS,.

1803 2862 1943 2903 cum
1987 2846 2175 2923 possit
2223 2846 2436 2907 divina
2492 2845 2691 2922 gratia
2739 2844 3062 2923 poenitere.
3109 2843 3360 2903 Funda-

1804 2945 2086 2998 mentum
2133 2945 2246 3010 est‚
2299 2940 2446 3019 quia
2499 2957 2686 2999 nemo
2717 2938 2901 2999 debet
2950 2937 3224 2999 excusari
3281 2936 3358 2995 ab

1803 3029 2180 3107 obligatione
2231 3034 2520 3111 praecepti
2566 3037 2815 3113 propter
2865 3035 3182 3110 peccatum
3222 3048 3362 3108 pro-

1802 3124 2044 3201 prium,
2093 3126 2245 3186 sicut
2281 3126 2467 3185 etiam
2496 3124 2896 3205 prodigalitas
2942 3141 3068 3183 non
3109 3128 3360 3185 excusat

1800 3234 1837 3276 a
1868 3218 2352 3295 transgressione
2382 3219 2670 3297 praecepti
2699 3219 2764 3277 iu
2803 3217 3199 3296 eleemosyna
3229 3234 3358 3275 cor-

1799 3308 2017 3387 porali.
2048 3311 2436 3372 Contrarium
2465 3316 2634 3373 tenet
2661 3310 2826 3371 idem
2857 3311 3024 3383 Soto,
3047 3308 3356 3388 excipien-

1803 3402 1883 3462 do
1926 3421 2030 3463 eos
2061 3407 2168 3482 qui
2209 3423 2283 3465 ex
2313 3404 2512 3465 officio
2540 3408 2832 3463 tenentur
2870 3404 3206 3482 corripere,
3249 3399 3360 3481 qui

1801 3502 2092 3559 tenentur
2118 3498 2438 3575 poenitere,
2485 3496 2732 3576 quando
2779 3496 2930 3557 alias
2973 3494 3180 3555 idonei
3231 3512 3358 3555 non

1799 3596 1947 3651 sunt
1969 3590 2046 3650 ad
2077 3589 2536 3669 corrigendum.
2559 3588 3058 3651 Fundamentum
3079 3592 3196 3662 est,
3212 3588 3362 3665 quia

1800 3684 1911 3763 qui
1942 3688 2108 3743 caret
2131 3684 2428 3762 pecuniis,
2458 3700 2584 3743 non
2617 3687 2863 3743 tenetur
2891 3680 3028 3755 illas
3055 3698 3358 3763 quaerere,

1799 3783 1870 3835 ut
1903 3774 2092 3836 faciat
2127 3776 2612 3854 eleemosynam,
2645 3775 2884 3837 etiamsi
2915 3774 3082 3853 prius
3120 3790 3361 3853 peccas·

1800 3874 1890 3927 set
1922 3867 2058 3929 illas
2089 3868 2490 3947 prodigendo,
2537 3886 2739 3948 neque
2781 3868 2888 3946 qui
2932 3872 3026 3927 est
3066 3868 3360 3945 ignorans

1800 3966 2044 4021 tenetur
2083 3960 2421 4036 addiscere,
2456 3967 2524 4020 ut
2551 3960 2705 4021 alios
2737 3961 2969 4022 doceat.
3011 3961 3238 4021 Censeo
3265 3966 3361 4019 ta-

1801 4071 1970 4127 men,
2013 4058 2186 4112 extra
2227 4068 2432 4115 casum
2488 4053 2861 4113 necessitatis
2894 4058 3214 4125 extremae,
3245 4052 3360 4112 hoe

1801 4144 2136 4207 secundum
2195 4162 2324 4205 esse
2373 4163 2588 4207 verum
2614 4160 2633 4222 3
2664 4152 2910 4219 tamen,
2949 4145 3000 4204 si
3047 4145 3362 4223 proximus

1802 4237 1880 4295 sit
1922 4236 1990 4295 in
2030 4254 2173 4297 casu
2202 4244 2495 4299 extremae
2540 4237 2952 4313 necessitatiS,
2996 4243 3057 4297 et
3092 4235 3360 4315 periculo

1802 4330 2017 4389 mortis
2043 4336 2371 4409 perpetuae,
2390 4332 2557 4409 prior
2581 4330 2886 4391 sententia
2910 4328 3220 4409 sequenda
3243 4334 3357 4403 est,

1801 4422 1947 4500 quia
1979 4424 2042 4482 in
2075 4422 2183 4482 tali
2225 4424 2584 4485 necessitate
2627 4428 2840 4483 teneor
2885 4440 3162 4501 quaerere
3198 4420 3362 4481 unde

1800 4515 2164 4575 subveniam
2205 4518 2510 4595 proximO.
2557 4516 2838 4590 Instabis,
2878 4516 3022 4595 quia
3051 4514 3362 4577 sufficien-

1805 4614 1896 4669 ter
1920 4608 2218 4669 subvenio
2244 4627 2380 4688 pro}
2399 4609 2642 4671 onendo
2679 4609 3000 4669 veritatem
3030 4626 3140 4687 per
3164 4608 3360 4669 scien-

1800 4701 1976 4775 tiam,
2015 4708 2076 4761 et
2115 4702 2416 4761 rationem
2461 4720 2651 4780 quam
2683 4700 2910 4777 habe0,
2945 4701 3058 4761 etsi
3095 4718 3221 4760 non
3251 4699 3360 4760 ha-

1800 4792 1979 4853 beam
2009 4798 2272 4871 gratiam
2291 4814 2310 4867 3
2351 4793 2519 4872 quod
2571 4795 2622 4855 si
2663 4793 2768 4853 ille
2814 4812 2938 4854 non
2967 4791 3362 4872 amplectitur

1800 4886 2248 4964 correptionem
2271 4931 2292 4960 ,
2347 4887 2460 4947 sibi
2509 4888 2809 4966 imputet3
2841 4904 2986 4946 nam
3017 4886 3087 4946 in
3119 4886 3226 4945 illo
3263 4905 3361 4945 ar-

1798 4978 1992 5039 ticulo
2026 4996 2153 5039 non
2181 4978 2432 5039 deberet
2469 4978 2856 5040 considerare
2886 4977 3078 5038 vitam
3104 4978 3359 5057 loquen-

1796 5073 1901 5145 tis,
1928 5070 2034 5133 sed
2063 5072 2413 5135 veritatem.
2439 5072 2656 5133 Fateor
2679 5071 2932 5151 quidem
2961 5070 3138 5132 illum
3169 5072 3360 5132 etiam

1798 5182 2047 5242 peccare
2077 5182 2202 5225 non
2237 5164 2621 5225 admittendo
2652 5163 3126 5243 correptionem,
3151 5181 3360 5242 aquo-

1794 5274 2062 5336 cumque
2087 5256 2226 5331 fiat3
2255 5264 2462 5320 tamen
2489 5257 2634 5336 quia
2657 5256 2762 5317 illa
2796 5262 2886 5318 est
2915 5254 3212 5317 naturalis
3239 5255 3360 5317 fra-

125 5072 235 5131 sed
274 5090 412 5131 non
460 5074 716 5150 negavit
754 5072 945 5134 aliud.
1002 5074 1177 5135 Ratio
1224 5080 1336 5145 est,
1379 5076 1527 5153 quia
1560 5093 1717 5153 prae-

122 5171 309 5243 repta
352 5166 800 5227 misericordiae
852 5173 915 5227 et
961 5165 1277 5228 charitatis
1313 5185 1529 5227 omnes
1558 5166 1712 5227 obli·

122 5267 304 5335 gant.
362 5259 561 5333 Item,
607 5258 921 5319 interdum
976 5265 1255 5339 peccator
1297 5267 1387 5319 est
1424 5263 1603 5339 aptus
1634 5258 1713 5319 ad

122 5347 612 5427 corripiendum
633 5372 649 5423 ;
692 5368 839 5431 ergo
873 5352 1085 5431 positis
1123 5351 1263 5413 aliis
1306 5352 1716 5412 circumstan-

119 5444 231 5502 tiis
261 5440 677 5520 obligabitur.
709 5448 804 5505 An
826 5462 982 5525 ‘vero
1013 5450 1340 5506 teneantur
1380 5444 1554 5523 prius
1580 5460 1714 5523 poe-

1878 5445 1894 5481 ¹
1925 5443 2204 5504 Concinit
2232 5450 2474 5520 auctor,
2503 5443 2658 5538 disp.
2692 5444 2768 5516 16
2796 5442 2874 5505 de
2897 5442 3096 5527 Saea,
3121 5449 3264 5503 sect.
3291 5444 3354 5527 3,

122 5536 333 5605 nitere
365 5552 563 5626 quam
593 5536 925 5629 corripere,
968 5536 1297 5599 dicendum
1337 5554 1449 5631 per
1476 5554 1542 5597 se
1587 5554 1715 5597 non

1792 5552 2010 5631 parag.
2040 5536 2212 5599 Hinc
2245 5554 2405 5610 vcro,
