3900 6217
667 396 840 451 SECT.
873 397 957 452 111.
991 398 1250 461 Quarum
1281 398 1494 451 RERUM
1525 397 1702 450 rim-:s
1733 397 2065 451 Exlecl'rA
2096 397 2323 453 runnu·
2353 398 2753 463 NECESSARIA,
2788 398 2924 452 mc,

223 496 424 561 memb.
449 500 515 575 3,
549 503 669 561 art.
697 500 760 573 2,
785 498 862 559 ad
880 500 950 575 313
988 500 1184 577 Vega,
1212 499 1320 561 lib.
1349 500 1390 561 6
1417 499 1486 560 10
1503 498 1764 561 Triden-

221 594 338 666 tin.,
372 610 514 671 cap.
536 596 604 664 ὃς
641 592 844 666 Sotus,
866 593 906 653 2
929 592 1004 653 de
1030 593 1262 655 Natura
1281 599 1342 654 et
1370 592 1596 671 gratia,
1626 610 1761 673 cap.

223 690 272 747 11
297 705 312 759 ;
339 692 400 747 et
417 692 648 747 tractat
671 685 828 746 bene
851 686 1038 760 Cano,
1077 686 1426 748 Reiectione
1447 686 1526 745 de
1551 687 1766 747 Sacra-

219 779 422 841 mentis
445 780 516 841 in
563 796 811 858 genere,
842 786 1018 859 pat-te
1045 780 1108 839 2.
1139 780 1218 839 Et
1230 779 1412 857 juxta
1439 778 1599 839 hanc
1625 796 1766 840 sen-

217 872 486 949 tentiam,
540 879 604 935 et
659 890 734 935 ea
765 889 906 951 quae
948 872 1135 952 paulo
1181 880 1326 934 ante
1369 872 1638 935 diximus
1689 872 1766 933 de

215 969 495 1044 mysterio
539 966 885 1037 TrinitatiS,
933 964 1160 1045 exponi
1207 972 1458 1046 possunt
1487 965 1768 1027 Clemens

215 1058 680 1134 Alexandriam,
711 1058 994 1121 Justinus
1037 1060 1326 1134 1101110110,
1367 1066 1430 1120 et
1477 1059 1770 1138 Chryses*

212 1158 402 1211 tomus
436 1170 598 1232 quos
645 1158 788 1213 ante
818 1152 1028 1228 citavi,
1051 1153 1254 1232 quiin
1289 1159 1568 1233 tempore
1613 1152 1768 1231 legis

213 1252 438 1307 naturae
473 1246 587 1307 vix
621 1244 910 1307 videntur
959 1245 1210 1324 exigere
1249 1246 1438 1309 fidem
1469 1246 1548 1307 ad
1587 1246 1770 1323 justi-

213 1338 380 1413 tiam3
424 1338 819 1417 intelligendi
858 1344 1068 1401 autem
1105 1338 1398 1401 videntur
1422 1338 1624 1417 quoad
1665 1356 1771 1399 ex-

212 1430 480 1511 plicitam
529 1432 952 1509 cognitionem
998 1431 1220 1494 horum
1279 1432 1719 1513 mysteriorum
1748 1476 1768 1507 ,

213 1530 386 1602 atque
415 1524 508 1585 ita
545 1524 688 1586 illos
718 1526 1004 1605 exposuit
1021 1526 1341 1605 episcopus
1363 1526 1675 1601 LucensiS,
1704 1526 1771 1585 in

215 1618 730 1679 Annotatiouibus
777 1618 856 1679 ad
895 1620 1149 1680 tertium
1196 1625 1437 1681 tomum
1479 1619 1773 1698 Chrysus·

215 1710 378 1784 tomi,
417 1711 684 1789 quaesito
714 1714 773 1773 7.
835 1711 1130 1773 Eamdem
1174 1712 1546 1774 sententiam
1599 1712 1775 1773 docet

215 1804 384 1882 Ilugo
411 1804 492 1865 de
531 1804 758 1867 Sancto
795 1807 1056 1876 Victore,
1089 1806 1198 1868 lib.
1236 1810 1265 1868 1
1308 1807 1384 1869 de
1413 1807 1775 1869 Sacramen-

216 1898 306 1972 tis,
337 1904 522 1977 parte
552 1900 652 1974 ¹0,
689 1917 824 1979 cap.
863 1901 926 1975 6,
957 1900 1065 1961 ubi
1093 1901 1283 1963 refert
1323 1900 1623 1980 quosdam
1663 1918 1776 1961 suo

214 1996 488 2071 tempore
509 1992 786 2055 docuisse
815 1993 1100 2055 eamdem
1121 1992 1350 2055 Christi
1367 1992 1552 2055 fidem
1581 1992 1778 2073 expli-

215 2084 420 2161 citam,
450 2088 628 2146 omni
667 2092 944 2166 tempore
980 2086 1168 2149 fuisse
1211 2088 1638 2163 necessariam,
1685 2088 1781 2147 in—

213 2178 599 2241 terveniente
643 2184 892 2241 tantum
949 2179 1297 2241 differentia
1355 2181 1668 2260 praesentis
1718 2186 1780 2241 et

216 2271 444 2348 suturi3
469 2290 662 2350 quam
680 2272 805 2334 late
827 2273 1180 2352 impugnat,
1205 2274 1428 2335 docens
1445 2272 1632 2335 fidem
1647 2292 1780 2334 om-

209 2366 358 2425 nino
401 2364 772 2444 implicitam
811 2366 1002 2429 fuisse
1042 2373 1194 2427 tunc
1241 2366 1684 2445 sufficientem,
1719 2372 1782 2428 et

207 2458 372 2519 illius
399 2459 778 2521 sententiam
807 2459 874 2519 in
911 2459 1027 2521 bac
1054 2466 1227 2539 parte
1247 2460 1470 2541 probat
1489 2466 1550 2521 et
1574 2458 1787 2523 laudat

204 2552 581 2627 Bel-nardus,
607 2553 784 2632 epist.
811 2556 886 2613 7'1
922 2554 998 2615 ad
1024 2554 1314 2615 eumdem
1339 2555 1687 2634 Bugonem,
1713 2554 1782 2613 in

205 2647 244 2706 2
293 2645 432 2723 ejus
473 2650 686 2725 parte3
741 2652 804 2708 et
845 2646 1240 2707 consentiunt
1283 2664 1562 2727 expresse
1605 2647 1786 2708 divus

204 2740 509 2815 Thomas,
533 2738 704 2801 dicta
725 2745 940 2819 quoest.
973 2742 1038 2816 2,
1069 2746 1189 2803 art.
1220 2744 1280 2817 7,
1307 2742 1388 2803 ad
1411 2744 1486 2816 33
1515 2746 1576 2803 et
1601 2740 1786 2801 Alen-

203 2833 310 2906 siS,
337 2832 406 2893 in
458 2830 602 2893 loco
631 2851 818 2912 supra
859 2832 1070 2908 citato,
1113 2852 1186 2895 ac
1225 2833 1450 2914 reliqui
1490 2833 1784 2911 Theologi

203 2925 620 3005 frequentius.
651 2928 887 2989 Citatur
915 2927 1107 2989 etiam
1133 2927 1542 3006 Augustinus,
1563 2926 1672 2989 lib.
1708 2928 1786 2989 19

209 3026 369 3081 cont.
397 3020 728 3096 Faustum,
751 3038 887 3101 cap.
921 3022 1002 3082 14
1023 3027 1084 3082 et
1104 3021 1526 3101 sequentibus,
1557 3021 1664 3082 sed
1692 3018 1782 3081 ibi

201 3112 474 3177 obscure
502 3113 807 3194 loquitur.

287 3208 390 3269 15.
441 3208 763 3273 Probatur
800 3207 1026 3290 primo.
1043 3240 1126 3255 -
1159 3207 1474 3273 Probatur
1508 3210 1778 3273 seeundo.

190 3336 288 3349 -
317 3300 766 3378 confirmatur.
806 3335 889 3349 --
936 3301 1190 3363 Probari
1261 3319 1410 3363 vero
1464 3308 1666 3381 potest
1708 3320 1788 3364 ex

191 3396 560 3475 Scriptura,
589 3401 898 3475 quatenus
925 3395 1078 3457 dicit
1105 3401 1250 3457 ante
1287 3395 1514 3457 Christi
1555 3396 1787 3458 adven-

195 3496 346 3549 tum
409 3488 608 3550 fidem
657 3488 822 3551 illius
875 3488 1061 3550 fuisse
1106 3489 1288 3551 valde
1341 3488 1692 3566 obscuram,
1726 3496 1788 3551 et

193 3580 489 3660 quasi-in
519 3581 750 3645 umbra
771 3588 836 3643 et
869 3581 1110 3659 figura3
1140 3581 1300 3643 sicut
1325 3581 1554 3643 dicitur
1573 3583 1787 3661 primae

191 3676 282 3736 ad
311 3675 602 3751 Corinth.
637 3678 758 3737 1οε
793 3672 1096 3743 Bibebant
1121 3681 1326 3739 autom
1352 3676 1422 3739 do
1442 3676 1784 3755 spirituali,

195 3775 596 3849 outa-sequuta
631 3786 730 3833 eos
752 3774 955 3849 petra,
983 3774 1160 3850 petra
1183 3774 1376 3832 autem
1413 3772 1546 3832 erat
1587 3768 1790 3833 Chris-

199 3866 312 3925 tus
327 3888 352 3935 ,·
379 3868 450 3923 et
492 3862 576 3923 ad
623 3862 824 3923 Galat.
869 3864 950 3923 3:
979 3862 1358 3944 Priusquam
1379 3864 1607 3927 veniret
1619 3864 1785 3944 fides,

201 3958 318 4017 sub
361 3956 494 4037 loys
529 3956 1032 4031 custodiebamur,
1061 3962 1182 4019 etc.
1215 3954 1456 4017 Similia
1483 3954 1792 4016 habentur

207 4049 250 4109 2
277 4049 358 4109 ad
379 4051 523 4111 Cor.
562 4050 624 4123 3,
657 4054 720 4109 et
739 4048 1011 4111 Concilio
1035 4048 1424 4124 TridentinO,
1451 4048 1615 4109 dicta
1643 4066 1789 4110 sess.

212 4146 277 4219 6,
309 4163 445 4225 cap.
473 4145 542 4220 6,
577 4143 728 4205 dum
759 4144 850 4206 ait
875 4143 1247 4224 quibusdam
1285 4144 1527 4206 Sanctis
1553 4144 1796 4205 revela-

215 4246 352 4299 tum
369 4239 568 4301 fuisse
580 4239 928 4319 specialiter
946 4239 1310 4318 mysterium
1329 4238 1795 4315 lucarnationis,

219 4331 582 4411 significans
625 4338 906 4411 respectu
947 4331 1296 4393 communis
1339 4331 1556 4412 populi
1609 4332 1797 4393 fidem

223 4424 596 4503 implicitam
619 4425 770 4487 satis
797 4424 1019 4499 fuisse3
1043 4442 1122 4485 ex
1149 4424 1376 4503 quibus
1403 4425 1566 4486 sumi
1597 4430 1802 4504 potest

225 4519 381 4580 ratio
412 4537 606 4599 supra
633 4524 823 4594 tacta,
855 4520 1005 4598 quia
1053 4518 1334 4579 medium
1381 4518 1670 4580 omnibus
1697 4536 1802 4579 ne-

229 4614 588 4698 ceesarium,
608 4612 857 4695 publice
875 4612 1170 4675 omnibus
1183 4613 1557 4693 praedicatur
1575 4619 1638 4675 et
1661 4631 1801 4692 pro-

231 4707 583 4787 mulgatur,
612 4708 720 4770 sed
755 4706 1034 4769 Christus
1058 4724 1190 4768 non
1221 4706 1342 4767 fuit
1389 4707 1479 4767 ita
1505 4707 1802 4786 praedica-

233 4806 330 4861 tus
351 4802 650 4863 nnivemo
676 4800 838 4876 orbi,
871 4800 1211 4879 praesertim
1247 4800 1501 4875 Gentili,
1537 4806 1682 4861 ante
1707 4800 1801 4880 ip-

233 4894 362 4955 sius
385 4894 732 4957 adventum
745 4909 766 4970 3
797 4910 948 4972 ergo
975 4911 1104 4955 non
1145 4900 1236 4953 est
1273 4892 1607 4955 verisimile
1633 4892 1802 4954 illius

236 4986 425 5049 fidem
473 4988 836 5069 explicitam
875 4987 1066 5048 fuisse
1115 4986 1392 5048 medium
1433 4986 1720 5049 omnibus
1745 4993 1811 5048 et

235 5081 500 5161 singulis
527 5083 950 5144 necessarium
981 5081 1060 5142 ad
1087 5080 1373 5142 salutem.
1395 5078 1811 5141 Confirmatur

233 5174 372 5237 baec
395 5175 588 5251 ratio,
619 5175 768 5254 quia
817 5174 970 5235 fides
1026 5172 1315 5253 explicita
1371 5172 1811 5253 redemptionis

234 5268 532 5347 supponit
555 5266 750 5331 fldem
789 5266 1028 5347 peccati
1055 5265 1402 5345 originalis,
1433 5272 1498 5327 et
1527 5283 1809 5327 eommu-

233 5362 332 5422 nis
357 5360 570 5441 lapsus
597 5360 892 5423 humanae
921 5367 1158 5421 naturae
1172 5375 1194 5438 3
1225 5360 1333 5421 sed
1355 5378 1483 5421 non
1501 5365 1640 5421 erat
1661 5365 1810 5419 tunc

235 5456 586 5520 necessaria
629 5454 782 5517 fides
833 5454 1130 5535 explicita
1184 5454 1260 5513 de
1287 5453 1649 5532 huiusmodi
1675 5470 1810 5534 pec-

240 5552 398 5624 cato,
417 5554 494 5609 ut
517 5566 558 5608 a
587 5546 834 5609 fortiori
857 5546 1182 5628 probatur,
1199 5552 1336 5607 tum
1360 5547 1598 5609 ratione
1619 5546 1808 5623 facta,

3280 398 3401 459 349

1843 505 1979 561 tum
2002 501 2149 579 quia
2174 500 2278 561 vix
2305 502 2370 561 in
2406 504 2663 582 antiqua
2685 502 2997 581 Scriptura
3028 502 3399 581 continetur,

1845 593 1966 654 nisi
1994 596 2173 657 valde
2202 583 2500 675 implicite
2526 603 2587 658 et
2615 596 2906 672 obscure3
2932 612 3085 673 ergo
3112 612 3227 656 nec
3254 595 3405 658 fides

1845 688 2133 767 explicita
2160 689 2599 768 redemptionis
2636 695 2771 749 erat
2818 691 2907 749 sic
2952 688 3315 766 necessaria,
3338 708 3409 752 ac

1846 782 2109 861 proinde
2130 800 2329 861 neque
2354 783 2505 845 fides
2538 784 2783 845 Christi.

1931 876 2029 936 16.
2092 875 2263 942 Varii
2283 878 2513 959 yradus
2531 877 2676 953 fidei
2697 876 2929 941 Christi
2950 877 3410 939 mediatoris.—

1849 969 1942 1043 ΕΚ
1993 966 2093 1029 his
2136 969 2376 1031 duabus
2416 971 2736 1031 sententiis
2780 972 2910 1031 hoec
2947 970 3246 1049 posterior
3275 972 3409 1033 sine

1852 1060 2045 1121 dubio
2068 1078 2217 1123 vera
2238 1068 2347 1125 est.
2383 1064 2463 1125 Ut
2492 1071 2701 1125 autem
2752 1064 2974 1127 melius
2998 1063 3407 1142 intelligatur,

1848 1152 2149 1233 distingui
2171 1162 2433 1235 possunt
2466 1158 2623 1218 varii
2671 1156 2899 1237 gradus
2926 1156 3070 1217 fidei
3094 1156 3411 1237 implicitae

1849 1251 1912 1309 et
1967 1247 2269 1326 explicitae
2307 1250 2683 1313 mediatoris.
2738 1250 2979 1311 Primus
3032 1253 3147 1324 est,
3178 1248 3244 1309 in
3290 1268 3413 1329 quo

1850 1341 2013 1402 Deus
2036 1342 2309 1404 creditur
2342 1351 2411 1405 ut
2432 1344 2802 1425 justificator
2834 1352 2895 1406 et
2922 1344 3187 1406 salvator
3208 1344 3411 1405 homi-

1851 1454 2030 1511 num,
2058 1454 2169 1515 per
2198 1437 2402 1499 media
2426 1456 2538 1517 per
2569 1458 2745 1502 suam
2785 1439 3236 1518 providentiam
3292 1438 3413 1498 dis-

1851 1529 2049 1607 posita
2070 1574 2091 1605 ,
2140 1528 2211 1591 in
2266 1549 2403 1609 qua
2463 1533 2868 1611 generalitate
2914 1531 3259 1611 redemptio
3302 1550 3415 1612 per

1852 1622 2165 1684 Christum
2222 1624 2601 1689 continetur.
2657 1624 2975 1688 Secundus
3017 1626 3243 1703 gradus
3295 1634 3410 1705 est,

1854 1717 1923 1777 in
1949 1733 2074 1795 quo
2105 1735 2233 1778 non
2263 1718 2463 1780 solum
2493 1720 2763 1782 creditur
2809 1720 2969 1780 Deus
3013 1725 3088 1778 ut
3122 1718 3412 1793 salvator,

1854 1809 1963 1870 sed
1986 1811 2173 1871 etiam
2202 1812 2472 1874 creditur
2494 1813 2717 1893 aliquis
2744 1814 3118 1891 redemptor,
3154 1831 3260 1873 seu
3290 1832 3417 1875 mc-

1857 1902 2059 1963 diator
2086 1902 2251 1966 inter
2278 1906 2469 1967 Deum
2500 1912 2563 1969 et
2582 1906 2889 1981 homines,
2914 1906 2993 1966 ad
3016 1906 3151 1967 illos
3178 1906 3419 1969 salvan-

1859 1998 1991 2074 doS,
2018 2016 2143 2058 non
2176 2000 2625 2079 cognoscendO,
2658 2019 2738 2061 an
2777 1999 2882 2061 ille
2922 2000 3223 2061 mediator
3252 2000 3421 2060 futu-

1857 2108 1967 2151 rus
1994 2097 2157 2151 esset
2178 2092 2359 2168 Deus,
2392 2110 2591 2173 neq-ue
2624 2110 2735 2173 per
2759 2110 2944 2172 quem
2978 2092 3236 2153 modum
3264 2098 3421 2153 esset

1859 2183 2127 2245 salutem
2154 2184 2483 2247 hominum
2514 2194 2898 2267 operaturus.
2926 2186 3171 2247 Tertius
3196 2185 3423 2263 gradus

1860 2280 2005 2342 addi
2036 2284 2259 2357 potest,
2291 2280 2359 2340 in
2389 2298 2511 2359 quo
2539 2286 2765 2360 praeter
2796 2278 2906 2340 illa
2932 2279 3056 2339 duo
3088 2296 3425 2357 cognosca-

1863 2379 1967 2433 tur
2010 2372 2302 2433 divinitas
2342 2372 2788 2453 Redemptoris,
2836 2372 3161 2450 ignoretur
3213 2374 3424 2431 autem

1865 2466 2089 2527 modus
2116 2466 2582 2546 redemptionis,
2605 2466 2869 2540 Quartus
2888 2482 3038 2527 vero
3062 2464 3181 2525 erit
3208 2465 3277 2524 in
3301 2482 3425 2545 quo

1865 2566 2270 2636 cognoscatur
2298 2560 2573 2621 Christus
2599 2566 2670 2619 ut
2700 2576 2881 2620 verus
2904 2558 3085 2633 DeuS,
3134 2562 3197 2617 et
3237 2555 3425 2616 homo

1867 2652 1976 2731 qui
2010 2668 2120 2732 per
2142 2653 2515 2732 passionem,
2548 2658 2811 2713 mortem
2834 2665 2895 2713 et
2918 2650 3427 2712 resurrectionem

1867 2747 2389 2807 consummaverit
2423 2747 2945 2827 redemptionem3
2978 2750 3163 2824 atque
3190 2744 3293 2804 hic
3333 2742 3429 2803 ul-

1865 2840 2059 2900 timus
2102 2840 2335 2919 gradus
2404 2845 2497 2902 est
2538 2839 2815 2901 absolute
2864 2844 2925 2900 et
2973 2836 3239 2919 perfecte
3280 2836 3429 2898 fidei

1867 2932 2193 3012 explicitae.

1950 3028 2050 3086 17.
2098 3026 2423 3091 Sententia
2450 3029 2738 3093 auctoris.
2762 3060 2843 3075 -
2868 3027 3015 3088 Dico
3045 3042 3195 3104 ergo
3222 3025 3430 3086 certis·

1863 3120 2092 3181 simum
2146 3138 2277 3182 esse
2324 3120 2511 3183 fidem
2558 3121 2936 3202 explicitam,
2962 3125 3185 3200 quarto
3219 3118 3427 3193 modo,

1868 3214 1971 3275 vel
2002 3213 2190 3275 etiam
2242 3216 2449 3291 tertio,
2504 3231 2632 3275 non
2674 3214 2863 3276 fuisse
2905 3220 3049 3274 aute
3092 3212 3429 3274 adventum

1865 3306 2089 3367 Christi
2113 3306 2390 3368 medium
2414 3308 2830 3369 necessarium
2874 3308 2953 3367 ad
2994 3306 3253 3367 salutem
3270 3320 3289 3382 3
3312 3302 3433 3363 hoc

1867 3400 2039 3461 enim
2096 3401 2469 3462 convincunt
2524 3402 2881 3463 testimonia
2948 3398 3281 3479 Scripturae
3322 3395 3433 3473 ad-

1865 3494 2073 3571 ducta,
2106 3499 2169 3555 et
2209 3494 2475 3555 rationes
2512 3494 2795 3556 secundae
2836 3492 3173 3555 sententiae.
3214 3490 3300 3551 De
3341 3506 3435 3549 se·

1867 3588 2071 3649 cundo
2104 3594 2313 3650 autem
2367 3588 2573 3665 modo,
2624 3592 2931 3668 quatenus
2968 3584 3293 3665 explicitus
3342 3588 3435 3643 est

1867 3687 2148 3760 respectu
2193 3680 2400 3760 primi,
2436 3679 2753 3761 probabile
2796 3686 2887 3741 cst
2922 3678 3111 3740 fuisse
3157 3675 3432 3738 medium

1871 3775 2311 3850 necessarium,
2340 3776 2530 3837 etiam
2567 3774 2678 3835 illo
2718 3779 3024 3854 tempore,
3060 3776 3311 3852 propter
3339 3786 3436 3829 ar-

1870 3875 2171 3948 gumenta
2192 3868 2407 3949 primae
2432 3870 2774 3932 sententiae.
2800 3866 3213 3930 Nihilominus
3226 3872 3437 3926 tamen

1873 3963 2255 4044 probabilius
2281 3964 2498 4041 judico
2540 3964 2815 4045 primum
2846 3961 3101 4023 modum
3141 3958 3284 4021 fidei
3322 3960 3439 4019 im-

1875 4057 2103 4137 plicitae
2122 4056 2309 4119 fuisse
2329 4056 2759 4132 sufficientem,
2788 4054 3155 4135 regulariter
3183 4051 3440 4132 loquen-

1875 4150 1957 4212 do
1989 4165 2009 4227 ;
2036 4150 2127 4210 ita
2176 4151 2345 4211 enim
2394 4168 2677 4230 expresse
2727 4149 2949 4211 docent
2977 4150 3045 4209 D.
3076 4145 3346 4207 Thomas
3380 4151 3443 4206 et

1877 4244 2063 4323 Hugo
2094 4244 2172 4305 de
2200 4246 2423 4305 Sancto
2446 4244 2715 4318 Victore,
2749 4262 2821 4304 ac
2846 4240 3007 4303 nihil
3052 4247 3144 4303 est
3180 4240 3344 4321 quod
3374 4238 3443 4300 in

1879 4338 2257 4397 contrarium
2306 4343 2525 4415 cogat3
2582 4354 2731 4397 nam
2789 4336 3172 4415 frequentius
3233 4332 3441 4413 Scrip-

1879 4435 2024 4490 tura
2064 4431 2266 4491 solum
2308 4430 2671 4510 pronuntiat
2694 4430 3008 4490 neminem
3034 4426 3301 4507 potuisse
3326 4422 3446 4486 sal-

1879 4522 2018 4583 vari
2030 4524 2151 4583 nisi
2170 4540 2281 4603 per
2300 4525 2593 4585 meritum
2625 4529 2687 4584 et
2702 4522 3186 4602 redemptionem
3196 4520 3442 4596 Christi,

1881 4616 2149 4696 indeque
2174 4617 2522 4697 colligimus
2552 4636 2792 4697 semper
2818 4616 3001 4677 fuisse
3034 4614 3445 4677 necessariam

1881 4709 2152 4789 aliquam
2203 4709 2391 4771 fidem
2438 4712 2593 4789 ejus,
2625 4710 2791 4789 quod
2820 4728 2929 4790 per
2970 4710 3160 4771 fidem
3186 4707 3449 4788 implici-

1881 4807 2013 4862 tam
2057 4802 2201 4862 satis
2236 4803 2440 4883 potuit
2501 4802 2825 4865 verificari.
2878 4804 3135 4877 Quando
3174 4820 3321 4864 vero
3374 4802 3451 4862 de

1881 4894 2007 4956 fide
2030 4895 2229 4974 magis
2272 4896 2558 4977 explicita
2606 4898 2920 4977 Scriptura
2963 4896 3262 4977 loquitur,
3322 4895 3453 4973 agit

1888 4989 2199 5069 praecipue
2263 4988 2340 5051 de
2396 4988 2519 5051 fide
2574 4989 2724 5052 novi
2796 4990 3193 5052 Testamenti.
3244 4990 3453 5069 Neque

1891 5082 2062 5142 enim
2090 5082 2255 5159 cogit
2278 5081 2657 5161 Augustinus
2679 5106 2697 5159 3
2726 5100 2874 5144 nam
2892 5090 3056 5145 certe
3076 5082 3354 5163 loquitur
3377 5082 3454 5143 de

1889 5170 2015 5233 fide
2043 5171 2328 5252 explicita
2351 5180 2573 5251 quarto
2598 5174 2806 5251 mod0,
2829 5174 3088 5255 ideoque
3111 5175 3457 5235 necessario

1891 5264 2299 5346 exponendus
2326 5273 2421 5329 est
2450 5266 2528 5328 de
2573 5264 2697 5329 fide
2730 5286 2868 5348 quse
2898 5286 3141 5349 semper
3180 5266 3301 5328 fuit
3350 5283 3457 5326 ne-

1889 5361 2153 5420 cessaria
2181 5357 2249 5419 in
2278 5376 2536 5441 corpore
2568 5360 2875 5435 Ecclesiae,
2904 5379 3031 5422 non
3064 5378 3211 5422 vero
3238 5351 3305 5421 in
3333 5358 3455 5419 sin·

1891 5452 2053 5533 gulis
2105 5454 2403 5533 personis,
2465 5460 2535 5515 ut
2596 5454 2778 5515 illum
2834 5455 3089 5535 exponit
3138 5454 3319 5533 Hugo
3384 5452 3463 5514 de

1894 5547 2121 5608 Sancto
2173 5546 2441 5609 Victore.
2495 5546 2763 5608 Aliunde
2821 5566 2967 5609 vero
3014 5547 3463 5628 imperfectioni
