3900 6217
709 445 880 500 SECT.
912 447 998 500 111.
1033 447 1118 500 AN
1149 445 1512 502 HAERETICUS
1545 447 1668 500 PER·
1695 447 1997 500 accmENs
2029 447 2345 502 occuL‘rth
2378 447 2511 502 Ipso
2544 447 2761 509 ramo.
2796 445 2930 504 ETC.

205 547 402 620 ,565516
433 553 498 610 61
534 565 716 623 115115,
765 549 908 609 11661
935 566 1098 628 saepe
1137 549 1459 628 proveniat
1510 567 1587 611 ex
1639 566 1780 630 pro-

215 643 354 720 prio
379 641 691 717 dominic,
734 646 933 722 potest
971 644 1160 704 etiam
1189 645 1441 706 aliunde
1485 644 1777 726 proveni-

214 753 284 795 re
299 751 323 812 3
368 753 516 814 ergo
571 735 760 797 etiam
807 735 874 796 in
925 735 1218 798 haeretico
1263 737 1465 816 potuit
1509 735 1779 815 relinqui

213 829 538 908 possessio,
583 837 645 890 et
690 828 912 908 aliquis
950 848 1120 903 65115,
1152 837 1214 890 61
1239 831 1626 910 consumptio
1667 830 1778 890 611-

213 940 484 1001 quorum
513 921 844 998 bonorum,
883 923 1014 984 sine
1043 924 1170 984 ullo
1197 925 1446 1004 proprio
1475 922 1773 984 dominio.

213 1015 469 1076 Dicetur
487 1015 743 1077 fortasse
765 1022 1146 1097 assumptum
1169 1035 1300 1078 6556
1317 1034 1562 1090 verum,
1583 1035 1778 1096 quan-

212 1108 295 1168 do
325 1110 622 1189 possessio
650 1115 712 1170 61
741 1128 890 1171 usus
918 1110 1264 1190 specialiter
1295 1109 1673 1185 conceditur,
1717 1114 1780 1170 et

211 1203 392 1280 quasi
423 1201 504 1262 ab
535 1203 908 1276 extrinsec03
952 1203 1054 1263 hic
1081 1209 1289 1264 autem
1334 1220 1462 1264 non
1499 1204 1588 1263 ita
1622 1220 1775 1277 esse,

213 1297 368 1376 qnia
400 1296 574 1358 nulla
611 1298 893 1376 specialis
935 1297 1438 1372 concessioffacta
1462 1304 1554 1359 est
1581 1297 1782 1359 haere·

211 1392 378 1467 ticis,
409 1390 536 1464 scd,
591 1409 663 1454 eo
701 1392 832 1468 ipso
869 1393 1031 1471 quod
1059 1411 1186 1453 non
1219 1393 1547 1474 privantur
1575 1393 1775 1469 1161115,

211 1501 289 1544 ex
321 1489 547 1544 natura
573 1485 664 1545 rei
697 1489 760 1545 et
806 1485 886 1545 ab
927 1486 1260 1546 intrinseco
1306 1491 1632 1546 censentur
1670 1485 1782 1546 ha-

210 1575 364 1637 here
399 1577 635 1655 justam
681 1577 1124 1658 possessionem
1142 1625 1160 1654 ,
1213 1584 1275 1639 et
1331 1595 1512 1639 usum
1560 1578 1780 1638 talium

211 1669 560 1744 bonorum3
594 1687 743 1750 6136
793 1671 1041 1748 signum
1081 1674 1173 1730 est
1215 1670 1442 1733 habere
1484 1671 1655 1732 illam
1703 1690 1780 1732 ex

209 1763 276 1823 vi
307 1763 592 1824 dominii.
629 1763 744 1824 Sed
787 1764 990 1825 adhuc
1026 1770 1241 1826 contra
1261 1764 1398 1824 haec
1423 1763 1608 1839 insto,
1631 1766 1780 1844 qnia

209 1857 347 1918 11666
380 1857 592 1916 omnia
619 1855 754 1918 fieri
779 1862 1038 1937 possunt
1062 1859 1194 1918 sine
1223 1857 1447 1918 actuali
1477 1858 1777 1935 dominio,

209 1967 288 2009 ex
311 1949 376 2008 vi
402 1947 831 2028 praecedentis,
857 1956 918 2010 et
937 1950 1076 2029 jure
1104 1967 1230 2010 non
1259 1949 1647 2030 prohibente.
1673 1953 1780 2046 {ist

209 2043 384 2102 enim
405 2042 920 2103 considerandum
939 2042 1040 2102 hic
1061 2061 1190 2103 non
1218 2043 1780 2122 esseznecessariam

208 2135 545 2214 specialem
586 2136 1034 2208 concessionem
1056 2181 1076 2211 ,
1129 2135 1305 2215 quasi
1348 2135 1605 2215 positive
1657 2135 1781 2196 fac-

209 2234 342 2289 tam
373 2247 412 2289 a
437 2228 608 2302 fisco,
631 2229 730 2290 vel
769 2249 806 2290 a
833 2231 994 2310 lege,
1026 2228 1132 2291 sed
1157 2230 1303 2290 satis
1330 2247 1457 2290 esse
1483 2229 1646 2308 qnod
1677 2228 1776 2289 lex

206 2339 338 2383 non
365 2324 606 2384 auferat
630 2329 832 2385 totum
864 2325 927 2385 id
947 2371 966 2400 ‚
998 2324 1162 2404 quod
1192 2322 1380 2384 homo
1418 2329 1562 2384 ante
1612 2341 1778 2384 com-

207 2417 468 2477 missam
499 2417 780 2478 haeresim
805 2418 872 2478 in
898 2417 1078 2478 bonis
1107 2418 1234 2478 suis
1259 2415 1547 2478 habebat.
1577 2417 1776 2477 Antea

205 2527 361 2569 vero
406 2508 674 2570 habehat
701 2511 1048 2572 dominium
1067 2555 1088 2586 ,
1118 2515 1180 2570 et
1215 2509 1680 2592 possessionem,
1712 2516 1775 2570 et

205 2617 432 2676 usum3
478 2603 761 2680 quamvis
804 2623 950 2684 6136
989 2605 1088 2665 lex
1127 2603 1475 2664 dominium
1510 2603 1775 2664 abstule-

206 2699 316 2772 rit,
344 2715 418 2758 eo
453 2699 585 2780 ipso
615 2698 780 2778 quod
809 2705 1030 2760 caetera
1065 2715 1193 2759 non
1221 2695 1496 2772 abstulit,
1528 2715 1602 2758 ea
1629 2715 1773 2760 con-

205 2792 480 2868 cessisse,
511 2792 698 2852 etiam
727 2792 962 2871 absque
989 2791 1288 2866 dominio,
1317 2790 1415 2851 vel
1443 2791 1643 2870 potius
1675 2810 1772 2852 re-

207 2883 486 2963 liquisse,
529 2885 940 2947 existImanda
967 2893 1079 2946 est.

289 2981 350 3038 5.
399 2979 678 3042 Tertium
720 2980 1197 3054 fundamentum.
1216 2977 1585 3038 —Tertium
1623 2993 1770 3054 ergo

210 3075 273 3132 et
317 3070 586 3132 solidum
639 3070 1116 3132 fundamentum
1157 3087 1287 3132 esse
1329 3070 1594 3144 videtur,
1625 3071 1772 3148 quia

203 3163 307 3224 lex
359 3170 608 3226 tantum
662 3163 955 3224 confiscat.
1007 3163 1171 3226 bona
1200 3180 1221 3242 3
1277 3163 1382 3224 sed
1432 3163 1510 3222 ad
1551 3161 1772 3223 confis-

200 3255 515 3318 cationem
555 3275 666 3337 per
713 3273 776 3317 se
805 3263 869 3317 et
897 3257 1228 3318 intrinsece
1261 3275 1387 3316 non
1429 3261 1522 3316 est
1567 3274 1772 3316 neces-

203 3349 371 3410 saria
398 3349 632 3410 ablatio
661 3349 959 3423 dominii;
992 3367 1140 3428 ergo
1191 3366 1318 3409 non
1356 3349 1632 3410 aufertur
1661 3367 1773 3430 per

201 3441 421 3505 talem.
472 3443 922 3522 Consequentia
968 3447 1140 3502 tenet
1179 3457 1253 3503 ex
1284 3440 1391 3502 illo
1439 3442 1766 3522 principi0‚

200 3537 372 3616 quod
412 3554 595 3618 poena
627 3537 1046 3618 restrinyenda
1093 3540 1206 3610 est,
1255 3539 1548 3616 quantum
1596 3537 1773 3598 verba

201 3629 360 3708 lepis
377 3633 734 3711 patiuntur.
768 3629 964 3706 Major
985 3646 1134 3689 vero
1164 3646 1237 3689 ex
1265 3629 1427 3712 dicto
1453 3647 1586 3710 cap.
1624 3625 1771 3692 Cum

202 3727 531 3787 seeundum
557 3725 735 3806 leyes,
763 3723 1050 3784 habetur.
1083 3721 1286 3784 Minor
1315 3727 1524 3782 autem
1554 3721 1772 3801 proba-

204 3823 309 3875 tur
347 3816 658 3896 imprimis
698 3833 774 3878 ex
826 3816 962 3876 aliis
993 3814 1273 3894 juribus,
1322 3813 1365 3874 1.
1405 3814 1554 3890 ult.,
1596 3814 1663 3875 ff.
1695 3815 1770 3874 de

205 3909 528 3970 Publiean.
559 3917 621 3969 et
645 3909 972 3988 Vectigal„
995 3909 1118 3988 leg.
1153 3908 1303 3971 Cum
1331 3907 1579 3982 ancilla,
1603 3907 1668 3970 C.
1695 3907 1770 3968 de

203 4003 484 4062 Incoestis
528 4003 786 4082 nuptiis,
833 4018 886 4062 c.
931 4003 1041 4066 Ita
1071 4001 1500 4084 quorumdam,
1546 3999 1622 4060 de
1661 4001 1772 4061 Ju-

207 4094 386 4171 daeis,
419 4093 482 4153 in
515 4094 734 4173 quibus
757 4095 1003 4175 juribus
1031 4091 1440 4156 confiscantur
1457 4091 1622 4153 bona
1641 4094 1774 4154 sine

205 4187 525 4248 ablatione
541 4188 798 4248 dominii
809 4185 1058 4248 ‚Deinde
1073 4185 1388 4266 probatur,
1403 4185 1549 4264 quia
1563 4203 1660 4245 om
1668 4203 1775 4246 nes

207 4280 317 4340 alii
351 4279 606 4341 effectus
642 4279 1092 4341 confiscationis
1121 4283 1376 4360 possunt
1422 4277 1769 4354 subsistere,

207 4380 414 4434 stante
443 4373 748 4448 dominic,
780 4373 992 4454 quales
1016 4379 1183 4445 sunt,
1213 4371 1382 4451 quod
1410 4370 1576 4431 bona
1599 4368 1708 4431 illa
1738 4389 1775 4430 a

205 4468 310 4528 die
349 4467 626 4528 criminis
660 4468 785 4528 sint
813 4465 1086 4544 obligata
1121 4466 1298 4536 fisc03
1331 4481 1476 4524 nam
1506 4464 1626 4524 hoc
1654 4468 1770 4523 sta-

207 4580 276 4622 re
305 4567 512 4640 potest
537 4579 679 4621 cum
719 4559 1033 4633 dominio,
1064 4559 1226 4618 sicut
1250 4557 1596 4638 hypotheca
1624 4554 1776 4616 obli-

207 4661 398 4731 gatur
419 4653 731 4726 creditori,
763 4652 1047 4732 quamvis
1074 4651 1426 4710 dominium
1465 4651 1599 4727 ejus
1644 4667 1776 4708 ma-

207 4751 360 4806 neat
388 4746 551 4824 apud
585 4745 951 4806 debitorem.
981 4743 1136 4804 11616
1173 4743 1337 4824 quod
1370 4742 1776 4802 alienationes

207 4837 661 4920 prohibeantur
675 4854 695 4915 3
725 4855 872 4898 nam
899 4837 1018 4897 hoc
1057 4839 1243 4896 etiam
1269 4841 1390 4896 stat
1413 4853 1553 4896 cum
1579 4835 1775 4895 domi-

209 4931 342 5007 nio,
366 4937 436 4990 ut
463 4930 628 4992 bona
669 4931 1010 5009 majoratus
1038 4928 1298 4990 alienari
1336 4945 1463 4988 666
1496 4933 1772 5006 possunt,

209 5031 272 5085 et
297 5023 706 5085 nihilominus
736 5023 1086 5084 dominium
1117 5039 1336 5083 eorum
1382 5025 1472 5082 est
1501 5018 1665 5100 apud
1693 5018 1778 5080 16-

206 5117 434 5197 31111116
464 5117 894 5196 possidentem.

289 5211 354 5272 6.
403 5210 564 5274 Duce
594 5208 906 5274 sententiae
950 5209 1161 5273 relatoe
1189 5209 1388 5291 maqis
1414 5206 1482 5268 in
1503 5206 1670 5268 modo
1697 5205 1783 5267 Ζο-

209 5305 434 5388 quendi
468 5321 646 5386 quam
684 5306 751 5365 in
796 5321 862 5365 re
908 5303 1603 5384 discrepant.—Modus
1633 5300 1782 5362 illas

211 5397 610 5461 concordandi
637 5399 804 5479 apud
827 5397 1038 5460 Covar.
1067 5395 1366 5476 displicet.
1388 5394 1643 5456 —Item
1662 5407 1786 5452 mo-

213 5495 325 5554 dus
357 5492 524 5555 alius
553 5491 719 5572 apud
747 5489 1023 5554 Simanc.
1048 5487 1522 5552 —Probabilior
1551 5487 1780 5547 modus.

3305 443 3424 511 565

1859 568 1932 611 ex
1966 556 2140 630 parte
2169 569 2298 612 esse
2325 550 2403 612 de
2434 549 2618 611 modo
2654 550 2972 630 loquendi,
3006 555 3056 615 si
3092 555 3242 618 alias
3276 574 3423 618 con-

1859 643 2185 704 veniamus
2230 644 2295 704 in
2341 642 2657 704 effectibus
2702 644 2889 724 hujus
2935 667 3156 728 poenae.
3198 649 3423 728 Negat-i

1860 735 2031 796 enim
2057 755 2185 797 non
2205 742 2403 816 potest
2430 738 2580 816 quin
2602 743 2745 798 ante
2773 741 3142 802 sententiam
3172 741 3423 822 aliquod

1857 829 1957 908 jus
1987 829 2151 891 reale
2186 831 2345 891 61166
2386 829 2534 891 16116
2574 829 2740 892 bona
2787 834 3193 896 transferatur
3218 835 3285 896 in
3314 835 3417 896 fis-

1860 941 2026 1000 cum,
2063 942 2138 984 ex
2172 925 2233 984 vi
2263 927 2441 1004 cujus
2473 924 2661 1004 possit
2691 944 2727 985 a
2755 925 2854 986 die
2883 929 3160 990 criminis
3182 930 3288 990 illa
3312 929 3421 990 bo·-

1861 1037 1942 1078 na
1980 1036 2367 1098 recuperare,
2410 1016 2782 1097 ubicumque
2824 1020 2931 1081 illa
2974 1022 3313 1096 invenerit,
3358 1029 3422 1084 et

1859 1129 1972 1192 pro
2008 1111 2129 1172 illis
2156 1111 2482 1172 convenire
2528 1110 2863 1188 haeredem,
2911 1113 3010 1174 vel
3048 1133 3421 1194 quemcum-

1861 1223 1983 1283 que
2028 1205 2222 1265 alium
2269 1204 2703 1284 possidentem,
2751 1205 2937 1266 etiam
2978 1213 3115 1286 post
3155 1214 3419 1269 mortem

1859 1297 2299 1377 delinquentis
2331 1297 2509 1359 Unde
2536 1297 2606 1358 fit
2636 1297 2882 1377 aliquod
2909 1297 3014 1378 j‘us
3043 1301 3109 1361 in
3138 1300 3289 1363 talia
3312 1301 3421 1362 bo-

1860 1409 1942 1451 na
1992 1390 2269 1451 ablatum
2310 1409 2439 1452 esse
2479 1410 2517 1451 a
2568 1390 2757 1470 priori
2806 1390 3083 1468 dominc,
3123 1400 3421 1454 6166656-

1859 1491 2125 1563 quenter
2145 1483 2495 1545 dominium
2524 1483 2655 1562 ejus
2682 1483 3065 1546 infirmatum
3094 1485 3305 1563 fuisse,
3323 1487 3423 1547 vel

1860 1575 2068 1655 aliquo
2102 1577 2283 1637 modo
2326 1577 2623 1639 ablatum.
2668 1577 2763 1638 An
2801 1596 2949 1639 vero
2976 1579 3131 1639 illud
3165 1580 3265 1659 jus
3292 1580 3421 1640 fisci

1860 1669 2300 1748 appellandum
2330 1673 2410 1732 sit
2455 1671 2804 1732 dominium
2840 1671 2936 1732 illi
2974 1673 3211 1749 datum,
3238 1679 3300 1734 et
3341 1673 3421 1734 ab

1859 1763 2053 1824 altero
2096 1763 2398 1840 ablatum,
2424 1764 2669 1827 videtur
2694 1763 2897 1826 solum
2923 1764 3004 1828 ad
3045 1767 3295 1827 modum
3332 1766 3420 1826 lo-

1858 1857 2093 1937 quendi
2128 1859 2454 1938 pertinere.
2490 1857 2787 1924 Similiter
2814 1863 2907 1920 est
2935 1864 3199 1935 certum,
3223 1861 3421 1922 delin-

1859 1958 2175 2032 quentem,
2197 1959 2533 2032 antequam
2561 1953 3029 2026 condemnetur,
3071 1973 3196 2016 non
3220 1956 3421 2016 solum

1861 2042 2090 2106 habere
2112 2045 2213 2124 jus
2245 2045 2613 2123 possidendi,
2632 2045 2739 2107 sed
2763 2046 2950 2108 etiam
2968 2065 3115 2108 vere
3130 2047 3413 2110 fruendi:

1859 2155 2007 2199 nam
2042 2155 2183 2198 vere
2207 2137 2355 2198 facit
2389 2137 2625 2198 fructus
2665 2156 2835 2214 51165,
2880 2140 3037 2200 516111
3088 2141 3165 2202 de
3206 2142 3423 2203 fructi-

1857 2229 1975 2290 bus
2000 2230 2283 2292 beneficii
2311 2249 2497 2310 supra
2531 2231 2823 2292 diximus.
2852 2233 3002 2294 Item
3028 2232 3133 2295 ille
3165 2235 3252 2296 sic
3280 2252 3421 2313 pos·
3512 2263 3523 2270 ·

1857 2325 2063 2385 sidens
2100 2323 2249 2385 talia
2280 2324 2445 2385 bona
2481 2330 2677 2404 potest
2705 2325 2922 2386 saltem
2950 2325 3151 2386 valide
3174 2326 3282 2387 illa
3309 2328 3418 2389 do-

1858 2435 2032 2492 nare,
2063 2417 2161 2478 vel
2188 2417 2491 2494 alienare,
2514 2435 2587 2479 66
2611 2417 2796 2480 modo
2826 2438 2949 2499 quo
2988 2419 3095 2479 illa
3128 2420 3415 2498 possidet,

1856 2519 1927 2571 ut
1949 2510 2233 2589 sequenti
2261 2512 2531 2573 sectione
2558 2511 2853 2588 (1166111115,
2885 2519 2947 2573 61
2974 2512 3054 2574 611
3085 2512 3203 2574 1166
3233 2512 3420 2574 habet

1855 2605 2175 2684 proprium
2221 2605 2348 2684 juS,
2406 2623 2529 2684 quo
2578 2611 2724 2666 ante
2778 2606 3148 2666 sententiam
3185 2605 3416 2688 privari

1853 2715 1981 2758 non
2013 2703 2231 2776 potest.
2258 2699 2455 2776 Igitur
2478 2715 2557 2758 an
2589 2699 2691 2776 jus
2718 2696 2898 2774 illud,
2930 2697 3063 2760 11166
3085 2699 3297 2760 omnia
3324 2698 3418 2758 in-

1853 2791 2127 2866 61611665,
2180 2789 2621 2871 appellandum
2660 2791 2740 2850 sit
2790 2792 3161 2868 dominium,
3194 2810 3413 2864 necne,

1853 2883 2041 2944 etiam
2071 2883 2319 2944 videtur
2352 2884 2428 2944 ad
2459 2883 2659 2944 solum
2699 2902 2928 2945 nomen
2975 2887 3305 2963 pertinere.
3340 2886 3431 2960 Etv

1852 2976 1994 3036 ideo
2029 2975 2221 3055 aliqui
2249 2975 2746 3037 distinctionibus
2773 2971 3036 3038 utuntur
3076 2992 3092 3038 ε
3129 2995 3275 3038 nam
3304 2977 3417 3038 Co·

1853 3087 2015 3144 var„
2052 3069 2117 3128 in
2154 3071 2195 3130 4
2236 3067 2561 3142 Decretal.,
2594 3088 2656 3148 p.
2688 3071 2790 3144 26,
2840 3087 2892 3131 c.
2934 3071 2996 3146 6,
3027 3069 3065 3150 ἓ
3092 3071 3153 3146 8,
3191 3089 3253 3130 n.
3287 3073 3326 3132 9
3356 3077 3418 3132 61

1854 3163 1955 3237 10,
1987 3161 2296 3240 significat
2322 3178 2497 3222 reum
2527 3161 2757 3223 habere
2788 3161 3136 3224 dominium
3186 3164 3251 3222 in
3280 3164 3414 3226 toro

1853 3255 2266 3330 conscientiae,
2320 3253 2538 3314 fiscum
2585 3272 2731 3314 vero
2787 3255 2853 3315 in
2897 3254 3178 3334 judiciali
3205 3278 3221 3330 ;
3276 3274 3415 3334 quae

1851 3350 2048 3411 verba
2094 3350 2251 3410 mihi
2294 3368 2422 3410 non
2451 3350 2539 3410 ita
2570 3349 2852 3429 placent,
2896 3351 3043 3430 quia
3071 3351 3124 3410 si
3154 3357 3415 3429 uterque

1852 3441 2103 3521 aliquod
2157 3443 2508 3502 dominium
2559 3441 2747 3505 habet
2800 3447 2945 3504 ante
3000 3443 3372 3506 sententiam
3390 3487 3411 3518 ,

1852 3536 2127 3615 profecto
2170 3554 2282 3614 pro
2330 3534 2436 3597 illo
2466 3541 2629 3596 statu
2672 3536 2739 3596 in
2787 3541 3050 3615 utroque
3079 3536 3213 3596 foro
3260 3535 3416 3596 illud

1849 3628 2059 3689 habet.
2112 3629 2383 3690 Simanc.
2443 3647 2587 3692 vero
2642 3629 2972 3706 distinguit
3017 3629 3093 3689 de
3138 3627 3415 3688 dominio

1851 3722 2147 3796 naturali,
2176 3728 2238 3782 et
2268 3723 2459 3799 civili,
2504 3729 2565 3784 et
2605 3721 2891 3783 naturale
2919 3723 3071 3782 dicit
3092 3739 3219 3784 6556
3248 3721 3413 3800 apud

1851 3832 2051 3888 reum,
2082 3814 2261 3876 civile
2285 3815 2449 3895 apud
2487 3815 2725 3877 fiscum.
2755 3814 2874 3876 Sed
2911 3815 3044 3876 hoec
3074 3814 3261 3876 verba
3290 3832 3417 3876 mc-

1853 3907 1977 3969 lius
2004 3907 2082 3967 ad
2112 3909 2550 3987 possessionem
2581 3926 2771 3987 quam
2810 3909 2887 3969 ad
2915 3908 3261 3969 dominium
3310 3927 3417 3988 ap-

1855 4000 2069 4080 plicari
2094 4000 2291 4062 solent
2306 4017 2327 4080 3
2354 4020 2499 4062 nam
2530 4001 2877 4062 dominium
2904 4001 3148 4081 proprie
3172 4000 3417 4061 nullum

1853 4099 1945 4154 est
1974 4093 2254 4156 naturale
2304 4095 2467 4155 circa
2495 4095 2630 4156 haec
2670 4093 2833 4156 bona
2860 4095 3147 4155 fortunae.
3193 4092 3416 4154 Proba-

1853 4186 2039 4248 bilius
2070 4206 2218 4265 ergo
2255 4187 2503 4248 videtur
2546 4187 2848 4266 distingui
2894 4206 3068 4268 posse
3115 4187 3189 4247 de
3218 4186 3420 4246 domi-

1854 4280 1961 4340 nio
1994 4280 2131 4340 utili
2160 4287 2221 4341 et
2252 4280 2515 4359 direct03
2547 4298 2695 4340 nam
2724 4279 2877 4341 utile
2900 4280 3065 4358 apud
3090 4297 3267 4340 reum
3290 4296 3421 4339 ma·

1855 4392 2002 4435 nere
2029 4373 2295 4450 videtur,
2320 4373 2625 4436 directum
2652 4379 2863 4434 autem
2891 4372 2971 4434 ad
3005 4373 3221 4433 fiscum
3248 4378 3421 4432 tran-

1854 4469 2007 4541 5116,
2044 4485 2190 4526 nam
2230 4466 2348 4526 hoc
2383 4465 2677 4528 videntur
2718 4465 2980 4544 probare
3014 4465 3422 4525 fundamenta

1853 4560 2176 4638 utriusque
2203 4559 2547 4635 sententias,
2580 4565 2642 4620 et
2681 4565 2883 4638 potest
2909 4557 3202 4638 explicari
3230 4558 3307 4617 ad
3339 4556 3419 4618 si-

1857 4651 2274 4712 militudinem
2312 4651 2773 4731 emphytheosis
2798 4667 2820 4729 3
2848 4668 2994 4712 nam
3019 4650 3427 4729 emphyteuta

1856 4743 2122 4824 acquiiit
2162 4743 2508 4804 dominium
2542 4743 2720 4820 utile,
2765 4751 2827 4804 et
2870 4741 3176 4804 directum
3212 4747 3424 4802 manet

1855 4837 2020 4916 apud
2066 4837 2389 4898 dominum
2440 4836 2642 4912 fundi,
2674 4837 2959 4916 quamvis
3010 4837 3425 4898 necessarium

1856 4948 1985 4990 non
2016 4931 2095 4990 sit
2140 4929 2495 5010 exemplum
2533 4935 2745 4991 tenere
2784 4929 2849 4990 in
2889 4927 3202 5001 omnibus,
3231 4933 3302 4988 ut
3334 4928 3423 4988 vi-

1860 5023 2172 5084 dabimus.

1941 5118 2001 5177 7.
2029 5115 2186 5180 Ante
2199 5117 2435 5196 judicis
2466 5116 2859 5180 executionem
2886 5133 3003 5178 non
3024 5120 3259 5178 tenetur
3284 5133 3425 5178 reus

1865 5210 2037 5272 bona.
2080 5209 2465 5290 quantumvis
2511 5211 2661 5286 fisco
2700 5211 3075 5291 adjudicata,
3104 5209 3162 5272 ez·
3186 5209 3438 5288 offerre,-

1863 5304 1973 5364 sed
2020 5302 2351 5365 executioni
2404 5321 2525 5366 non
2580 5303 2833 5365 obstare.
2862 5335 2941 5348 —
2969 5301 3087 5362 Sed
3142 5319 3383 5380 quaeres
3405 5345 3425 5373 ,

1865 5393 2115 5474 quando
2147 5401 2283 5472 post
2310 5396 2677 5456 sententiam
2725 5394 2913 5456 latam
2945 5395 3189 5456 amittat
3228 5393 3428 5452 116116-

1865 5489 2029 5549 116115
2058 5488 2122 5548 16
2154 5487 2529 5548 conscientia
2552 5487 2703 5548 illud
2741 5487 3089 5548 dominium
3116 5485 3289 5557 utile,
3318 5503 3428 5545 seu

213 5582 618 5646 -Dissensio
640 5581 803 5645 inter
830 5584 944 5644 has
981 5583 1303 5664 opiniones
1329 5586 1529 5664 potest
1559 5596 1789 5660 magna
1869 5586 2071 5642 totum
2095 5581 2247 5642 illud
2264 5581 2371 5662 jus
2401 5580 2566 5661 quod
2590 5581 2655 5640 in
2680 5579 2855 5642 bonis
2882 5581 3008 5642 suis
3034 5585 3214 5641 antea
3242 5576 3430 5640 habe-
