3900 6217
963 413 1133 466 sncT.
1171 413 1298 467 vm.
1333 412 1414 466 DE
1447 411 1804 464 nunssloun
1833 411 1914 466 m·
1947 413 2374 470 consummas
2406 415 2560 471 sel-21.

177 509 450 596 Spiritus
513 511 739 577 Sancti
791 515 1053 577 nondum
1104 512 1506 576 inhabitantis
1517 537 1544 585 ;
1588 519 1724 574 tum

175 608 351 669 etiam
367 604 514 684 quia
537 622 615 666 ex
640 605 872 666 eisdem
885 604 1031 666 locis
1057 612 1294 667 certum
1311 611 1402 667 est
1416 611 1626 666 actum
1649 605 1726 666 ti-

55 769 66 782 ,
170 699 350 761 moris
363 697 846 778 supernaturalis
860 717 990 760 esse
1011 699 1077 758 in
1097 705 1432 778 peccatore.
1451 698 1725 777 Denique

170 811 333 856 sacra
360 791 675 872 Scriptura
691 791 920 872 passim
950 810 1060 873 per
1075 793 1189 854 hos
1211 799 1384 854 actus
1411 791 1650 852 timoris
1663 795 1728 852 et

169 887 292 968 spei
344 892 550 949 movet
599 893 942 966 peccatores
997 886 1074 948 ad
1117 886 1585 967 poenitentiam3
1647 885 1726 946 de

172 980 385 1042 habitu
413 997 560 1041 vero
607 999 734 1040 non
784 980 1034 1042 invenio
1064 997 1413 1060 expressam
1461 979 1726 1042 mentio-

175 1093 340 1151 nem,
377 1091 494 1137 nec
523 1071 986 1149 definitionem
1037 1080 1247 1136 tamen
1295 1073 1452 1134 mihi
1497 1078 1588 1136 est
1627 1090 1726 1136 res

168 1175 351 1246 certa,
380 1175 451 1229 ut
481 1169 547 1229 in
576 1169 838 1229 materia
865 1169 943 1230 de
969 1168 1179 1230 Gratia
1207 1167 1339 1230 dixi
1369 1173 1386 1207 ¹
1401 1186 1423 1248 3
1451 1187 1598 1228 nam
1634 1173 1727 1230 est

165 1282 408 1346 prorsus
438 1263 653 1325 eadem
683 1263 843 1324 ratio
874 1261 949 1324 de
983 1282 1088 1344 spe
1117 1283 1255 1343 quae
1283 1263 1358 1324 de
1388 1263 1525 1326 tide.

241 1359 299 1418 3.
341 1355 623 1420 Secunda
649 1357 948 1420 conclusio
973 1375 1104 1420 cum
1123 1356 1356 1440 triplici
1383 1356 1721 1421 corollario.

175 1489 246 1497 —
276 1453 428 1514 Dico
469 1452 736 1514 secundo
771 1471 784 1512 :
819 1453 886 1516 in
934 1470 1324 1533 quocumque
1351 1472 1482 1515 non
1508 1461 1600 1515 est
1627 1472 1727 1516 co-

165 1543 361 1621 gnitio
401 1544 637 1619 infusa,
674 1564 790 1607 nec
853 1545 984 1606 ulla
1039 1547 1309 1625 cognitio
1361 1553 1725 1628 supernatu-

167 1638 332 1712 raliS,
367 1656 493 1699 non
527 1645 618 1700 est
663 1658 820 1720 spes.
871 1639 1014 1702 Haec
1073 1641 1385 1702 conclusio
1429 1647 1600 1721 patet
1648 1659 1726 1702 ex

167 1731 486 1811 superiori,
519 1737 581 1793 et
611 1732 886 1812 sequitur
913 1751 991 1795 ex
1025 1751 1101 1795 ea
1131 1733 1354 1814 prim0,
1381 1752 1554 1813 spem
1597 1751 1724 1794 non

167 1843 418 1888 manere
459 1827 526 1886 in
583 1825 908 1903 haereticis,
945 1833 1080 1889 tum
1126 1827 1272 1906 quia
1319 1834 1530 1888 carent
1569 1827 1721 1906 fide3

165 1925 294 1978 tum
323 1919 472 1998 quia
503 1919 663 1980 sicut
682 1926 826 1980 sunt
849 1919 1194 2002 indispositi
1221 1919 1298 1980 ad
1321 1920 1722 1996 credendum,

165 2013 246 2072 ita
277 2012 471 2074 etiam
495 2012 574 2073 ad
610 2013 984 2093 sperandum
997 2029 1020 2092 ;
1046 2031 1238 2093 quare
1255 2019 1575 2093 peccatum
1598 2013 1726 2100 hae-

164 2105 332 2179 resis,
372 2103 517 2166 licet
547 2123 672 2165 non
724 2105 1090 2184 formaliter,
1133 2112 1344 2167 tamen
1376 2106 1728 2168 radicaliter

165 2196 498 2278 opponitur
524 2198 675 2278 spei.
699 2197 1001 2276 Secund0,
1025 2199 1305 2280 sequitur
1321 2201 1389 2261 in
1417 2199 1727 2262 damnatis

167 2310 284 2351 non
339 2308 590 2352 manere
639 2309 860 2374 spem:
899 2295 1126 2372 primo,
1156 2293 1304 2373 quia
1347 2293 1413 2354 in
1462 2295 1550 2354 eis
1598 2311 1723 2354 non

167 2389 377 2444 manet
418 2381 588 2460 fides,
621 2402 822 2465 neque
861 2385 991 2446 ulla
1047 2385 1318 2465 cognitio
1351 2393 1724 2466 supernatu-

167 2475 312 2536 ralis
329 2491 352 2553 ;
402 2477 670 2540 secundo
684 2523 706 2554 ,
765 2479 913 2558 quia
970 2479 1036 2540 in
1088 2497 1339 2561 poenam
1402 2482 1727 2560 privantur

167 2567 342 2628 omni
370 2568 534 2631 dono
577 2570 1070 2650 supernaturali3
1109 2573 1312 2648 tertio,
1340 2573 1488 2653 quia
1515 2573 1582 2634 in
1601 2573 1728 2654 pri-

168 2678 266 2721 mo
317 2663 576 2722 instanti
621 2661 1038 2726 damnationis
1095 2665 1338 2745 (inquit
1374 2665 1723 2742 Durandus,

169 2753 230 2813 in
257 2757 326 2830 3,
362 2754 502 2819 dist.
527 2757 630 2833 27,
651 2765 866 2838 quaest.
897 2757 961 2834 3,
995 2774 1238 2821 numer.
1274 2760 1343 2836 7)
1367 2759 1728 2840 desperant3

168 2849 338 2910 unde
375 2851 615 2912 ratione
663 2857 856 2914 status
887 2859 1194 2934 repugnat
1221 2852 1345 2915 illis
1375 2871 1516 2934 spes
1548 2871 1563 2914 ε
1589 2871 1734 2934 sup-

171 2942 463 3020 ponimus
492 2943 658 3005 enim
687 2963 900 3025 poenas
918 2945 1054 3008 illas
1074 2963 1201 3008 esse
1223 2946 1735 3022 aeten1a3,illam-

173 3053 284 3116 que
321 3037 735 3100 aeternitatem
783 3043 910 3100 non
965 3037 1157 3101 latere
1203 3040 1548 3118 damnatos,
1581 3057 1730 3102 nam

171 3131 444 3192 maxime
464 3137 696 3212 spectat
714 3132 790 3194 ad
820 3133 1191 3213 condignam
1219 3152 1432 3198 eorum
1453 3152 1728 3216 posnam.

169 3229 234 3282 ut
289 3223 484 3284 Divus
532 3221 802 3288 Thomas
857 3225 1131 3289 declarat
1171 3230 1230 3290 2.
1267 3231 1328 3303 2,
1381 3234 1592 3310 quaest.
1625 3231 1727 3305 17,

168 3317 353 3378 artic.
392 3315 452 3378 3.
491 3317 663 3381 Unde
691 3318 784 3396 fit,
811 3327 882 3380 ut
899 3320 1182 3399 judicent
1205 3320 1324 3382 sibi
1354 3321 1732 3401 impossibile

168 3427 294 3470 esse
341 3407 554 3472 beatos
592 3417 655 3473 et
684 3431 812 3476 non
845 3414 1122 3488 miseros,
1147 3421 1210 3476 et
1250 3415 1396 3478 inde
1423 3421 1567 3478 sunt
1595 3431 1731 3476 om·-

168 3503 322 3563 nino
352 3502 698 3584 indispositi
719 3506 800 3568 ad
824 3507 1203 3586 sperandum
1241 3525 1372 3568 non
1397 3507 1598 3570 solum
1625 3524 1734 3588 spe

169 3595 400 3674 infusa,
430 3599 533 3660 sed
561 3598 749 3660 ctiam
773 3601 1075 3680 acquisita
1101 3600 1395 3677 naturali,
1423 3601 1730 3682 quomodo

171 3689 373 3770 magis
409 3698 554 3752 sunt
581 3691 900 3774 incapaces
943 3694 1074 3774 spei
1105 3713 1294 3775 quam
1339 3692 1506 3768 fidei,
1529 3700 1598 3756 ut
1623 3693 1730 3755 ad-

171 3783 362 3845 vertit
411 3785 481 3846 D.
519 3786 810 3864 Thomas,
851 3795 970 3850 art.
1013 3788 1120 3850 illo
1165 3790 1224 3868 3,
1261 3789 1338 3850 ad
1377 3794 1439 3854 2.
1497 3788 1727 3863 Tertio,

171 3877 458 3955 sequitur
478 3878 546 3940 in
569 3879 780 3961 pueris
809 3879 1259 3944 discedentibus
1281 3899 1422 3944 cum
1453 3882 1584 3944 solo
1611 3881 1731 3942 ori-

169 3969 369 4047 ginali
401 3990 530 4035 non
552 3991 682 4034 esse
701 3992 900 4056 spem,
917 3994 1046 4038 non
1073 3976 1219 4056 quia
1239 3976 1411 4037 illam
1445 3975 1728 4056 perdant,

170 4061 274 4122 sed
321 4064 468 4143 quia
489 4084 617 4128 non
645 4065 1000 4130 habuerunt
1021 4087 1319 4150 unquam,
1349 4087 1464 4130 nec
1481 4072 1737 4149 possunt

173 4162 350 4218 actus
373 4157 510 4238 ejus
525 4160 770 4238 elicere,
791 4163 1074 4244 quamvis
1099 4181 1304 4243 neque
1331 4163 1577 4244 proprie
1602 4162 1734 4224 des-

173 4258 418 4330 perent,
450 4253 556 4314 sod
610 4255 787 4336 quasi
829 4256 1114 4334 negative
1159 4273 1226 4318 se
1267 4255 1562 4334 habeant,
1587 4254 1736 4336 quia

172 4362 272 4406 res
301 4347 801 4426 supernaturales
829 4350 1144 4428 ignorant.

253 4443 322 4503 4.
367 4442 578 4506 Tertia
610 4443 909 4508 conclusio
931 4462 1080 4508 cum
1118 4443 1354 4530 triplici
1393 4445 1732 4510 corollario.

169 4569 253 4582 —
279 4538 381 4600 De
421 4554 525 4620 epe
568 4539 912 4602 animarum
943 4539 1316 4622 pzorqatorii,
1361 4539 1430 4602 in
1479 4543 1634 4602 tomo
1671 4541 1742 4604 de

173 4631 436 4708 Poenit„
473 4631 629 4710 disp.
669 4632 784 4708 47,
827 4631 966 4696 lect.
1004 4634 1078 4708 3,
1113 4650 1154 4694 a
1187 4650 1354 4694 num.
1385 4633 1446 4694 9.
1481 4663 1566 4678 —-
1595 4632 1742 4694 Dico

173 4725 364 4787 tertio
412 4742 429 4786 ε
479 4725 856 4806 ubicumque
902 4732 1113 4788 manet
1156 4725 1309 4788 fides
1351 4732 1412 4788 et
1452 4725 1740 4802 charitas,

175 4825 394 4882 manet
423 4819 612 4882 etiam
646 4838 801 4902 spes.
845 4821 1021 4882 Patet
1043 4837 1121 4882 ex
1151 4819 1359 4896 dictis;
1405 4838 1542 4900 spes
1573 4821 1742 4883 enim

175 4921 270 4976 est
307 4913 714 4994 generatione
747 4915 916 4994 prior
947 4913 1285 4992 charitate3
1333 4931 1480 4993 ergo
1507 4921 1572 4974 et
1597 4931 1746 4976 con-

175 5009 554 5072 servatione.
605 5009 756 5069 ltem
795 5007 904 5068 ubi
933 5015 1024 5069 ent
1053 5006 1206 5068 fides
1231 5012 1294 5068 et
1321 5005 1609 5082 charitas,
1653 5011 1746 5068 est

173 5101 421 5179 justitia
443 5101 726 5182 integra}
757 5119 906 5180 ergo
929 5119 1089 5181 speS.
1127 5101 1286 5163 Hinc
1309 5100 1592 5179 sequitur
1621 5102 1745 5180 pri·

175 5213 286 5256 mo
327 5212 502 5276 spem
541 5213 672 5258 esse
710 5196 780 5256 in
809 5195 1099 5257 omnibus
1124 5194 1307 5274 justis
1343 5194 1406 5254 in
1440 5192 1557 5255 hac
1587 5195 1739 5256 vita.

177 5289 482 5368 Sequitur
514 5288 781 5352 secundo
821 5289 1174 5356 conservari
1213 5288 1282 5348 in
1317 5285 1648 5351 animabus
1676 5285 1745 5347 in

177 5383 568 5464 purgatorio,
609 5400 760 5446 nam
788 5383 1022 5445 habent
1047 5383 1413 5446 charitatem
1441 5387 1504 5444 et
1530 5379 1743 5456 fidem,

275 5575 292 5610 ¹
327 5571 478 5633 Vide
508 5571 548 5634 1.
579 5575 649 5632 Η
677 5569 752 5634 dc
776 5571 1011 5650 Gratia,
1045 5589 1100 5633 c.
1134 5572 1196 5646 5,
1223 5589 1288 5634 n.
1315 5571 1412 5631 13.

1802 518 1874 575 ut
1905 520 2217 580 ostensum
2246 523 2339 580 est
2366 535 2589 598 supra3
2642 517 2794 580 item
2826 519 3107 582 nondum
3148 525 3366 584 tenent

1803 606 2251 672 beatitudinem
2280 633 2301 688 3
2348 629 2500 690 ergo
2535 618 2805 691 sperant.
2860 615 3011 676 Item
3058 613 3231 676 nulla
3272 622 3365 678 est

1805 699 1872 762 in
1901 702 1989 762 eis
2022 721 2208 764 causa
2234 704 2643 784 corruptionis
2668 707 2839 785 spei,
2879 726 3080 787 neque
3122 710 3362 770 suntin

1805 800 1969 855 statu
1996 795 2059 856 in
2096 815 2219 876 quo
2244 799 2369 858 sint
2400 797 2735 876 incapaces.
2792 799 2913 862 Sed
2939 807 3176 878 contra,
3218 802 3365 881 quia

1805 887 1930 948 illis
1979 907 2105 950 non
2149 895 2240 950 cst
2288 889 2485 952 ardua
2530 893 2879 954 consecutio
2926 893 3327 955 beatitudinis
3342 941 3363 972 ,

1806 1000 1951 1042 nam
1990 982 2192 1062 potius
2214 983 2501 1061 judicant
2534 1003 2663 1046 esse
2692 986 3121 1062 necessariam,
3158 994 3220 1048 et
3246 989 3365 1050 im·

1806 1075 2093 1154 possibile
2132 1077 2413 1156 judicant
2456 1095 2594 1138 eam
2646 1079 2951 1154 amittere,
3002 1099 3203 1159 neque
3249 1082 3365 1143 hoc

1804 1168 2051 1246 proprie
2090 1169 2335 1232 timent.
2383 1171 2809 1250 Respondetur
2836 1189 2963 1234 non
3002 1191 3133 1234 esse
3162 1191 3367 1236 ueces-

1805 1261 2036 1351 sarium
2084 1262 2163 1324 ad
2210 1281 2406 1342 spem,
2457 1269 2526 1324 ut
2563 1267 2910 1327 consecutio
2950 1265 3101 1328 boni
3140 1267 3367 1347 sperati

1805 1355 2305 1435 apprehendatur
2330 1363 2401 1419 ut
2424 1356 2711 1434 difficilis,
2763 1359 2825 1420 id
2852 1366 2964 1435 est,
3010 1359 3222 1434 dubia,
3269 1359 3369 1422 vel

1805 1467 1944 1529 quae
1970 1450 2158 1530 possit
2180 1451 2505 1531 impediri;
2534 1452 2639 1514 sed
2666 1452 2813 1514 satis
2834 1460 2927 1514 est
2952 1454 3000 1513 si
3026 1453 3369 1533 apprehen-

1803 1543 1989 1605 datur
2036 1550 2108 1605 ut
2152 1545 2453 1607 excedens
2493 1552 2731 1606 naturai
2772 1546 3261 1626 perfectionem3
3306 1553 3369 1610 ct

1805 1637 1924 1698 hoc
1947 1639 2138 1699 etiam
2166 1639 2351 1700 modo
2365 1639 2695 1700 animabus
2720 1641 3065 1720 purgatorii
3086 1639 3366 1716 offertur,

1805 1737 1875 1792 ut
1923 1731 2141 1809 ardua,
2172 1717 2517 1794 consecutio
2557 1732 2977 1796 beatitudinis
3024 1733 3199 1796 Unde
3242 1752 3369 1797 non

1805 1829 1900 1885 est
1935 1824 2014 1885 de
2060 1826 2299 1886 ratione
2336 1825 2469 1905 spei
2510 1832 2579 1886 ut
2625 1827 2813 1905 possit
2854 1845 3097 1906 semper
3141 1825 3371 1888 habere

1807 1919 2205 1998 conjunctum
2234 1918 2522 1980 timorem
2550 1919 2835 1981 servilem
2866 1920 3110 2000 proprie
3136 1919 3370 1982 dictum

1806 2029 1950 2072 cum
1996 2012 2307 2074 anxietate
2330 2027 2351 2090 3
2397 2031 2612 2092 quare,
2656 2012 2707 2074 si
2751 2013 2937 2073 etiam
2982 2013 3048 2073 in
3094 2011 3211 2074 hac
3244 2015 3371 2074 vita

1805 2105 1969 2168 Deus
2009 2104 2311 2166 revelaret
2350 2103 2537 2166 alicui
2576 2123 2754 2166 suam
2782 2105 3049 2183 gratiam
3080 2110 3142 2166 et
3168 2124 3372 2184 perse-

1805 2201 2151 2260 verantiam
2177 2199 2412 2274 inille,
2456 2197 2865 2260 nihilominus
2901 2205 3103 2278 posset
3134 2216 3279 2260 vere
3308 2207 3371 2260 et

1805 2293 2053 2372 proprie
2078 2311 2345 2373 sperare,
2374 2292 2659 2372 quamvis
2682 2309 2807 2352 non
2831 2297 3037 2370 posset
3058 2291 3162 2352 illo
3187 2293 3371 2354 modo

1807 2387 2051 2448 timere.
2116 2385 2322 2447 Tertio
2374 2385 2655 2465 sequitur
2700 2385 2767 2445 in
2814 2383 3098 2446 Patribus
3148 2386 3373 2447 veteris

1804 2479 2184 2540 Testamenti
2229 2478 2525 2540 mansisse
2576 2495 2787 2538 veram
2832 2493 3005 2556 spem
3050 2495 3245 2556 usque
3290 2477 3373 2540 ad

1807 2571 2032 2634 Christi
2062 2572 2403 2634 adventum
2435 2592 2451 2631 ε
2484 2575 2655 2650 patet
2696 2587 2774 2631 ex
2815 2569 3055 2631 ratione
3090 2569 3276 2646 dicta,
3310 2576 3373 2631 et

1806 2667 1955 2746 quia
1982 2665 2375 2748 peculiaij'ter
2402 2663 2732 2745 sperabant
2751 2662 2829 2724 ad
2838 2667 3087 2722 ventum
3108 2663 3369 2741 Messiae3

1813 2759 1982 2822 unde
2008 2759 2086 2822 de
2116 2759 2235 2820 illis
2261 2755 2487 2820 dicitur
2514 2757 2789 2837 Sapient.
2823 2760 2850 2817 l
2888 2777 2903 2817 ε
2940 2754 3100 2838 Spes
3127 2756 3373 2822 illorum

1812 2851 2272 2918 immortalitate
2294 2852 2477 2933 plena
2500 2855 2614 2926 est,
2645 2855 2709 2910 et
2734 2849 2865 2912 haec
2890 2849 2977 2911 ita
3012 2855 3157 2912 sunt
3178 2857 3371 2928 certa,

1813 2953 1886 3009 ut
1909 2965 2041 3008 non
2063 2946 2143 3010 sit
2164 2945 2460 3006 dissensio
2488 2942 2637 3004 ulla.
2669 2944 2755 3004 De
2782 2947 2942 3004 statu
2968 2941 3373 3008 beatitudinis

1815 3047 2028 3104 manet
2054 3038 2355 3101 nonnulla
2382 3037 2728 3113 difficultaS‚
2758 3036 2837 3098 de
2870 3055 3013 3117 qua.

1889 3137 1948 3198 5.
2000 3133 2239 3210 Quarta
2270 3131 2566 3196 conclusio
2598 3130 2916 3210 bipartita,
2948 3147 3063 3212 pro
3090 3149 3214 3213 qua
3243 3140 3375 3200 stat

1811 3231 1998 3293 etiam
2025 3233 2262 3303 auctor,
2304 3226 2412 3289 lib.
2442 3227 2485 3288 2
2505 3226 2576 3287 de
2604 3222 2853 3300 Gratia,
2885 3243 2940 3288 c.
2974 3226 3034 3301 3,
3062 3244 3125 3287 n.
3160 3229 3263 3290 25.
3292 3263 3375 3276 -·

1814 3323 2166 3388 ostenditur
2183 3320 2362 3402 prius
2379 3336 2532 3399 pars
2546 3319 2869 3398 posterior.
2898 3349 2985 3364 --
3019 3317 3375 3384 Ostenditaer

1805 3435 1961 3498 pare
1974 3418 2175 3497 prior,
2204 3413 2594 3478 discurrendo
2604 3428 2721 3493 per
2736 3416 2912 3474 actm
2930 3413 3082 3490 spei,
3109 3415 3215 3493 qui
3236 3415 3373 3496 ylo·

1809 3515 1924 3576 rioe
1949 3527 2071 3574 non
2090 3511 2451 3592 repugnant.
2473 3538 2555 3552 —
2576 3505 2861 3570 Primum
2888 3523 3077 3586 yeme
3104 3514 3371 3574 actuum.

1809 3639 1891 3652 —
1916 3606 2060 3668 Dico
2082 3609 2301 3684 quarto
2327 3602 2393 3662 in
2420 3600 2623 3662 Beatis
2650 3616 2901 3660 manere
2926 3598 3211 3664 habitum
3242 3605 3377 3684 spei

1809 3701 2011 3788 quoad
2044 3694 2455 3760 substantiam
2494 3693 2651 3772 ejus,
2691 3693 2975 3772 quamvis
3008 3713 3135 3756 non
3167 3696 3377 3758 eliciat

1809 3798 1878 3858 in
1920 3795 2009 3858 eis
2056 3797 2227 3854 actus
2265 3788 2390 3867 spei
2443 3785 2851 3850 beatitudinis
2897 3788 3263 3867 essentialis,
3314 3796 3379 3854 et

1808 3891 1950 3954 ideo
1978 3886 2100 3949 dici
2132 3888 2335 3964 posset
2356 3898 2485 3942 non
2507 3896 2759 3941 manere
2788 3877 2902 3939 sub
2928 3881 3168 3944 ratione
3200 3885 3377 3965 spei3

1813 3983 1952 4044 hoec
1982 3979 2207 4041 ultima
2242 3993 2383 4056 pars
2410 3978 2503 4036 est
2528 3971 2602 4035 D.
2645 3971 2923 4050 Thomae,
2975 3978 3033 4036 2.
3082 3975 3239 4056 2,·(Ῑ.
3272 3977 3376 4055 18,

1815 4083 1931 4140 art.
1964 4077 2027 4150 2,
2060 4079 2123 4135 et
2148 4070 2394 4130 videtur
2420 4073 2587 4130 certa
2626 4085 2705 4127 ex
2740 4067 2846 4129 illo
2880 4068 2962 4129 ad
2994 4067 3257 4133 Roman.
3286 4074 3326 4134 8
3356 4087 3375 4135 t

1820 4171 1992 4248 Quod
2014 4165 2173 4230 videt
2205 4164 2367 4244 quie,
2409 4160 2561 4244 quid
2580 4161 2839 4242 sperat?
2882 4162 3061 4224 Ratio
3090 4169 3201 4240 est,
3232 4167 3381 4245 quia

1815 4260 2101 4345 proprius
2130 4262 2303 4320 actus
2322 4254 2455 4334 spei
2484 4259 2575 4314 est
2614 4253 2692 4314 dc
2718 4271 2787 4315 re
2812 4255 2982 4314 nond
2990 4272 3096 4316 um
3125 4256 3377 4332 habita;

1817 4358 1906 4420 ibi
1939 4359 2151 4418 autem
2186 4352 2315 4431 jam
2344 4347 2609 4410 habetur
2644 4347 2961 4410 beatitudo
2991 4351 3331 4414 essentialis
3355 4368 3377 4430 3

1819 4467 2023 4530 neque
2058 4464 2205 4508 vero
2245 4443 2335 4506 ibi
2370 4441 2604 4523 sperari
2638 4447 2837 4521 potest
2864 4444 3291 4522 permanentia
3319 4454 3383 4506 et.

1819 4541 2067 4606 duratio
2090 4539 2257 4602 illius
2278 4533 2703 4611 beatitudiniS,
2726 4551 2872 4595 nam
2892 4534 3137 4596 duratio
3158 4535 3382 4600 intrin-

1821 4654 1963 4698 seca
2004 4634 2172 4696 illius
2212 4627 2616 4692 beatitudinis
2657 4633 2751 4688 est
2786 4629 3096 4688 aeternitas
3136 4631 3383 4708 pattici..

1821 4735 1969 4810 pata
1985 4745 2024 4788 a
2046 4727 2191 4800 De0,
2222 4729 2407 4801 atque
2430 4720 2583 4782 adeo
2608 4725 2741 4780 tota
2766 4719 2975 4795 simul,
3004 4721 3169 4784 unde
3195 4722 3385 4784 simul

1821 4827 2069 4884 tenetur
2107 4829 2169 4880 et
2204 4813 2519 4879 beatitudo
2553 4818 2616 4874 et
2646 4813 2893 4874 duratio
2920 4813 3076 4892 ejuS.
3124 4816 3276 4878 ltem
3304 4817 3383 4878 de

1822 4915 2065 4976 ratione
2089 4911 2256 4972 illius
2297 4905 2697 4970 beatitudinis
2733 4911 2825 4966 est
2861 4907 3331 4970 immutabilitas
3360 4926 3380 4971 z

1823 5008 1891 5070 in
1925 5007 2091 5068 bono
2118 5009 2329 5066 autem
2368 5001 2449 5062 ab
2478 5000 2811 5062 intrinseco
2847 5000 3227 5062 immutabili
3256 5021 3385 5065 non

1825 5098 2231 5178 distinguitur
2264 5095 2574 5177 possidere
2608 5092 2731 5154 tale
2762 5092 3023 5169 bonum,
3062 5099 3127 5156 et
3154 5094 3386 5159 immu-

1823 5193 2097 5256 tabiliter
2121 5189 2448 5271 possidere.
2484 5187 2659 5250 Prior
2680 5203 2823 5266 pars
2838 5186 3249 5250 conclusionis
3270 5209 3386 5255 nec

1826 5288 2119 5350 asseritur
2148 5303 2187 5346 a
2216 5287 2283 5346 D.
2314 5285 2577 5358 Thomu,
2618 5299 2732 5343 nec
2760 5288 3049 5361 negatur,
3092 5285 3199 5348 sed
3236 5286 3387 5348 insi-

1826 5386 2058 5442 nuatur
2081 5381 2147 5440 in
2174 5381 2215 5440 3
2244 5397 2335 5458 p.,
2360 5396 2423 5457 q.
2450 5379 2512 5452 Ι7,
2538 5381 2657 5436 art.
2688 5377 2747 5437 4.
2773 5376 3067 5436 Nonnulli
3095 5395 3242 5441 vero
3277 5380 3387 5441 Pa-

1825 5479 1949 5535 tres
1975 5471 2179 5534 solum
2194 5469 2543 5532 ²intendunt
2576 5470 2853 5532 excidere
2888 5479 3063 5550 spem
3092 5472 3155 5532 in
3182 5473 3387 5552 patria

1827 5567 2034 5650 quoad
2055 5572 2284 5637 actum,
2328 5563 2435 5644 qui
2465 5562 2582 5624 h‘ac
2612 5565 2743 5643 ipsa
2770 5581 2917 5624 voce
2945 5566 3073 5646 spei
3093 5569 3386 5648 exprimi-
