3900 6217
609 561 707 621 via
755 562 967 620 esseut
1031 558 1111 620 ab
1158 558 1516 621 hominibus
1560 560 1845 640 explicite
1907 558 2163 619 credita.

687 654 747 715 5.
799 653 1012 715 Tertia
1061 654 1316 715 assertio
1343 651 1656 733 bipartita.
1687 685 1768 699 -
1804 652 1996 715 Prior
2016 669 2170 733 pars

605 748 758 809 unde
795 750 1101 811 constans.
1135 778 1214 791 —
1239 744 1555 809 Posterior
1593 746 1931 809 ostenditur
1972 751 2173 811 auoto-

605 838 1061 917 ritum-‘Dico
1093 838 1303 899 tertio:
1347 838 1480 899 haec
1501 838 1658 901 fides
1692 838 1977 919 explicita
2004 856 2172 901 sem-

606 952 721 1011 per
747 932 864 992 fuit
901 932 966 993 in
993 931 1267 992 Ecclesia
1307 932 1370 991 in
1423 933 1748 1013 capitibus„
1797 950 1911 994 seu
1943 932 2171 1013 princi-

605 1024 788 1105 pibus
844 1023 1000 1103 ejuS,
1050 1025 1115 1084 in
1168 1026 1486 1085 communi
1531 1031 1742 1087 autem
1771 1026 2167 1107 populofere

608 1137 735 1179 non
771 1118 910 1189 fuit,
940 1135 1140 1197 usque
1171 1116 1255 1178 ad
1281 1123 1513 1181 statum
1547 1119 1707 1201 legis
1751 1120 1989 1199 gratiae.
2021 1118 2169 1181 Haec

609 1212 798 1271 etiam
852 1212 1112 1271 assertio
1162 1210 1330 1272 clara
1384 1218 1502 1289 est,
1537 1220 1598 1274 et
1640 1212 1810 1293 prior
1846 1231 1995 1293 pars
2022 1230 2169 1291 pro-

607 1306 772 1367 xime
815 1305 1078 1384 probata
1132 1312 1227 1367 est
1263 1306 1328 1366 in
1369 1306 1752 1385 praecedenti
1785 1308 2162 1379 assertione;

608 1418 760 1460 nam
808 1418 946 1479 quse
997 1397 1373 1459 adduximus
1432 1399 1704 1460 maxime
1755 1401 2027 1480 probant
2088 1399 2169 1461 de

607 1494 991 1572 principibus
1038 1491 1348 1553 Ecclesiae.
1406 1492 1616 1554 Altera
1643 1511 1794 1555 vero
1832 1513 1980 1574 pars
2006 1494 2169 1555 sumi

609 1592 817 1667 potest
845 1606 920 1647 ex
940 1587 1066 1660 illo,
1095 1586 1178 1647 ad
1203 1587 1432 1663 Ephes.
1461 1587 1677 1647 tertio:
1708 1587 1876 1661 Quod
1902 1588 2049 1651 aliis
2072 1604 2175 1669 qo—

608 1682 1016 1743 neratiom'bus
1064 1698 1186 1742 non
1217 1684 1308 1743 est
1362 1681 1638 1762 aynitum
1656 1680 1813 1761 filiis
1842 1682 2170 1755 hominum,

613 1774 676 1837 id
703 1781 814 1850 est,
844 1776 1056 1855 vulgo,
1087 1775 1194 1835 ubi
1228 1794 1305 1835 ex
1325 1775 1642 1837 nonnullis
1665 1775 1948 1837 Patribus
1974 1775 2039 1836 id
2066 1794 2175 1837 no-

609 1875 743 1931 tant
786 1870 1135 1944 Salmeron,
1170 1868 1560 1931 Justinianus
1599 1873 1662 1929 ct
1689 1870 2032 1943 CorneliuS‚
2068 1887 2176 1930 ex·-

608 1964 914 2043 positores
943 1962 1162 2035 nostri,
1195 1962 1620 2042 ponderantes
1650 1964 1837 2023 etiam
1867 1962 2039 2042 quod
2075 1981 2175 2024 se-

610 2057 850 2137 quitur:
883 2055 1094 2121 Siout-i
1115 2074 1274 2119 nuno
1293 2057 1622 2119 revelatum
1650 2061 1742 2120 est
1759 2055 1991 2121 sanctis
2012 2053 2173 2137 Apo-

609 2152 806 2225 stolis,
838 2156 984 2226 etc.‚
1011 2150 1188 2229 quasi
1215 2150 1401 2226 dicat,
1431 2150 1628 2211 multo
1651 2150 1977 2211 obscurius
2023 2148 2173 2210 olim

613 2246 970 2326 vulgaribus
1025 2244 1381 2305 bominibus
1405 2290 1421 2319 ,
1495 2262 1688 2325 quam
1737 2264 1926 2306 nunc.
1994 2243 2173 2307 Unde

611 2341 888 2403 Joannes
929 2338 1132 2418 prima
1175 2339 1438 2412 Canon„
1489 2338 1692 2419 capite
1726 2339 1979 2418 quinto:
2038 2335 2174 2403 Sci-

611 2452 745 2497 mus
803 2434 1086 2514 quoniam
1113 2431 1319 2501 Filius
1361 2431 1475 2495 Dei
1501 2433 1687 2507 vonit,
1731 2437 1790 2495 et
1817 2433 1979 2497 dedit
2004 2432 2174 2493 nobis

523 2580 528 2583 .
610 2530 950 2601 scientiam,
978 2534 1048 2590 ut
1072 2543 1494 2609 ooynosoamus
1525 2544 1731 2589 oerum
1752 2527 1967 2599 Deum,
1998 2531 2057 2590 et
2084 2525 2175 2589 si-

612 2642 746 2686 mus
773 2625 840 2685 in
857 2640 992 2685 vero
1007 2620 1172 2683 Filio
1191 2622 1354 2699 osan
1371 2620 1538 2681 unde
1563 2619 1921 2702 GregoriuS‚
1952 2620 2167 2681 homil.

615 2720 689 2776 iti
717 2716 781 2775 in
805 2715 1056 2789 Ezech.,
1075 2714 1262 2794 paulo
1283 2719 1422 2793 post
1435 2714 1717 2776 medium
1739 2712 1886 2777 :Dei
1911 2712 2173 2794 coquitio

615 2809 888 2887 (inquit),
937 2826 1072 2889 quoe
1114 2809 1182 2870 in
1228 2808 1522 2871 Patribus
1567 2806 1991 2889 spiritualibus
2020 2808 2167 2883 fuit,

611 2910 755 2966 nota
794 2904 908 2966 toti
943 2902 1169 2983 populo
1222 2900 1618 2965 Hebraeorum
1667 2919 1787 2965 non
1827 2903 2000 2979 fuit,·
2030 2919 2175 2964 uam

611 2996 1062 3079 omnipotentem
1104 2997 1320 3069 Deum,
1349 2999 1624 3059 sanctam
1663 2994 1936 3059 videlicet
1964 2994 2177 3057 Triui-

610 3098 794 3155 tatom
807 3109 942 3155 oum
957 3091 1276 3172 Propheta}
1281 3088 1708 3169 praedicarent,
1725 3088 1988 3169 populus
2011 3088 2179 3171 iquo-

609 3189 809 3261 rabat,
846 3186 1040 3248 solum
1067 3183 1432 3266 Decoloyum
1469 3182 1698 3245 tenebat
1719 3183 1788 3243 in
1821 3183 1965 3261 fido,
1991 3184 2178 3264 loyom

615 3280 950 3342 Trinitatis
979 3275 1263 3341 nesciens.
1301 3275 1449 3347 Quae
1477 3276 1784 3337 sententia
1815 3276 2013 3337 multo
2040 3294 2175 3337 ma·-

605 3373 729 3451 jori
756 3371 998 3432 ratione
1021 3388 1242 3431 verum
1263 3369 1457 3431 habet
1472 3369 1540 3429 in
1561 3368 1834 3430 Ecclesia
1855 3368 2169 3445 Gentium,

613 3486 751 3546 quse
767 3465 884 3526 fuit
923 3470 1067 3526 ante
1105 3464 1316 3543 legem
1344 3463 1659 3541 scriptam,
1690 3463 1792 3523 vel
1819 3463 2009 3525 etiam
2032 3482 2177 3525 cum

613 3562 739 3621 illa.
768 3561 899 3620 Imo
933 3558 1000 3617 in
1033 3558 1152 3618 hoc
1193 3555 1538 3617 excedebat
1562 3556 1834 3636 populus
1865 3557 1999 3632 Dei,
2027 3557 2176 3637 quia

614 3652 1070 3733 expressiorem
1127 3649 1548 3729 cognitionem
1593 3650 1866 3712 habebat
1919 3651 1999 3713 de
2046 3654 2173 3713 Deo

613 3748 782 3827 ipso;
839 3745 986 3826 quia
1042 3744 1288 3825 credita*
1322 3747 1468 3806 sunt
1517 3744 1573 3806 ei
1618 3744 1852 3825 eloquia
1899 3746 2039 3817 Dei,
2092 3744 2174 3805 ad

613 3844 792 3903 Rom.
851 3843 909 3901 4.
965 3838 1321 3901 'tenebatur
1368 3838 1556 3899 etiam
1596 3838 1882 3917 explicite
1913 3838 2173 3901 credere

612 3934 905 3998 Messinm
951 3940 1304 4005 venturum,
1341 3930 1424 3991 ad
1451 3931 1621 4010 quod
1661 3932 1890 3993 Gentes
1928 3951 2058 3993 non
2086 3940 2175 3993 te-

616 4029 944 4102 nebantur,
977 4027 1124 4106 quia
1155 4026 1244 4086 eis
1263 4044 1390 4087 non
1425 4026 1510 4087 ita
1537 4026 2026 4105 proponebatur.
2060 4027 2177 4087 Ta-

614 4143 759 4185 men
793 4139 995 4201 neque
1032 4121 1220 4181 etiam
1245 4119 1654 4181 Hebraeorum
1683 4120 1955 4199 populus
1982 4120 2175 4181 Trini-

615 4224 808 4279 tatem
837 4215 1240 4295 agnosccbat,
1263 4231 1381 4274 nec
1409 4214 1598 4274 etiam
1615 4214 1906 4275 divinitas
1933 4214 2177 4276 Messiae

615 4311 861 4372 venturi
914 4309 1034 4369 illis
1086 4306 1372 4387 explicite
1413 4306 1910 4386 proponebatur:
1968 4323 2175 4385 neque

621 4407 811 4467 etiam
839 4404 960 4465 alia
981 4402 1276 4482 specialia
1299 4400 1596 4481 mysteria
1618 4400 1774 4480 ejus,
1807 4419 1947 4480 quae
1966 4400 2177 4463 omnia

513 4508 526 4517 ”
619 4518 787 4561 nunc
818 4498 1101 4577 explicite
1141 4496 1338 4557 credit
1367 4494 1635 4575 populus
1665 4494 2069 4571 ChristianuS,
2106 4500 2179 4555 ut

619 4614 698 4659 ex
725 4582 903 4655 dictis
941 4592 1020 4653 de
1045 4591 1342 4669 Symbolo
1373 4595 1638 4651 constat.
1675 4590 1851 4650 Ratio
1885 4608 2036 4651 vero
2064 4590 2177 4649 hu-

610 4692 717 4770 jus
744 4685 1018 4749 veritatis
1055 4686 1241 4745 etiam
1268 4683 1500 4763 pendet
1518 4682 1942 4763 principaliter
1969 4700 2049 4743 ex
2076 4700 2178 4744 or·-

619 4783 938 4845 dinatione
965 4778 1211 4851 divina3
1261 4776 1668 4863 congruentia
1703 4792 1854 4836 vero
1885 4793 1963 4837 ex
1995 4780 2173 4854 parte

618 4878 944 4939 hominum
971 4872 1272 4947 redditur,
1311 4872 1458 4950 quia
1508 4870 1592 4931 illi
1623 4872 1820 4930 status
1847 4868 2175 4929 hominum

616 4977 799 5034 erant
817 4968 1187 5051 imperfecti,
1217 4966 1396 5045 juxta
1423 4963 1577 5025 illud
1605 4962 1685 5023 ad
1701 4962 1857 5023 Heb.
1887 4964 1961 5021 7:
1988 4959 2178 5027 Nihil

615 5069 701 5132 ad
741 5069 1072 5149 perfectum
1108 5059 1364 5125 adducit
1401 5058 1521 5121 lem.
1576 5057 1732 5117 Item
1773 5055 1922 5133 quia
1975 5072 2175 5134 genas

617 5163 967 5225 humanum
997 5162 1133 5219 erat
1176 5154 1242 5216 in
1267 5159 1432 5215 statu
1461 5150 1819 5224 inimicitiae,
1863 5152 2175 5227 quatenus

615 5275 746 5317 non
792 5260 927 5315 erat
979 5248 1360 5312 satisfactum
1400 5248 1529 5309 Deo
1573 5262 1686 5325 pro
1733 5242 2052 5306 communi
2088 5242 2177 5303 of-

613 5350 822 5421 fensa3
853 5351 916 5407 et
941 5345 1104 5418 ideo,
1136 5360 1334 5422 usquc
1381 5340 1464 5403 ad
1499 5338 1722 5401 Christi
1749 5336 2169 5417 praesentiam,

615 5442 764 5503 fidei
813 5438 1083 5519 cognitio
1139 5437 1300 5498 sicut
1334 5440 1398 5499 et
1439 5434 1562 5496 alia
1591 5432 1804 5514 gratiae
1833 5432 2002 5493 dona
2042 5447 2173 5491 non

616 5541 761 5595 sunt
806 5551 949 5595 cum
1001 5548 1233 5610 magna
1273 5526 1662 5589 abundantia
1712 5523 2171 5587 communicata

613 5630 991 5705 hominibuS,
1039 5625 1152 5689 sed
1199 5625 1398 5686 solum
1447 5627 1750 5704 quantum
1797 5616 2171 5701 expediebat

1301 460 1538 513 DISPUT.
1579 462 1638 513 11.
1675 460 1755 513 ΒΕ
1789 459 2053 513 omnc‘ro
2086 460 2203 512 SEU
2234 460 2534 517 sunsEc'ro
2566 460 2905 515 uA'rERmu
2938 462 3118 514 must.

2250 560 2332 621 ad
2364 562 2671 642 majorem
2708 562 2930 623 Christi
2974 561 3257 640 gloriam,
3288 558 3459 621 etad
3486 563 3768 625 executio-

2248 672 2399 715 nem
2430 655 2654 717 divinae
2690 654 3275 736 praedestinationis.

2330 749 2391 809 6.
2442 748 2679 823 Quarta
2712 749 2989 821 assertio,
3029 767 3148 830 qua
3187 748 3523 828 formaliter
3562 751 3772 825 satisfit

2252 840 2731 918 titulo—,Ejus
2754 840 2937 906 ratio.
2956 873 3038 887 —
3052 841 3305 913 Quarto,
3330 840 3473 901 hinc
3496 840 3773 921 colligitur

2249 935 2577 1015 responsio
2616 936 2701 997 ad
2744 936 3147 1014 quaestionem
3187 935 3579 1015 propositam,
3618 937 3775 995 nimi-

2248 1046 2391 1091 rum
2420 1029 2749 1091 materiam
2786 1029 2957 1103 fidei,
2987 1029 3053 1089 in
3082 1026 3301 1090 ordine
3341 1025 3423 1087 ad
3456 1028 3773 1107 explicitam

2246 1123 2462 1197 fidem,
2499 1140 2793 1185 successu
2840 1126 3195 1202 temporum
3227 1121 3515 1183 crevisse.
3548 1122 3682 1183 Dico
3720 1125 3775 1184 in

2248 1215 2451 1281 ordine
2480 1218 2561 1279 ad
2584 1216 2941 1296 explicitam
2962 1214 3166 1294 fidem,
3196 1214 3343 1293 quia
3364 1212 3521 1275 fides
3548 1213 3776 1293 implici-

2248 1315 2313 1370 ta
2342 1326 2591 1389 semper
2609 1310 2747 1386 fuit,
2772 1310 2923 1371 etin
2948 1307 3265 1383 omnibus,
3290 1307 3369 1368 de
3396 1312 3523 1367 tota
3545 1308 3775 1368 materia

2246 1402 2418 1477 fidei,
2450 1404 2687 1485 aliquot
2726 1422 2804 1465 ex
2838 1402 3040 1465 modis
3081 1400 3232 1463 fidei
3268 1400 3573 1480 implicitas
3614 1419 3777 1479 supra

2252 1498 2619 1571 numeram,
2648 1503 2716 1558 ut
2740 1496 2921 1559 facile
2949 1496 3289 1574 unicuique
3316 1498 3596 1558 constare
3628 1500 3779 1573 pote-

2254 1592 2335 1653 rit
2374 1590 2745 1671 applicando
2778 1591 2938 1652 illos,
2976 1591 3065 1651 De
3104 1588 3229 1650 fide
3276 1593 3487 1648 autem
3526 1586 3778 1666 explicita

2254 1686 2433 1749 facile
2480 1692 2725 1749 constat
2754 1704 2831 1747 ex
2872 1684 3075 1747 dictis.
3102 1683 3281 1745 Ratio
3324 1700 3473 1744 vero
3523 1686 3627 1757 est,
3656 1683 3779 1761 quia

2234 1798 2370 1865 *per
2398 1780 2643 1841 diversa
2670 1784 2950 1860 tempora
2982 1777 3407 1856 multiplicatae
3441 1775 3679 1837 fuerunt
3702 1777 3781 1837 di-

2253 1874 2414 1935 vinoe
2438 1873 2852 1935 revelationes
2877 1877 2939 1933 et
2964 1871 3333 1951 prophetias,
3356 1887 3471 1949 per
3494 1888 3641 1949 quas
3656 1870 3781 1931 doc-

2254 1967 2419 2029 trina
2446 1974 2512 2029 et
2544 1966 2809 2027 materia
2849 1964 2995 2027 fidei
3036 1964 3393 2044 expressius
3422 1970 3517 2025 est
3550 1964 3782 2025 homini-

2252 2060 2372 2122 bus
2402 2060 2739 2139 proposita,
2770 2064 2837 2119 ut
2864 2076 2942 2119 ex
2970 2058 3289 2137 Scrlptura
3314 2062 3572 2129 constat,
3604 2062 3658 2117 et
3682 2064 3780 2117 tra-

2255 2153 2346 2215 dit
2392 2172 2469 2214 ex
2505 2152 2786 2231 professo
2837 2154 2911 2213 D.
2961 2152 3261 2225 ThomaS,
3317 2152 3379 2212 2.
3434 2152 3495 2223 2,
3548 2168 3607 2227 q.
3664 2152 3779 2223 174,

2254 2252 2369 2309 art.
2405 2250 2464 2309 6.
2492 2246 2831 2308 Difficultas
2861 2264 3008 2307 vero
3038 2250 3329 2325 superest
3353 2244 3421 2305 in
3454 2243 3780 2322 explicando

2254 2340 2569 2419 quomodo
2594 2338 3069 2419 intelligendum
3098 2339 3177 2399 sit
3224 2338 3347 2399 hoc
3384 2344 3780 2415 augmentum,

2254 2440 2319 2496 et
2351 2452 2491 2513 quae
2520 2434 2739 2513 reg-ula
2767 2434 2833 2493 in
2860 2433 2966 2495 illo
2998 2431 3309 2494 servanda
3340 2431 3446 2505 sit;
3479 2429 3613 2491 duae
3642 2431 3783 2491 enim

2252 2528 2486 2607 regulae
2524 2528 2852 2589 traduntur
2884 2545 2923 2587 a
2952 2525 3261 2601 Patribus»,
3292 2542 3433 2605 quse
3460 2524 3783 2586 difficultate

2252 2639 2381 2682 non
2418 2623 2652 2682 carent.

2334 2717 2393 2776 7.
2424 2714 2649 2777 Prima
2670 2713 2887 2794 reyula
2908 2713 2991 2776 D.
3020 2712 3265 2777 ssomoe
3282 2730 3399 2794 pro
3431 2710 3787 2791 intelliyendo

2246 2806 2531 2890 proxima
2554 2804 2984 2871 assertione.—
2995 2806 3165 2887 Ejus
3188 2802 3789 2886 comeatum-Am

2259 2921 2335 2965 ra
2378 2900 3051 2981 conjectura—Prima
3094 2900 3321 2980 regula
3352 2904 3443 2961 est
3468 2900 3539 2959 D.
3568 2898 3790 2958 Thomae

2256 2995 2381 3069 hic,
2414 3000 2629 3075 quaest.
2664 2998 2721 3069 1,
2751 2999 2867 3056 art.
2900 2998 2961 3067 7,
2992 2994 3075 3055 ad
3105 2996 3167 3067 4,
3196 2999 3263 3055 et
3291 3011 3354 3073 q.
3387 2994 3523 3065 176,
3551 2992 3711 3053 artic.
3734 2990 3783 3064 6,

2256 3089 2566 3163 homineS,
2608 3090 2714 3168 qui
2743 3089 3000 3151 fuerunt
3040 3088 3284 3151 Christo
3318 3086 3783 3168 propinquiores

2254 3182 2546 3259 velante,
2571 3183 2672 3244 vel
2697 3188 2837 3261 post
2862 3182 3204 3245 adventum
3235 3183 3397 3262 ejuS‚
3426 3180 3702 3243 habuisse
3726 3176 3789 3239 fi-

2257 3276 2400 3339 dem
2438 3276 2641 3357 magis
2684 3276 3039 3355 explicitam
3072 3292 3199 3337 seu·
3223 3274 3653 3354 perfectiorem
3693 3288 3789 3332 cte-

2254 3371 2423 3433 teris.
2453 3370 2651 3442 Quam
2677 3370 2965 3449 regulam
2992 3368 3195 3430 solum
3222 3368 3454 3431 suadet
3478 3368 3546 3429 D.
3573 3367 3793 3428 Thomae

2254 3465 2373 3526 hac
2411 3464 2793 3545 conjectura,
2823 3463 2969 3541 quia
3010 3463 3073 3524 in
3109 3480 3515 3541 quocumque
3542 3459 3765 3527 homins

2254 3564 2452 3621 status
2480 3556 2894 3636 propinquior
2924 3556 3237 3635 juventuti
3268 3561 3368 3618 est
3395 3554 3709 3635 perfectior
3742 3557 3795 3611 et

2252 3651 2598 3724 robustior;
2635 3668 2785 3731 ergo
2814 3650 2982 3711 idem
3014 3656 3109 3711 est
3148 3666 3295 3711 cum
3326 3647 3715 3729 proportione
3742 3644 3795 3703 in

2254 3744 2561 3819 Ecclesia3
2596 3750 2844 3823 tempus
2883 3748 3095 3805 autem
3124 3741 3435 3804 adventus
3461 3741 3669 3803 Christi
3697 3739 3797 3799 fuit

2252 3838 2443 3900 veluti
2458 3839 2758 3917 juventus
2784 3836 3106 3908 Ecclesiae3
3142 3854 3291 3897 nam
3321 3840 3473 3897 tunc
3500 3834 3611 3895 fuit
3625 3833 3797 3915 pleni-

2254 3932 2397 3995 tudo
2427 3930 2709 4013 temporis
2736 3929 2976 4003 mundi,
3006 3936 3074 3991 ut
3108 3929 3256 3991 dicit
3288 3928 3545 4001 PauluS‚
3575 3927 3652 3987 ad
3676 3925 3793 3986 Gal.

2254 4026 2324 4099 Δις
2356 4042 2507 4105 ergo
2535 4023 2821 4084 homines
2848 4023 3329 4103 propinquiores
3367 4021 3453 4084 illi
3490 4020 3648 4083 aetati
3680 4018 3801 4079 fue-

2254 4128 2401 4179 runt
2432 4118 2619 4179 etiam
2660 4118 2727 4177 in
2766 4116 2893 4179 fide
2935 4114 3365 4195 perfectiores.
3398 4115 3639 4177 Addere
3676 4130 3801 4192 pos·

2256 4230 2473 4273 sumus
2502 4210 2691 4273 aliam
2721 4212 3147 4290 conjecturam
3174 4228 3189 4269 ε
3224 4224 3376 4271 nam
3409 4209 3516 4289 qui
3544 4208 3652 4269 soli
3678 4224 3801 4284 pro-

2256 4306 2619 4387 pinquiores
2643 4311 2807 4380 sunt,
2832 4304 3035 4385 magis
3056 4304 3519 4378 illuminantur3
3549 4300 3802 4363 Christus

2258 4406 2468 4461 autem
2512 4400 2629 4460 fuit
2674 4400 2781 4460 lux
2817 4417 2991 4474 vera,
3044 4405 3113 4461 ut
3158 4398 3387 4460 dicitur
3426 4397 3606 4461 Joan.
3650 4398 3708 4467 l,
3748 4397 3803 4453 et

2256 4494 2535 4574 quandiu
2581 4492 2697 4555 fuit
2738 4492 2814 4553 in
2855 4491 3118 4566 munde,
3173 4490 3281 4553 lux
3322 4490 3441 4553 fuit
3480 4488 3712 4561 mundi,
3743 4489 3803 4546 ut

2256 4588 2389 4667 ipse
2422 4587 2609 4649 etiam
2638 4586 2819 4660 dixit3
2854 4604 3005 4666 ergo
3029 4584 3320 4647 homines
3346 4584 3676 4647 viciniores
3704 4580 3801 4651 illi,

2255 4680 2457 4761 magis
2496 4681 2577 4743 ab
2606 4680 2741 4760 ipso
2769 4678 3098 4740 illuminati
3128 4683 3295 4739 sunt.

2337 4776 2398 4835 8.
2420 4775 2724 4838 Dilomma
2739 4776 2951 4836 contra
2968 4773 3193 4835 dictam
3214 4767 3807 4855 requiam—Prima

2252 4885 2403 4950 pars
2430 4864 2795 4931 dilemmatis
2822 4864 3238 4947 impuqnatur.
3256 4896 3341 4911 -
3362 4864 3645 4929 Sommda
3662 4876 3806 4941 pars

2258 4958 3043 5040 dilemnzatis.—Arquitwr
3070 4965 3285 5023 oontr'a
3308 4956 3808 5023 illam-Secun-

2254 5054 2335 5117 da
2358 5054 2573 5136 reyula
2598 5070 2670 5115 ιω
2700 5054 2781 5115 D.
2817 5051 3128 5132 Greyorio.
3158 5082 3242 5097 —
3286 5050 3687 5135 Conqmontia
3704 5062 3808 5129 pro

2253 5148 2514 5211 secunda
2538 5144 3017 5228 remla-Hace
3051 5162 3199 5207 vero
3239 5146 3461 5225 regula
3494 5163 3621 5206 non
3650 5144 3809 5203 caret

2255 5240 2613 5301 difficultate
2638 5258 2652 5299 :
2679 5256 2831 5299 nam
2851 5237 2951 5299 vel
2970 5236 3341 5317 intelligitur
3360 5236 3807 5303 universaliter,

2254 5333 2355 5396 vel
2394 5330 2752 5405 indefinite;
2803 5338 3023 5393 neutro
3074 5336 3289 5393 autem
3338 5332 3529 5393 modo
3572 5314 3811 5391 'videtur

2250 5444 2435 5508 posse
2460 5426 2821 5489 subsistere.
2836 5427 2973 5487 Non
2992 5425 3253 5504 quidem
3278 5426 3731 5495 universaliter,
3752 5418 3810 5480 id

2251 5526 2368 5593 est,
2396 5518 2479 5583 de
2510 5518 2801 5581 omnibus
2838 5518 3223 5592 hominibus,
3252 5531 3401 5579 nam
3439 5524 3585 5581 ante
3612 5514 3811 5577 Chris-

2247 5613 2292 5675 ti
2331 5613 2669 5676 adventum
2698 5611 2879 5673 multi
2899 5611 3285 5693 antiquiores
3308 5611 3663 5693 habuerunt
3688 5624 3811 5669 mu·
