3900 6217
739 345 908 400 sEcT.
941 346 1029 398 ΙΙΙ.
1065 343 1150 400 AN
1183 343 1550 398 uffinssrlcus
1581 345 1700 398 PER
1731 346 2033 402 AcctnENs
2062 345 2381 400 OCCULTUS
2414 345 2548 400 wso
2580 346 2801 408 uero.
2836 347 2971 400 ETc.

245 447 534 512 firmam:-
570 447 704 511 baec
743 446 991 522 veritos,
1032 442 1460 525 respondendo
1487 445 1566 506 ad
1587 444 1812 522 funda-

244 548 462 606 menta
485 541 704 620 primae
731 539 1072 620 opinionis3
1103 556 1252 600 nam
1279 557 1465 618 poena
1503 557 1642 618 quae
1681 557 1812 604 non

243 635 571 716 probatur,
598 651 724 695 non
751 642 843 693 est
863 631 1270 706 admittenda;
1297 632 1404 695 illa
1429 638 1638 694 autem
1668 632 1810 694 fnu-

244 729 544 792 damenta
563 726 720 788 nihil
737 727 1023 808 probant.
1049 726 1202 787 Nam
1226 729 1498 804 primum
1527 729 1806 800 assumit,

246 821 416 902 quod
465 821 788 882 haereticus
846 819 1128 900 privatur
1173 817 1450 887 dominio
1504 817 1814 880 bonorum

247 931 504 977 suorum
531 914 662 992 ipso
689 912 874 986 facto,
903 912 1066 990 quod
1092 930 1217 972 non
1246 916 1338 972 est
1365 910 1726 991 simpliciter
1753 916 1816 972 et

244 1005 604 1068 omnimode
633 1022 872 1074 verum,
907 1011 977 1064 ut
1005 1003 1072 1063 in
1100 1005 1382 1083 sequenti
1410 1004 1682 1064 sectione
1713 1003 1813 1063 di·

244 1115 412 1158 cam.
442 1097 674 1160 Deinde
703 1096 920 1174 negari
947 1101 1148 1175 potest
1170 1097 1637 1176 consequentia;
1667 1113 1813 1160 nam

242 1189 393 1252 licet
441 1190 788 1270 privaretur
831 1188 1132 1264 dominio,
1179 1194 1381 1268 posset
1419 1187 1512 1250 illi
1547 1187 1816 1268 relinqui

243 1281 704 1346 administratio
742 1286 804 1342 et
843 1282 1134 1362 possessio
1155 1327 1176 1356 ,
1215 1300 1324 1344 seu
1368 1282 1632 1344 retentio
1671 1299 1816 1341 cum

245 1395 368 1439 usu
390 1375 606 1438 talium
635 1375 942 1438 bonorum
957 1418 980 1450 ,
1009 1381 1072 1436 et
1095 1376 1184 1436 ita
1208 1376 1342 1436 sine
1365 1374 1555 1436 dubio
1583 1374 1818 1439 tactum

248 1478 340 1534 est
363 1488 386 1549 3
411 1471 693 1552 ideoque,
723 1471 870 1532 dato
904 1469 1070 1549 quod
1097 1469 1419 1532 haereticus
1449 1467 1668 1554 perdat
1701 1468 1818 1530 do·

251 1565 545 1638 minium,
573 1561 978 1624 nihilominus
1009 1581 1138 1624 non
1171 1563 1400 1624 retinet
1426 1562 1590 1624 bona
1617 1562 1816 1624 invito

247 1655 528 1734 domino,
551 1673 628 1718 ac
653 1655 912 1738 proinde
939 1673 1068 1718 non
1097 1662 1302 1734 peccat
1328 1655 1654 1718 retinendo
1681 1655 1811 1716 illa.

248 1751 344 1812 Ad
389 1749 720 1814 secumdam
756 1767 904 1812 vero
935 1751 1241 1812 rationem
1281 1755 1547 1828 negatur
1581 1767 1817 1810 assum-

253 1851 482 1924 ptum3
516 1843 652 1924 jam
692 1844 860 1904 enim
906 1843 1238 1924 probatum
1273 1848 1367 1904 est
1399 1861 1516 1904 nec
1549 1847 1820 1924 potesta·-

253 1944 410 2012 tem,
465 1955 578 2000 nec
619 1936 1002 2000 voluntatem
1052 1934 1418 2016 legislatoris
1455 1953 1819 1997 concurrere

253 2029 334 2094 ad
383 2031 572 2094 talem
611 2029 1054 2108 obligationem
1094 2028 1557 2108 imponendam.
1611 2029 1824 2090 Tertia

251 2125 408 2186 item
427 2124 584 2186 ratio
603 2123 838 2186 nullius
851 2131 945 2186 est
967 2125 1264 2186 momenti
1283 2139 1306 2200 ;
1325 2140 1472 2184 nam
1496 2121 1820 2202 particula,

247 2218 384 2300 ipso
419 2221 610 2296 facto,
655 2216 753 2277 vel
791 2215 924 2300 ipso
948 2217 1120 2296 jure,
1161 2215 1351 2280 habet
1387 2216 1540 2278 alios
1575 2214 1824 2276 effectus

253 2309 709 2372 confiscationis
734 2327 804 2370 su
808 2327 920 2389 pra
941 2307 1303 2383 declaratos»,
1331 2315 1395 2372 et
1417 2308 1556 2370 ideo
1583 2326 1706 2369 non
1733 2314 1825 2368 est

253 2402 589 2484 superflua,
623 2405 673 2464 si
697 2405 888 2464 istum
919 2421 1046 2468 non
1075 2401 1324 2464 babeat.

335 2499 398 2558 7.
443 2497 856 2580 Impuguatur
885 2496 1198 2561 distinctio
1227 2494 1528 2576 opinionis
1555 2497 1827 2563 secunda

254 2593 326 2653 in
353 2608 420 2652 τι.
453 2593 616 2652 2.-
633 2589 739 2656 Aa
758 2588 956 2672 ipsius
993 2590 1278 2656 motivum
1301 2590 1448 2652 ibid.
1467 2586 1668 2652 —Ad
1689 2606 1826 2652 oon-

251 2682 686 2760 fimatt'onem.
711 2715 796 2730 -
823 2683 1022 2762 Atque
1059 2700 1138 2744 ex
1172 2681 1270 2744 his
1302 2682 1688 2742 concluditur
1719 2701 1829 2744 su-

253 2776 564 2858 perfluum
594 2793 723 2838 esse
751 2776 1210 2836 distinctionem
1239 2793 1428 2855 quam
1455 2775 1710 2839 adhibet
1735 2793 1830 2836 se·

255 2870 463 2932 mmda
503 2871 742 2950 opinio,
777 2868 854 2931 de
902 2867 1195 2930 hoeretico
1231 2868 1493 2944 occulto,
1523 2869 1621 2930 vel
1653 2879 1826 2944 note,

259 2965 406 3044 quia
439 2962 544 3024 bic
582 2979 711 3025 non
743 2977 988 3042 agimus
1016 2961 1092 3022 de
1126 2960 1501 3040 obligatione
1532 2961 1823 3037 aliorum,

257 3057 360 3120 sed
387 3056 470 3118 de
501 3055 881 3136 obligatione
921 3055 1239 3134 ipsiusmet
1279 3055 1547 3116 haeretici
1589 3057 1670 3116 ad
1705 3062 1826 3116 tra·

255 3150 462 3222 denda
485 3149 650 3210 bona
675 3165 820 3224 sua3
848 3167 994 3209 nam
1018 3147 1066 3208 si
1095 3147 1176 3208 ad
1203 3147 1365 3209 hanc
1385 3147 1828 3228 obligationem

255 3243 486 3307 sufficit
521 3243 746 3318 notitia
785 3242 942 3304 taeta
977 3249 1155 3304 extra
1194 3241 1562 3304 sententiam
1599 3241 1828 3320 juridi-

255 3355 418 3410 cam,
447 3335 776 3398 haereticus
811 3335 1082 3396 occultus
1113 3335 1514 3398 sufficientem
1540 3335 1826 3396 notitiam

258 3431 448 3492 babet
474 3431 570 3492 sni
605 3429 836 3504 delicti,
867 3429 1108 3490 etiamsi
1135 3428 1214 3488 ab
1240 3428 1378 3488 aliis
1407 3447 1530 3490 non
1559 3429 1824 3506 sciatur-3

259 3542 412 3602 ergo
437 3541 567 3584 non
595 3525 804 3584 minus
835 3521 1210 3598 obligabitur
1236 3522 1303 3582 in
1333 3520 1553 3580 delicto
1584 3519 1826 3581 occulto

261 3635 452 3696 quam
491 3618 558 3676 in
595 3615 864 3695 public-0,
893 3615 1038 3693 qnia
1069 3615 1184 3693 ipsi
1211 3632 1338 3674 non
1368 3620 1460 3674 est
1488 3612 1824 3689 occultum,

259 3717 320 3772 et
343 3712 440 3770 ita
463 3715 554 3772 est
581 3709 987 3790 impertinens
1013 3707 1279 3768 aliorum
1311 3707 1552 3768 notitia.
1589 3707 1656 3766 Si
1682 3725 1829 3767 vero

259 3804 466 3881 major
483 3803 706 3864 notitia
725 3820 910 3881 qnam
933 3801 1078 3864 facti
1103 3802 1336 3881 proprii
1359 3801 1692 3861 necessaria
1713 3807 1828 3874 est,

259 3898 538 3976 profecto
559 3896 667 3956 illa
686 3896 805 3956 erit
831 3897 1200 3971 necessaria,
1227 3912 1413 3974 quam
1436 3893 1535 3954 lex
1555 3895 1832 3974 praescri·

259 3991 384 4067 bit3
403 3989 504 4050 lex
532 3995 742 4050 autem
765 3989 1033 4068 postulat
1053 3989 1338 4050 notitiam
1363 3985 1691 4065 juridicam
1723 4005 1833 4066 per

261 4085 636 4146 sententiam
657 4106 675 4160 ;
698 4101 846 4160 ergo
875 4082 1050 4144 nulla
1077 4083 1198 4144 alia
1225 4079 1472 4142 sufficit.
1497 4082 1574 4142 Et
1596 4081 1682 4141 ita
1705 4099 1832 4142 non

263 4177 541 4258 procedit
576 4177 882 4238 motivum
919 4175 1088 4236 illius
1121 4173 1455 4254 opinioniS,
1503 4174 1645 4253 quia
1689 4191 1832 4234 sen·

267 4273 464 4332 tentia
525 4289 653 4332 non
709 4275 960 4350 propter
1023 4284 1482 4347 quamcumque
1549 4267 1835 4326 notitiam

263 4366 458 4426 etiam
487 4362 801 4443 publicam
843 4362 1206 4441 requiritur,
1237 4360 1346 4422 sed
1373 4359 1561 4420 etiam
1588 4366 1836 4439 propter

263 4457 553 4521 notitiam
580 4456 934 4533 juridicam,
965 4473 1106 4534 quai
1141 4454 1216 4513 ad
1267 4453 1566 4531 majorem
1609 4453 1832 4512 huma·

263 4566 416 4611 nam
463 4549 924 4624 certitudinem,
969 4555 1032 4608 et
1077 4545 1430 4626 reipublicae
1479 4545 1836 4606 satisfactio·

265 4660 442 4716 nem,
473 4641 635 4702 etad
668 4643 947 4704 vitandas
972 4639 1240 4714 fraudes,
1269 4658 1377 4719 per
1405 4639 1604 4717 legem
1631 4645 1840 4719 postu-

261 4735 473 4812 latnr3
521 4749 584 4796 et
614 4735 754 4796 ideo
779 4734 1050 4795 conditio
1094 4753 1131 4793 a
1171 4733 1306 4810 lege
1337 4733 1554 4812 posita,
1595 4733 1840 4811 proprie

263 4834 334 4890 et
371 4829 446 4888 in
486 4829 688 4908 specie
731 4827 1049 4906 implenda
1101 4832 1214 4900 est,
1255 4834 1324 4885 ut
1364 4827 1504 4886 talis
1546 4825 1842 4902 obligatio

265 4921 534 4984 oriatur.
565 4922 702 4982 Imo
742 4921 980 4982 addunt
1019 4925 1300 4980 auctores
1341 4936 1558 4996 graves
1593 4916 1768 4978 relati
1809 4935 1847 4977 a

266 5013 578 5087 Furinae„
619 5014 724 5077 illo
776 5031 1038 5074 numero
1081 5012 1380 5090 vigesimo
1421 5011 1625 5084 terti0,
1683 5011 1848 5072 inter

266 5123 423 5185 quos
463 5113 558 5168 est
603 5106 900 5180 Sanchez,
949 5113 1012 5168 et
1051 5106 1303 5179 Melina,
1347 5106 1414 5166 in
1459 5111 1586 5166 tam
1625 5104 1846 5166 acerba

271 5217 458 5278 poena
483 5219 612 5260 nou
635 5201 828 5260 teneri
851 5218 993 5260 eum
1011 5197 1198 5260 etiam
1223 5205 1358 5277 post
1383 5198 1752 5258 sententiam
1769 5196 1836 5258 in

266 5311 334 5352 se
369 5292 559 5352 talem
593 5309 840 5372 poeuam
869 5292 1116 5371 exequi,
1151 5291 1256 5352 scd
1282 5293 1397 5351 hoc
1426 5291 1736 5371 pertinere
1759 5289 1839 5350 ad

261 5387 582 5466 judicem3
627 5387 704 5448 ad
761 5403 938 5450 reum
995 5404 1138 5448 vero
1192 5386 1394 5447 solum
1447 5391 1722 5465 spectare
1771 5388 1842 5442 nt

267 5481 568 5562 patiatur,
620 5487 682 5542 et
735 5499 864 5542 non
910 5480 1171 5540 resistat.
1232 5481 1314 5540 Dc
1366 5497 1484 5557 qua
1539 5497 1604 5540 rc
1647 5477 1844 5538 videri

1887 451 2143 529 possunt
2172 463 2317 526 quae
2344 445 2471 521 dixi
2500 446 2659 513 libro
2693 449 2731 510 5
2760 447 2837 510 de
2862 447 3149 527 Legibus,
3180 467 3316 530 cap.
3352 451 3453 513 10.

1889 538 2064 600 Unde
2092 539 2171 599 ad
2202 539 2737 603 confirmationem
2763 539 3189 620 respondetur,
3230 542 3457 605 falsum

1890 632 2083 694 etiam
2113 649 2243 694 esse
2280 631 2445 710 quod
2473 633 2662 701 sumit
2688 651 2703 706 ;
2741 650 2888 700 nam
2919 633 3104 694 etiam
3136 635 3319 706 fiscus
3348 654 3460 704 seu

1892 723 2164 784 ministri
2233 724 2367 804 ejus
2423 743 2551 785 non
2618 731 2875 808 possunt
2936 745 3233 807 occupare
3295 729 3461 792 bona

1892 816 2191 892 haeretici,
2248 819 2435 878 etiam
2486 819 2617 881 noti
2662 837 2775 904 per
2814 819 3069 896 famam,
3122 829 3461 903 antequam

1893 911 2359 977 condemnetur.
2404 911 2557 972 Nam
2580 906 2724 972 licct
2748 913 2940 994 possit
2980 915 3321 979 custodiam
3352 916 3461 978 ad-

1898 1000 2135 1078 hibere,
2187 1010 2257 1063 ut
2299 1001 2475 1079 solet,
2522 1022 2599 1066 ne
2641 1003 2792 1084 talia
2834 1005 2997 1067 bona
3036 1006 3255 1074 furtim
3290 1007 3463 1070 anfe-

1894 1100 2135 1170 rantur,
2158 1113 2283 1156 non
2304 1103 2502 1175 potest
2518 1101 2728 1176 tamen
2752 1097 3001 1176 illorum
3019 1101 3463 1187 possessionem

1895 1187 2197 1266 accipere,
2228 1205 2374 1264 nam
2406 1187 2523 1248 hoc
2551 1188 2643 1266 illi
2671 1191 3057 1290 prohibitum
3086 1199 3177 1268 est
3206 1193 3273 1275 in
3298 1193 3463 1264 dicto

1895 1295 2029 1356 cap.
2062 1278 2213 1342 Cum
2246 1281 2563 1343 secundum
2592 1280 2753 1364 loyes
2768 1307 2795 1357 ;
2831 1301 2981 1345 nam
3014 1284 3178 1366 quod
3214 1285 3355 1370 jure
3382 1284 3465 1346 ab

1896 1371 2020 1432 alio
2044 1373 2409 1452 possidetur,
2430 1373 2680 1452 nonnisi
2704 1394 2816 1455 per
2841 1376 3133 1456 injuriam
3159 1379 3463 1456 aufertur,

1895 1471 1968 1524 ut
1988 1465 2212 1528 dicitur
2246 1467 2311 1529 in
2340 1485 2477 1547 cap.
2510 1467 2593 1530 In
2620 1467 2873 1544 litteris,
2896 1469 2973 1532 de
3004 1471 3287 1535 Restitut.
3320 1489 3467 1552 spo-

1894 1557 2103 1635 liator.
2149 1561 2223 1620 Et
2269 1559 2407 1621 ideo
2447 1560 2500 1620 si
2535 1560 2685 1625 tales
2714 1562 2985 1627 ministri
3018 1571 3320 1646 occupent
3352 1565 3467 1626 bu·

1890 1651 2166 1732 jusmodi
2212 1653 2399 1728 bona,
2440 1653 2826 1731 restituenda
2860 1661 3030 1732 sunt,
3066 1663 3127 1727 et
3170 1657 3239 1720 in
3274 1656 3471 1742 priori

1897 1752 2063 1809 statu
2100 1746 2531 1819 constituenda
2568 1766 2763 1830 usque
2804 1748 2884 1822 ad
2924 1750 3319 1828 sententiam,
3367 1751 3469 1817 vel

1899 1841 2095 1903 donec
2120 1846 2260 1922 post
2272 1841 2647 1914 sententiam
2662 1841 2865 1922 ‘judex
2891 1844 3317 1918 executionem
3332 1843 3468 1912 fieri

1900 1934 2241 2018 praecipiat.

2506 2130 2723 2182 ssscho
2768 2132 2851 2184 ΙΙΙ.

1917 2297 2147 2362 Utrum
2175 2297 2490 2380 hero-etim
2514 2298 2699 2362 etiam
2736 2317 2848 2380 per
2880 2297 3148 2376 accidens
3172 2301 3465 2390 occultus,

1986 2388 2116 2474 ipso
2148 2391 2307 2470 sacto
2337 2397 2392 2452 et
2432 2397 2572 2478 ento
2615 2409 2839 2476 omnem
2865 2394 3247 2470 senteutiam,
3296 2393 3473 2476 bono·

1987 2502 2127 2546 rum
2153 2500 2402 2546 suorum
2429 2483 2757 2564 dominium
2780 2487 3049 2550 amittat.

1992 2682 2021 2741 i
2036 2725 2051 2740 .
2104 2681 2325 2742 Prima
2371 2682 2669 2747 sententia
2714 2685 3061 2764 affirmans.
3114 2716 3191 2732 --
3226 2683 3475 2752 Funda-

1907 2783 2193 2837 mentum.
2238 2807 2317 2820 —-
2366 2773 2669 2848 Quoniam
2720 2775 3025 2845 bonorum
3078 2779 3372 2858 possessio
3412 2787 3475 2846 et

1906 2867 2175 2926 retentio
2225 2884 2368 2926 cum
2427 2885 2545 2932 usu
2600 2866 2889 2933 distincta
2938 2875 3032 2930 est
3078 2888 3121 2937 a
3170 2871 3471 2948 dominio,

1909 2959 2069 3031 ideo,
2114 2958 2257 3044 licet
2301 2961 2367 3021 in
2408 2960 2775 3040 praecedenti
2820 2963 3090 3035 sectione
3132 2964 3363 3037 dictum
3394 2967 3475 3031 sit

1913 3051 2279 3114 haereticum
2329 3051 2489 3129 juste
2542 3052 2807 3116 retinere
2860 3053 3025 3126 bona
3084 3076 3217 3134 sua,
3276 3057 3473 3122 donec

1913 3144 2379 3221 condemnetur,
2408 3143 2814 3220 nihilominus
2838 3156 3052 3220 manet
3094 3134 3360 3215 ¹dubium
3388 3170 3470 3218 an

1907 3237 2259 3313 dominium
2287 3239 2477 3312 etiam
2516 3240 2799 3303 retineat.
2838 3241 2903 3300 ln
2946 3260 3071 3320 quo
3109 3243 3311 3322 prima
3336 3262 3475 3308 sen·
3535 3280 3548 3295 ·

1907 3332 2105 3390 tentia
2128 3337 2191 3392 et
2227 3331 2405 3392 valde
2429 3334 2775 3396 communis
2798 3341 2913 3410 est,
2960 3336 3317 3400 baereticum
3353 3345 3475 3402 sta·

1913 3424 2024 3486 tim
2086 3425 2371 3486 amittere
2422 3425 2771 3491 dominium
2828 3427 3131 3498 bonorum
3194 3449 3468 3497 suorum.

1911 3518 2001 3578 lta
2030 3523 2200 3578 tenet
2222 3518 2477 3587 Bartol.,
2522 3520 2586 3579 in
2617 3520 2658 3581 l.
2693 3521 3060 3606 Imperator,
3092 3521 3157 3584 ff.
3206 3523 3283 3584 dc
3328 3525 3475 3590 Jure

1912 3609 2082 3686 fisci,
2131 3610 2337 3672 Abhas
2383 3619 2445 3671 et
2483 3612 2705 3674 Felin..
2752 3613 2819 3673 iu
2870 3615 3067 3694 capite
3120 3616 3342 3681 ultimo
3396 3619 3473 3680 de

1911 3705 2134 3764 Haeret.
2144 3725 2162 3779 3
2193 3705 2499 3771 Antonius
2528 3706 2775 3774 Gomez,
2801 3706 2959 3770 libro
2990 3710 3169 3772 tertio
3204 3711 3473 3784 variar„

1911 3799 2111 3874 capite
2156 3798 2453 3873 secundo,
2500 3817 2699 3877 neque
2753 3801 2820 3859 in
2867 3802 3067 3880 capite
3112 3800 3332 3865 ultimo
3377 3821 3475 3863 re-

1913 3897 2139 3951 tractat
2178 3891 2549 3951 sententiam
2595 3894 2795 3970 quoad
2848 3893 3009 3954 hanc
3057 3903 3318 3973 partem,
3370 3894 3477 3956 sed

1914 3985 2115 4063 potins
2144 3982 2469 4044 confirmat
2496 4003 2760 4045 numero
2788 3990 2845 4046 4.
2882 3987 3077 4048 Tenet
3118 3988 3305 4048 etiam
3331 3987 3475 4055 Gre-

1915 4077 2125 4156 gorius
2157 4077 2375 4158 Lopez‚
2408 4077 2473 4137 in
2506 4076 2613 4136 lib.
2646 4079 2708 4152 4,
2734 4078 2828 4138 tit.
2858 4079 2921 4151 2,
2952 4079 3161 4158 partit.
3190 4082 3473 4160 septima,

1915 4170 2025 4231 ubi
2080 4170 2286 4250 plures
2331 4169 2580 4247 allegat.
2642 4169 3061 4250 Eamdemqne
3108 4173 3477 4234 sententiam

1916 4268 2275 4342 supponunt
2331 4264 2598 4338 Medma,
2657 4263 2937 4324 Corduba
3004 4269 3066 4324 et
3121 4263 3355 4340 Castro,
3412 4265 3479 4327 in

1917 4356 2286 4438 praecedenti
2332 4356 2599 4418 sectione
2651 4356 2942 4434 allegati,
3005 4375 3079 4418 ac
3132 4365 3482 4436 sequuntur

1915 4452 2329 4512 communiter
2353 4451 2633 4517 moderni
2677 4450 2997 4528 Theologi,
3056 4451 3115 4510 2.
3174 4454 3236 4526 2,
3288 4469 3483 4530 quaes-

1923 4545 2089 4606 tione
2117 4548 2144 4604 i
2164 4548 2216 4618 Ι,
2246 4549 2363 4604 art.
2392 4547 2431 4606 2
2462 4550 2525 4605 et
2552 4545 2588 4604 3
2614 4559 2635 4620 3
2664 4545 2843 4618 Azor,
2872 4551 3022 4604 tom.
3059 4539 3118 4618 1,
3149 4543 3258 4604 lib.
3292 4547 3351 4618 5,
3383 4561 3485 4609 ca·

1921 4638 2047 4716 pite
2079 4639 2141 4712 7,
2172 4638 2507 4716 quaestione
2550 4637 2840 4710 secunda,
2872 4654 3111 4696 necnon
3151 4635 3356 4697 Fal-in.
3406 4648 3486 4700 de

1923 4732 2179 4802 Hoeres„
2205 4737 2419 4808 quaest.
2463 4731 2603 4802 190,
2636 4746 2810 4801 num.
2838 4729 2957 4790 -68.
2987 4729 3487 4805 Fundamentum

1925 4825 2180 4883 unicum
2210 4830 2323 4896 est,
2353 4823 2499 4903 quia
2520 4821 2623 4884 lex
2650 4823 2923 4884 humana
2951 4829 3150 4900 potest
3175 4821 3335 4882 hanc
3362 4805 3490 4901 pfe-

1927 4933 2075 4976 nam
2100 4915 2219 4976 boc
2244 4916 2426 4976 modo
2456 4915 2797 5000 imponere,
2826 4921 2888 4976 et
2918 4916 3120 4976 valide
3148 4923 3209 4976 et
3228 4917 3412 4994 juste,
3440 4915 3492 4976 si

1927 5007 2219 5070 delictum
2246 5009 2327 5068 sit
2362 5007 2469 5068 illa
2506 5007 2767 5088 dignum
2791 5024 2813 5088 3
2856 5015 2919 5082 et
2947 5026 3021 5083 eit
3051 5008 3252 5069 verbis
3280 5008 3493 5088 legum

1925 5101 2076 5162 satis
2108 5099 2421 5180 colligitur
2458 5100 2741 5174 voluntas
2768 5100 3135 5180 imponendi
3174 5100 3337 5160 hanc
3358 5117 3493 5180 poe-

1925 5211 2075 5260 nam
2099 5187 2213 5261 isto
2240 5194 2461 5269 mod03
2492 5213 2604 5254 nec
2630 5193 2900 5256 dubitari
2942 5200 3142 5273 potest
3185 5193 3337 5273 quin
3378 5193 3497 5254 hoc

1919 5287 2214 5349 delictum
2266 5285 2346 5346 sit
2385 5287 2542 5358 tale;
2592 5304 2740 5364 crgo
2768 5287 2844 5348 de
2874 5286 3035 5348 facto
3077 5287 3369 5365 imposita
3396 5302 3505 5354 est

1921 5379 2063 5440 talis
2128 5396 2339 5460 poena.
2412 5381 2607 5457 Major
2664 5379 2739 5438 de
2800 5383 3097 5457 potestate
3164 5379 3487 5458 probatur,

1923 5474 2148 5554 primo,
2182 5473 2333 5554 quia
2359 5490 2579 5553 poenas
2610 5490 2764 5552 pure
2792 5472 3129 5552 privativas
3167 5477 3365 5551 potest
3388 5474 3488 5534 lex
