3900 6217
707 430 876 482 smr.
914 431 993 482 Vl.
1031 431 1113 482 AN
1146 431 1251 492 QUI
1283 428 1535 481 ΟΜΙΤΤΙΤ
1571 426 1733 479 DARE
1766 428 2220 481 ELEEMOSYNAM
2253 431 2377 483 CUM
2409 431 2714 496 ΤΕΝΕΤΗΒ,
2750 435 2885 487 E‘rc,

196 530 411 607 renda,
452 532 554 607 24,
599 539 816 611 quaest.
858 536 934 609 33
974 538 1035 593 et
1074 534 1388 603 suadetur,
1431 548 1576 591 nam
1608 536 1757 589 tunc

192 624 393 684 solum
442 624 753 704 obligatur
782 626 920 705 quis
948 626 1025 686 ad
1073 626 1455 685 resarcienda
1500 622 1751 695 damna,

192 718 446 795 quando
485 726 825 797 sequuntur
870 738 944 778 ex
973 720 1215 779 actione
1244 717 1562 795 injuriosa,
1596 713 1753 774 scili-

191 816 286 869 cet
318 817 536 871 contra
567 812 873 890 justitiam
924 812 1447 872 commutativam.
1488 810 1565 867 Et
1610 826 1753 867 con-

189 902 508 976 firmatur,
537 904 682 981 quia
708 903 925 965 titulus
958 904 1361 965 restitutionis
1388 907 1633 961 tantum
1663 903 1754 959 est

187 996 443 1075 duplex,
493 998 722 1076 injusta
774 999 1070 1077 accepti0‚
1112 1004 1171 1057 et
1211 1015 1308 1058 res
1340 1006 1619 1073 accepta;
1667 992 1753 1051 ibi

186 1095 405 1149 autem
436 1097 652 1150 neuter
678 1092 1031 1151 intervenit.
1065 1090 1157 1149 Ad
1205 1093 1644 1167 argumentum
1678 1104 1751 1145 ex

187 1182 484 1260 Cajetano
510 1190 571 1243 et
610 1186 1087 1257 'l'urre‹·‚1emat.,
1122 1183 1549 1261 respondetur,
1596 1180 1755 1238 sieut

183 1275 290 1335 ille
344 1279 451 1355 qui
498 1278 825 1339 subvenire
880 1278 1087 1337 omisit
1146 1295 1270 1336 nou
1320 1274 1635 1350 obligatur
1675 1290 1753 1332 ex

182 1370 429 1446 justitia
479 1370 951 1443 commutativa,
1011 1371 1099 1431 ita
1150 1388 1353 1447 neque
1408 1386 1552 1427 vere
1607 1366 1754 1425 facit

192 1464 511 1541 propriam
535 1464 858 1540 injuriam,
894 1481 1097 1541 neque
1127 1468 1373 1522 tenetur
1407 1459 1483 1519 ad
1512 1458 1757 1518 restitu-

186 1556 453 1630 tionem,
488 1557 585 1616 vel
629 1556 1081 1637 reparationem
1119 1554 1283 1615 illius
1310 1553 1559 1628 damni;
1602 1558 1664 1611 et
1704 1551 1755 1609 si

186 1648 449 1709 fortasse
483 1649 792 1729 obligatur
822 1649 1133 1709 interdum
1164 1666 1240 1708 ex
1272 1647 1515 1726 justitia
1543 1643 1751 1722 legali,

188 1742 409 1802 saltem
438 1749 714 1823 respectu
744 1742 891 1801 boni
916 1742 1262 1801 communis
1277 1786 1295 1815 ,
1326 1745 1390 1798 at
1422 1738 1603 1815 liujus
1617 1738 1750 1815 jus-

184 1837 339 1897 titiae
368 1835 642 1911 violati0,
674 1854 799 1895 non
825 1834 1060 1911 obligat
1082 1834 1156 1893 ad
1182 1832 1657 1903 restitutionem,
1678 1836 1749 1891 ut

184 1947 301 1987 suo
340 1930 473 1988 loco
524 1928 764 1988 dicetur
806 1931 847 1988 ¹.
899 1927 989 1987 Ad
1040 1928 1341 1986 rationem
1395 1925 1516 1999 dic,
1548 1923 1749 1983 solum

180 2021 447 2099 probare
507 2027 769 2081 mortem
810 2019 906 2081 vel
948 2020 1244 2081 damnum
1298 2018 1561 2095 proximi
1618 2034 1749 2075 esse

176 2113 600 2173 voluntarium
632 2113 941 2174 emittenti
983 2113 1466 2188 eleemosynam,
1499 2127 1621 2169 non
1658 2115 1748 2167 ta-

178 2225 327 2266 men
384 2224 511 2265 esse
550 2206 838 2265 effectum
885 2205 963 2265 ab
1006 2205 1136 2278 illo,
1182 2207 1329 2282 quia
1372 2209 1441 2261 ut
1488 2220 1600 2279 ego
1631 2202 1747 2261 sim

178 2318 363 2359 causa
388 2300 601 2359 mortis
633 2300 923 2377 proximi,
945 2316 1069 2357 non
1094 2298 1240 2357 satis
1261 2300 1349 2354 est
1369 2294 1523 2354 velle
1548 2294 1745 2367 illam,

180 2392 291 2451 sed
320 2398 558 2471 oportet
591 2392 799 2469 aliquo
833 2391 1015 2449 modo
1063 2389 1317 2449 influere
1344 2403 1363 2463 ;
1399 2386 1499 2445 hic
1540 2392 1747 2446 autem

177 2504 309 2543 non
342 2485 545 2543 influit
573 2484 845 2563 physice,
886 2490 953 2543 ut
992 2502 1103 2561 per
1143 2500 1205 2542 se
1236 2487 1495 2552 constat,
1548 2497 1749 2557 neque

181 2577 527 2650 moraliter,
573 2578 719 2655 quia
762 2594 887 2636 non
935 2576 1083 2635 facit
1126 2575 1441 2653 injuriam.
1482 2575 1549 2634 ln
1584 2574 1749 2650 capi·

180 2672 329 2731 tulis
357 2678 567 2731 autem
598 2671 819 2743 citatiS‚
868 2668 1087 2728 modus
1114 2668 1404 2746 loquendi
1436 2667 1614 2727 latior
1656 2671 1748 2725 est

178 2765 523 2842 aliquantO,
552 2782 699 2823 nam
742 2763 1055 2822 homicida
1104 2762 1351 2833 dicitur,
1395 2761 1500 2838 qui
1534 2759 1750 2838 quovis

178 2857 368 2915 modo
398 2856 528 2915 vult
558 2862 818 2915 mortem
850 2856 1146 2935 proximi;
1182 2854 1389 2932 itaque
1424 2852 1625 2911 solum
1660 2854 1752 2911 in-

181 2948 467 3008 tenditur
508 2948 661 3008 illud
699 2948 996 3007 damnum
1035 2947 1299 3025 proximi
1332 2945 1625 3024 imputari
1666 2946 1753 3005 al-

183 3042 304 3100 teri
337 3040 412 3100 ad
444 3040 712 3120 culpam,
754 3041 857 3099 sed
888 3058 1010 3099 non
1042 3040 1118 3099 ad
1147 3040 1463 3117 injuriam.
1501 3037 1591 3098 Ad
1625 3036 1749 3116 pri-

180 3150 354 3191 mam
400 3134 957 3207 confirmationem,
998 3132 1098 3193 dic
1128 3130 1282 3191 nihil
1322 3130 1548 3191 referre
1582 3130 1745 3209 quod

179 3228 255 3285 in
300 3232 573 3286 extrema
604 3227 963 3286 necessitate
992 3225 1155 3285 bona
1204 3225 1329 3283 sint
1364 3224 1742 3299 communia,

178 3337 333 3378 nam
359 3336 431 3379 ex
461 3320 521 3378 vi
554 3318 718 3378 illius
742 3318 899 3398 juris
942 3316 1139 3377 solum
1179 3318 1435 3395 quisque
1462 3318 1628 3377 valet
1671 3334 1745 3375 ea

178 3412 389 3489 primo
418 3429 711 3489 occupare
739 3410 968 3490 absque
993 3411 1223 3487 injuria
1251 3410 1524 3483 alterius,
1545 3409 1607 3469 id
1628 3415 1741 3483 est,

176 3503 422 3563 nullam
446 3504 623 3565 alteri
651 3506 773 3564 vim
797 3504 1093 3564 faciendo,
1125 3503 1215 3563 Ad
1241 3502 1575 3563 secundam
1600 3521 1736 3561 cou-

180 3596 625 3671 firmationem,
659 3603 729 3656 ut
757 3597 895 3675 quis
926 3598 1113 3675 possit
1145 3594 1405 3673 obligari
1434 3614 1472 3655 a
1512 3595 1736 3673 judice,

179 3692 331 3749 satis
378 3697 533 3750 esset
572 3690 868 3768 obligatio
915 3689 1173 3767 justitiae
1222 3687 1459 3765 legalis,
1494 3688 1743 3765 quando

178 3784 511 3843 necessitas
555 3783 899 3843 communis
933 3781 1277 3842 intercedit.
1328 3782 1629 3841 Praeterea
1660 3780 1743 3839 le-

178 3894 293 3954 ges
342 3882 403 3935 et
445 3876 841 3953 magistratus
890 3874 1101 3935 civiles
1144 3892 1269 3934 non
1319 3873 1518 3933 solum
1572 3880 1743 3933 actus

172 3968 461 4046 justitiae,
508 3968 610 4028 sed
650 3970 835 4027 etiam
890 3967 1344 4040 misericordiae,
1400 3972 1463 4025 et
1508 3973 1743 4045 tempe-

176 4061 403 4120 rantiae
429 4060 731 4139 imperare
762 4067 1031 4139 possunt,
1066 4065 1128 4118 et
1161 4059 1251 4119 ita
1282 4058 1441 4117 nihil
1464 4060 1745 4138 sequitur

180 4154 563 4213 eontrarium
592 4161 815 4213 nostroe
844 4152 1227 4213 resolutioni.

264 4248 325 4305 3.
354 4246 617 4307 Dubium
641 4247 707 4307 de
730 4243 1303 4308 Ecclesiastioorum
1328 4246 1737 4324 eleemosynis.

176 4338 553 4398 —Restabat
573 4338 854 4412 dubium,
886 4357 966 4398 au
989 4338 1209 4397 saltem
1239 4337 1532 4398 habentes
1554 4338 1741 4399 eccle-

178 4433 427 4491 siastiea
456 4431 615 4491 bona
648 4437 972 4491 teneantur
1000 4449 1075 4489 ex
1103 4430 1339 4508 justitia
1368 4430 1445 4489 ad
1471 4430 1741 4491 dandam

180 4524 664 4601 eleemosynam,
684 4532 868 4603 atque
892 4524 1067 4597 ade0,
1087 4525 1134 4582 si
1152 4524 1464 4597 omittant,
1489 4530 1743 4583 tencau—

178 4624 288 4677 tur
312 4617 384 4675 ad
408 4616 879 4677 restitutionem.
915 4616 1087 4689 Quod
1118 4617 1238 4675 late
1263 4616 1583 4693 disputant
1608 4622 1739 4675 tum

180 4709 478 4786 Theologi
504 4754 523 4783 ,
569 4716 701 4769 tum
740 4710 1117 4788 jurisperiti,
1162 4714 1224 4768 et
1263 4708 1576 4767 affirmant
1618 4726 1743 4767 non

180 4803 395 4881 pauci.
441 4802 553 4861 Hic
598 4809 803 4862 tamen
861 4802 1095 4860 omissis
1140 4800 1275 4860 aliis
1312 4800 1389 4859 ad
1434 4801 1743 4860 tractatio-

180 4912 334 4956 nem
363 4896 439 4955 de
462 4894 828 4969 redditibuS,
862 4892 1061 4953 solum
1098 4895 1160 4953 iu
1206 4912 1429 4971 genere
1468 4895 1628 4969 dico,
1667 4912 1743 4953 ex

180 4990 284 5050 his
327 4990 527 5064 bonis,
575 5006 837 5068 quorum
880 4986 1270 5047 ecclesiastici
1304 4994 1448 5047 sunt
1483 4988 1741 5063 domini,

176 5084 385 5144 teneri
419 5102 491 5144 ex
538 5082 665 5143 solo
708 5080 956 5141 vinculo
1000 5080 1336 5155 charitatis·‚
1384 5081 1605 5159 majori
1646 5088 1742 5139 ta-

180 5194 333 5237 men
363 5194 548 5255 quam
584 5175 689 5236 alii
716 5220 733 5248 ,
776 5188 912 5234 tum
950 5176 1095 5253 quia
1126 5173 1351 5233 debent
1379 5192 1507 5233 esse
1538 5174 1745 5233 Patres

178 5288 565 5351 pauperum,
614 5269 919 5348 praecipue
960 5266 1275 5347 Episcopi,
1320 5285 1395 5326 ex
1442 5271 1467 5325 1
1525 5266 1601 5325 ad
1648 5264 1746 5323 Ti-

270 5462 287 5495 ¹
333 5456 489 5518 Vide
515 5456 583 5517 in
626 5475 834 5537 opusc.
880 5454 956 5517 de
982 5456 1187 5517 Just'rt.
1231 5454 1362 5529 Dei,
1405 5460 1555 5516 sect.
1584 5456 1645 5530 4,
1676 5454 1745 5514 in

181 5550 333 5613 fine.

3273 430 3386 491 691

1836 530 2030 590 moth.
2065 534 2126 606 3,
2167 537 2229 592 et
2261 533 2336 591 ad
2374 534 2580 593 Titum
2618 539 2643 595 1
2685 550 2700 593 2
2737 535 2980 615 Oportet
3019 534 3393 617 Episcopum

1832 622 2412 703 irreprehensibilem
2444 644 2596 699 esse,
2646 634 2788 702 etc.‚
2827 628 3196 711 hospitalem,
3234 630 3394 691 beni-

1832 734 2042 795 9mcm,
2089 723 2202 777 etc.
2256 718 2332 777 Et
2377 718 2558 778 (locet
2600 720 3056 795 Tridentinum,
3100 739 3241 781 sese.
3286 726 3386 797 23,

1833 826 1970 886 cap.
2028 813 2086 883 1,
2137 810 2211 869 de
2255 810 2747 885 Reformatione3
2792 820 2922 873 tum
2969 814 3114 893 quia
3157 816 3396 877 ratione

1834 906 2027 961 status
2077 902 2304 963 debent
2347 923 2476 964 esse
2528 905 2664 965 aliis
2715 908 3020 986 exemplo,
3073 909 3346 987 Denique
3371 954 3389 984 ‚

1834 994 1982 1071 quia
2011 995 2249 1056 facilius
2277 996 2510 1057 habent
2536 1000 2848 1077 superflua
2863 1016 2884 1076 3
2935 1018 3058 1059 non
3083 1002 3250 1060 enim
3285 1003 3392 1063 ha·

1832 1086 1982 1147 hent
2006 1088 2228 1166 quibus
2253 1107 2330 1149 ex
2355 1090 2552 1149 officio
2573 1091 3007 1167 thesaurizent,
3039 1100 3100 1152 et
3122 1095 3186 1154 in
3217 1096 3395 1155 fami-

1832 1177 1916 1237 lia
1940 1186 2002 1238 et
2025 1187 2188 1240 statu
2211 1181 2435 1241 dehent
2457 1200 2585 1243 esse
2611 1184 3064 1259 moderatiores,
3093 1194 3160 1245 ut
3185 1194 3396 1247 monet

1836 1270 1998 1330 idem
2020 1274 2358 1334 Concilium
2381 1276 2814 1335 Tridentinum
2837 1295 2982 1338 sess,
3006 1281 3105 1353 25,
3129 1283 3310 1359 capit.
3333 1286 3390 1355 1,

1835 1362 1911 1423 (10
1944 1365 2423 1426 Reformatione.
2474 1368 2538 1427 Si
2571 1386 2717 1428 vero
2749 1369 2981 1429 habent
3003 1369 3212 1450 aliqua
3233 1372 3394 1433 bona

1834 1456 2240 1517 ecclesiastica
2266 1502 2281 1529 ‚
2327 1476 2590 1537 quorum
2639 1479 2767 1520 non
2803 1468 2948 1521 sunt
2985 1462 3242 1539 domiui,
3287 1466 3394 1525 sed

1834 1548 1956 1607 illis
1983 1550 2304 1627 designata
2323 1565 2467 1611 sunt
2490 1560 2559 1611 ut
2587 1554 2955 1614 distribuant
2979 1557 3039 1615 in
3070 1575 3391 1637 pauperes,

1833 1646 2122 1701 tenentur
2151 1661 2226 1702 ex
2247 1644 2490 1721 justitia
2518 1646 2685 1719 dare,
2726 1646 2840 1706 sub
2863 1647 3238 1725 obligatione
3265 1668 3389 1711 res-

1833 1734 2096 1793 tituendi
2129 1752 2146 1811 3
2195 1754 2277 1795 an
2307 1755 2453 1797 vero
2481 1738 2686 1817 aliqua
2716 1739 2878 1799 bona
2916 1741 3039 1801 siut
3069 1742 3393 1821 hujusmo-

1830 1825 1915 1899 di,
1962 1827 2196 1887 dieetur
2223 1830 2290 1888 in
2321 1830 2586 1890 materia
2617 1832 2694 1891 de
2724 1833 2984 1893 Decimis
3021 1839 3064 1893 ¹.
3112 1837 3392 1898 Nostram

1829 1937 1976 1979 vero
2013 1922 2450 1983 resolutionem
2490 1924 2742 1983 tradunt
2781 1927 3131 2003 cajetanus,
3171 1938 3388 2007 quaest.

1828 2013 1929 2083 87,
1973 2019 2090 2073 art.
2125 2016 2187 2089 3,
2225 2022 2285 2073 et
2321 2016 2460 2089 185,
2507 2018 2681 2077 artic.
2718 2020 2790 2092 73
2835 2019 3002 2094 Soto,
3040 2019 3146 2079 lib.
3199 2024 3274 2083 10
3317 2023 3394 2083 (10

1826 2105 2096 2180 Justitia,
2132 2114 2350 2185 quaest.
2385 2110 2446 2182 4,
2477 2109 2652 2169 artic.
2690 2111 2767 2186 33
2806 2110 3050 2183 Covar„
3083 2114 3157 2173 de
3185 2115 3394 2175 Testa-

1828 2199 2078 2269 mentiS‚
2111 2218 2248 2277 cap.
2286 2204 2385 2275 10,
2426 2207 2488 2260 01
2515 2201 2623 2263 lib.
2659 2206 2698 2263 2
2739 2203 3090 2277 Variarum,
3123 2225 3256 2285 cap.
3289 2210 3388 2281 17,

1828 2308 2000 2351 num.
2036 2296 2074 2351 5
2099 2308 2120 2368 3
2158 2294 2378 2354 Navar.
2411 2299 2470 2353 et
2499 2296 2808 2368 Sarmen.,
2836 2298 2901 2355 iu
2929 2299 3288 2359 tractatibus
3317 2302 3394 2361 de

1830 2385 2192 2454 Redditibus
2221 2387 2666 2463 eeclesiastieiS‚
2699 2397 2762 2447 et
2789 2390 2893 2449 alii
2927 2393 3319 2455 recentiores,

1907 2480 1968 2537 4.
2014 2477 2452 2541 Aduo-tendum
2489 2482 2830 2558 diliyenter.
2877 2516 2960 2529 --
3011 2484 3264 2558 Ultimo,
3303 2492 3395 2546 est

1828 2568 1891 2629 in
1923 2570 2038 2629 hae
2071 2573 2326 2631 materia
2353 2572 2802 2634 advertendum
2827 2593 2964 2653 quie
2996 2576 3291 2638 hacteuus
3317 2580 3392 2640 de

1829 2662 2219 2742 eleemosyna
2249 2666 2546 2743 corporali
2587 2668 2750 2727 dicta
2781 2674 2925 2727 sunt
2950 2714 2964 2737 ‚
2997 2672 3112 2729 etsi
3142 2672 3392 2733 videan-

1829 2763 1934 2815 tur
1970 2758 2364 2835 peculiariter
2403 2760 2521 2819 dici
2563 2760 2639 2819 de
2681 2760 2804 2819 illis
2845 2762 3131 2839 operibus
3162 2766 3394 2825 miseri-

1833 2850 2079 2924 cordiae,
2110 2868 2246 2929 quae
2267 2852 2428 2911 fiunt
2453 2870 2558 2930 per
2581 2858 2864 2913 externas
2885 2854 3152 2928 divit-ias,
3183 2864 3395 2917 tamen

1834 2944 2050 3003 eodem
2078 2944 2286 3018 modo,
2319 2953 2380 3004 et
2421 2964 2528 3023 per
2558 2946 2802 3005 easdem
2833 2945 3000 3023 leges
3029 2950 3394 3027 applicanda

1835 3054 1966 3096 esse
1995 3037 2070 3095 ad
2099 3055 2170 3097 ea
2199 3055 2383 3115 opera
2405 3039 2856 3113 misericordiae,
2889 3058 3028 3117 quae
3051 3042 3394 3103 consistunt

1828 3128 1893 3189 in
1922 3128 2266 3189 actionibus
2296 3130 2619 3205 humalde,
2667 3137 2736 3190 ut
2765 3140 2913 3191 sunt
2939 3133 3185 3193 visitare
3217 3134 3390 3195 infir·

1826 3240 2026 3295 mum,
2062 3222 2156 3281 vel
2181 3223 2244 3281 in
2275 3240 2514 3283 carcere
2542 3225 2965 3283 coustitutum.
2999 3226 3152 3285 Nam
3175 3226 3270 3286 hae
3293 3247 3391 3287 ae-

1825 3315 2024 3373 tiones
2052 3322 2196 3374 sunt
2224 3314 2388 3375 bona
2417 3316 2736 3394 quaedam,
2770 3335 2904 3394 quae
2933 3318 3266 3379 tribuimus
3295 3322 3388 3381 in-

1826 3404 2084 3481 digenti.
2130 3406 2305 3466 Unde
2335 3408 2778 3468 consideranda
2802 3418 2892 3469 est
2917 3409 2981 3469 iu
3009 3409 3106 3469 his
3130 3413 3394 3472 necessi·

1824 3510 1917 3557 tas
1954 3518 2028 3557 ex
2070 3504 2238 3579 parte
2284 3501 2570 3578 proximi,
2617 3500 2678 3559 id
2711 3508 2824 3575 est,
2857 3520 2938 3561 au
2983 3502 3074 3561 tui
3113 3503 3391 3582 indigeat

1824 3591 1932 3651 illo
1973 3598 2270 3669 tempore,
2315 3598 2376 3651 et
2420 3592 2682 3653 actione.
2735 3594 2904 3653 Idem
2949 3596 3024 3655 de
3068 3598 3384 3669 advocatO,

1824 3684 2073 3760 quando
2113 3686 2397 3763 pauperis
2430 3685 2534 3763 jus
2573 3686 2974 3764 periclitatur,
3019 3708 3098 3751 ne
3143 3690 3386 3753 defectu

1824 3778 2152 3855 patrocinii
2177 3795 2212 3837 a
2243 3780 2587 3856 potentiore
2620 3778 2901 3840 violetur.

2283 3982 2730 4043 DISPU'I'ATIO
2771 3984 2925 4044 Vlll.

1971 4174 2043 4218 nn
2083 4173 2394 4219 rmcnrro
2435 4174 2842 4222 coamrioms
2876 4178 3224 4225 rannus..

1904 4334 2191 4397 Primum
2207 4336 2614 4414 proemissum.
2632 4370 2712 4383 —
2737 4338 3102 4403 Secundum.
3131 4372 3212 4387 —
3237 4340 3384 4405 Ter·

1824 4427 1999 4488 tium.
2023 4460 2105 4473 —
2126 4430 2214 4489 Ex
2246 4429 2424 4488 dietis
2448 4430 2512 4488 in
2539 4432 2912 4507 praecedenti
2938 4434 3378 4513 disputatione,

1824 4520 2030 4599 colligi
2058 4523 2204 4581 satis
2237 4528 2434 4601 potest
2464 4542 2650 4601 opera
2678 4524 3018 4602 spiritualia
3044 4530 3385 4589 misericor·

1823 4614 1942 4674 diae
1976 4633 2100 4673 non
2136 4615 2341 4673 minus
2375 4634 2505 4675 esse
2547 4616 2610 4675 iu
2647 4626 2946 4695 praeeepto
2975 4666 2988 4689 ,
3035 4639 3220 4698 quam
3252 4640 3386 4682 cor-

1826 4706 2094 4787 poraha3
2131 4709 2278 4786 quia
2309 4714 2370 4769 et
2403 4714 2547 4767 sunt
2577 4711 2772 4787 magis
2809 4714 3150 4774 necessaria
3183 4717 3381 4792 proxi·

1826 4802 1967 4874 mis,
2012 4807 2073 4860 et
2107 4800 2346 4861 facilius
2379 4800 2654 4861 exhiberi
2701 4810 2948 4880 possunt
2979 4823 3111 4866 sme
3148 4807 3384 4869 incom-

1826 4895 2010 4953 modo
2039 4894 2262 4966 dantiS,
2308 4901 2370 4953 et
2404 4896 2662 4955 materia
2691 4904 2784 4955 est
2808 4895 3092 4958 nobilior.
3151 4900 3384 4963 Deinde

1828 4986 2297 5065 supponendum
2339 4992 2432 5047 est
2470 4985 2600 5048 haee
2640 5005 2826 5065 opera
2860 4989 3155 5067 distingui
3191 4993 3258 5053 in
3295 5012 3387 5054 se-

1828 5086 1996 5157 ptem
2025 5078 2327 5153 membra,
2368 5079 2444 5137 de
2470 5097 2733 5157 quorum
2761 5080 2983 5158 prime,
3015 5082 3271 5160 scilicet,
3307 5086 3384 5147 de

1825 5172 2186 5232 remissione
2211 5171 2605 5250 iujuriarum,
2623 5188 2691 5230 su
2701 5190 2808 5249 pra
2829 5174 2974 5231 satis
2993 5173 3226 5235 dictum
3247 5183 3340 5236 est
3358 5222 3380 5253 ,

1826 5281 1969 5323 cum
1996 5264 2071 5324 de
2098 5264 2489 5324 inimicorum
2519 5262 2840 5323 dilectione
2869 5282 3224 5341 ageremuS‚
3261 5267 3383 5329 dis-

1826 5362 1958 5435 put.
1987 5360 2048 5432 5,
2076 5364 2220 5417 sect.
2250 5358 2310 5427 5,
2338 5361 2402 5417 et
2425 5355 2503 5415 ad
2529 5354 2692 5414 idem
2715 5373 2868 5434 opus
2889 5364 3121 5436 spectat
3150 5360 3384 5437 patien-

1906 5546 1932 5585 2
1976 5544 2132 5606 Vide
2156 5545 2203 5606 1.
2229 5548 2262 5605 ·1
2296 5544 2372 5605 (10
2400 5543 2620 5606 Divino
2649 5542 2841 5618 cultu,
2869 5560 3001 5623 cap.
3033 5547 3131 5605 11.
