3900 6217
559 384 678 447 342³.

561 490 690 553 nisi
721 492 928 556 credat
953 492 1018 554 in
1044 494 1256 566 Deum,
1289 499 1350 555 et
1375 510 1559 573 supra
1577 494 1764 555 etiam
1789 499 2121 555 tractatum

559 589 672 642 est.
705 582 1055 647 Secundum
1082 586 1303 664 obstat,
1333 588 1480 667 quia
1509 586 1693 649 etiam
1721 587 2121 667 Pelagiauum

561 682 650 739 est
675 696 965 753 asserere,
1002 698 1076 742 ex
1103 687 1278 761 parte
1307 681 1651 743 intellectus
1683 699 1808 743 non
1843 700 1975 742 csse
2002 699 2119 743 ne-

561 770 886 834 cessarium
917 773 1220 836 auxilium
1244 776 1456 855 gratias
1485 775 1563 834 ad
1581 774 2109 853 justificationem,

560 873 635 927 ut
659 867 878 947 probat
907 868 1284 949 Augustinus
1311 871 1375 931 in
1411 870 1520 932 lib.
1551 870 1626 931 de
1657 870 1940 931 Praedest.
1966 868 2119 931 San-

563 967 798 1023 ctorum
821 1008 842 1038 ,
888 968 951 1025 et
1004 964 1390 1026 convincitur
1431 981 1507 1025 ex
1551 962 1754 1025 verbis
1810 962 1987 1024 Pauli
2014 1008 2033 1037 ,
2076 965 2117 1024 2

559 1054 636 1115 ad
679 1055 951 1118 Corinth.
989 1059 1026 1118 3
1062 1077 1076 1117 ε
1127 1056 1270 1121 Non
1313 1074 1523 1120 sumus
1560 1058 1930 1138 sufficientes
1959 1057 2118 1139 σορκ·-

563 1151 693 1212 tare
731 1149 969 1231 aliquid
1001 1152 1074 1213 cic
1111 1151 1303 1225 nobis,
1348 1152 1527 1233 quasi
1563 1170 1637 1214 ecc
1670 1152 1859 1226 nobis,
1906 1152 2118 1231 utique

563 1243 726 1320 quod
755 1246 833 1304 ad
863 1246 1165 1325 justitiam
1194 1246 1466 1308 conferat
1495 1251 1557 1306 et
1586 1247 1740 1306 utile
1771 1244 1873 1306 sit.
1916 1234 1926 1243 ’

643 1340 742 1399 10.
779 1339 1058 1404 Secunda
1092 1342 1367 1404 assertio.
1403 1372 1483 1385 —
1513 1339 1822 1403 Probatur
1859 1340 2118 1402 assertio

562 1434 1171 1497 auctoritatc.—Dico
1190 1433 1459 1496 secundo
1477 1448 1493 1494 ε
1511 1438 1680 1495 actus
1697 1432 1840 1493 fidei
1861 1434 1928 1493 in
1948 1432 2121 1494 adul-

561 1534 625 1591 to
653 1529 740 1590 ita
769 1536 856 1591 est
880 1528 1156 1591 medium
1184 1529 1591 1591 necessarium
1627 1528 1706 1590 ad
1737 1546 2119 1607 consequen-

561 1624 706 1685 dam
719 1622 1050 1703 justitiam,
1067 1628 1137 1684 ut
1154 1640 1398 1703 semper
1410 1623 1489 1682 sit
1502 1620 1916 1683 necessarium
1932 1621 1999 1680 in
2024 1638 2115 1697 re,

563 1719 714 1779 etin
740 1722 885 1778 voto
907 1716 1036 1778 solo
1075 1734 1200 1777 non
1236 1716 1497 1777 sufficiat
1515 1732 1536 1795 3
1575 1716 1794 1795 loquor
1833 1714 1900 1775 in
1925 1732 2121 1775 asser-

564 1810 731 1873 tione
759 1810 836 1871 de
859 1810 1289 1872 consecutione
1317 1808 1594 1889 justitiae,
1621 1810 1766 1889 quia
1789 1808 1840 1869 si
1871 1808 2119 1870 adultus

558 1902 846 1965 fueritin
891 1902 1156 1965 infantia
1194 1901 1564 1983 baptizatus,
1613 1908 1942 1983 posteaque
1984 1920 2121 1983 per-

563 2000 770 2060 veniat
795 1999 875 2060 ad
901 2016 1086 2059 usum
1136 1998 1424 2073 rationiS‚
1468 2015 1542 2058 ac
1587 1998 1906 2075 contingat
1945 1998 2121 2059 brevi

563 2100 836 2173 tempore
884 2092 1092 2153 vivere
1139 2090 1275 2153 sine
1318 2096 1565 2170 peccato
1593 2091 1864 2167 mortali,
1897 2096 1961 2152 et
1988 2089 2121 2152 sine

559 2192 696 2247 actu
730 2186 896 2263 fidei,
920 2184 1288 2272 salvabitur3
1332 2184 1480 2263 quia
1506 2183 1586 2245 ad
1635 2180 2121 2245 conservandam

557 2279 863 2357 justitiam
923 2278 1068 2339 satis
1109 2284 1201 2339 est
1254 2296 1381 2337 non
1442 2294 1693 2357 peccare
1747 2275 2116 2352 mortaliter,

561 2372 806 2434 etiamsi
829 2373 980 2434 fides
1007 2391 1132 2433 non
1153 2377 1543 2450 exerceatur3
1575 2376 1723 2431 tunc
1745 2377 1956 2431 autem
1976 2369 2122 2431 licet

558 2464 687 2541 ille,
720 2466 826 2545 qui
855 2465 1146 2541 salvatur,
1179 2464 1259 2525 sit
1282 2463 1551 2541 adultuS,
1575 2482 1702 2525 non
1729 2463 2002 2524 salvatur
2032 2462 2122 2545 (ut

562 2559 651 2621 ita
677 2560 902 2639 dicam)
941 2565 1240 2641 tanquam
1269 2557 1536 2634 adultus,
1567 2557 1668 2619 sed
1705 2562 2001 2637 tanquam
2024 2558 2122 2617 in-

561 2653 736 2730 fans,
766 2656 914 2734 quia
954 2673 1062 2734 per
1101 2653 1376 2714 medium
1415 2670 1741 2713 commune
1783 2650 2122 2711 infantibus

561 2748 869 2823 salvatur,
900 2754 962 2809 et
989 2754 1198 2828 postea
1224 2748 1292 2808 in
1335 2746 1550 2807 ordine
1577 2746 1656 2807 ad
1700 2745 1991 2821 salutem,
2021 2744 2120 2805 vel

561 2848 776 2904 contra
799 2842 993 2918 illam,
1026 2840 1186 2902 nihil
1221 2846 1520 2921 tanquam
1559 2838 1804 2901 adultus
1849 2844 1939 2901 est
1969 2855 2122 2918 ope-

560 2942 750 2997 ratus,
785 2936 884 2997 Sic
921 2953 1068 3014 ergo
1111 2933 1417 2995 declarata
1455 2934 1709 2995 assertio
1739 2931 1986 3013 probari
2014 2949 2123 3011 po-

561 3036 681 3090 test
707 3048 784 3089 ex
806 3027 1010 3090 verbis
1041 3028 1286 3103 Christi,
1312 3027 1500 3089 Marci
1528 3027 1749 3088 ultimo
1782 3048 1796 3086 ε
1841 3024 1961 3099 Qui
1998 3044 2123 3088 crc-

561 3124 785 3187 diderit
799 3127 855 3185 et
877 3123 1212 3201 baptizatus
1230 3122 1439 3195 merit,
1459 3120 1665 3183 salvus
1686 3120 1804 3182 erit
1817 3144 1843 3191 ,·
1865 3119 2121 3199 quivero

557 3234 676 3277 mm
715 3216 1058 3289 crediderit,
1100 3214 1583 3277 condemnabitur
1597 3236 1624 3283 ,·
1661 3212 1870 3272 addita
1895 3212 2124 3290 ponde-

557 3309 797 3371 ratione
829 3308 1125 3371 Bernardi
1168 3307 1234 3367 in
1275 3305 1530 3386 epistola
1577 3306 1676 3367 77.
1715 3306 1898 3367 Notat
1926 3304 2120 3378 enim,

559 3421 700 3462 cum
734 3404 903 3483 prius
931 3402 1005 3463 de
1052 3400 1361 3481 baptismo
1394 3410 1456 3460 et
1505 3398 1627 3459 fide
1666 3398 1939 3459 Christus
1970 3402 2126 3457 esset

561 3495 826 3572 locutuS,
857 3501 1068 3577 postea
1095 3496 1173 3556 de
1202 3492 1331 3554 sola
1355 3492 1477 3553 fide
1519 3492 1744 3553 dixisse
1787 3506 1805 3553 ε
1855 3491 1973 3565 Qui
2002 3508 2125 3551 nou

561 3588 903 3664 crediderit,
935 3588 1441 3662 condemnabitur,
1475 3586 1620 3666 quia
1640 3586 1940 3646 nimirum
1972 3583 2123 3663 bap·

562 3682 784 3743 tismus
813 3700 938 3743 non
973 3686 1064 3743 est
1090 3678 1470 3742 necessarius
1506 3681 1572 3737 in
1614 3695 1681 3739 re
1712 3682 1983 3752 tantum,
2014 3675 2119 3738 sed

561 3775 761 3835 autin
780 3793 870 3848 re,
902 3780 1010 3834 aut
1037 3774 1102 3834 in
1121 3779 1266 3834 voto
1277 3788 1298 3850 3
1328 3771 1482 3831 fides
1509 3776 1718 3831 autem
1749 3777 1839 3831 est
1877 3788 2121 3850 semper

557 3869 899 3929 necessaria
927 3868 993 3929 in
1027 3884 1114 3929 re.
1164 3866 1396 3927 Deinde
1425 3864 1798 3926 confirmant
1827 3864 1990 3924 hanc
2016 3882 2119 3925 ve-

560 3964 810 4024 ritatem
844 3962 1055 4023 omnia
1083 3978 1221 4043 quae
1264 3960 1333 4020 in
1377 3958 1749 4039 praecedenti
1787 3957 2119 4019 assertione

555 4056 946 4118 adduximus,
973 4056 1132 4117 Nam
1163 4054 1407 4129 PauluS,
1433 4052 1513 4114 ad
1540 4052 1828 4113 Hebraeos
1858 4054 1959 4127 11,
1990 4068 2119 4112 non

559 4151 759 4212 solum
787 4149 1007 4229 probat
1037 4146 1326 4209 habuisse
1367 4148 1652 4227 antiquos
1693 4144 1889 4224 justos
1929 4146 2121 4207 fidem

558 4244 626 4306 in
665 4250 832 4317 voto,
875 4243 998 4317 vel,
1045 4241 1157 4303 sub
1187 4242 1627 4319 disjunctione,
1679 4240 1748 4301 in
1781 4260 1871 4317 re,
1901 4239 2003 4301 vel
2051 4241 2117 4299 in

557 4344 728 4410 vot0,
757 4336 860 4399 sed
886 4334 1139 4397 definite
1180 4334 1445 4397 ostendit
1472 4334 1758 4395 habuisse
1785 4332 2117 4395 formalem

556 4430 742 4492 fidem
785 4430 850 4490 in
878 4448 946 4491 re
979 4430 1146 4509 ipsa3
1176 4446 1323 4507 ergo
1351 4428 1418 4488 in
1459 4428 1676 4489 eodem
1705 4446 1888 4489 sensu
1913 4426 2066 4488 dicit
2095 4471 2115 4501 ‚

554 4526 685 4587 sinc
703 4524 823 4603 fide
849 4522 1211 4602 impossibile
1240 4540 1363 4585 csse
1393 4522 1628 4605 placere
1664 4522 1788 4585 Deo
1804 4546 1829 4594 ,·
1855 4526 1938 4595 et,
1971 4521 2119 4600 jus-

553 4625 682 4681 tum
712 4634 786 4678 ex
825 4618 946 4693 fide
975 4617 1205 4685 vivere;
1247 4632 1394 4691 ergo
1439 4614 1724 4675 similiter
1751 4615 1818 4675 in
1864 4614 2001 4674 aliis
2028 4614 2116 4673 lo-

553 4711 664 4786 cis,
691 4712 755 4770 in
797 4711 1014 4771 eodem
1056 4728 1238 4770 sensu
1268 4709 1402 4784 ait,
1435 4725 1545 4787 per
1585 4708 1772 4769 fidem
1815 4706 2117 4787 applicari

554 4804 736 4864 nobis
760 4802 1250 4882 redemptionem
1279 4800 1524 4878 Christi,
1557 4806 1618 4862 et
1649 4818 1757 4881 per
1780 4800 1967 4861 fidem
1992 4801 2116 4879 jus-

553 4896 777 4958 tificari
806 4895 1148 4973 hominem,
1183 4894 1398 4974 utique
1423 4902 1722 4973 tanquam
1749 4894 2118 4955 fundamen·

554 4996 692 5052 tum
727 4997 789 5051 et
815 4989 1104 5065 radicem,
1141 4995 1212 5049 ut
1229 4990 1509 5069 exposuit
1535 4988 1985 5050 Tridentinum.
2011 4990 2116 5047 At-

558 5102 680 5165 que
702 5102 778 5144 ex
796 5083 912 5143 hac
926 5083 1112 5143 etiam
1131 5083 1506 5163 proprietate
1525 5080 1694 5156 fidei,
1726 5082 1939 5142 eadem
1961 5081 2120 5142 veri-

559 5184 654 5239 tas
673 5178 1083 5252 convincitur,
1113 5176 1262 5257 quia
1285 5175 1764 5237 fundamentum
1789 5181 2028 5255 oportet
2052 5174 2122 5238 in

557 5291 626 5333 re
647 5274 777 5351 ipsa
800 5268 969 5349 poni,
993 5276 1064 5330 ut
1083 5268 1320 5348 reliqua
1342 5267 1589 5329 valeant
1612 5268 1829 5347 inipso
1844 5267 2116 5329 fundari.

556 5369 644 5430 Ac
679 5366 949 5445 denique
986 5366 1075 5425 ita
1119 5364 1327 5425 Patres
1369 5362 1810 5424 intellexerunt
1835 5364 1971 5423 haec
1997 5369 2124 5424 tes-

554 5462 845 5536 timonia,
883 5476 1330 5539 nunquamque
1365 5456 1821 5518 distinctionem
1851 5456 2023 5519 illam
2048 5457 2125 5521 de

549 5573 616 5617 rc
657 5553 758 5617 vel
809 5559 954 5614 voto
1001 5552 1082 5614 ad
1123 5550 1308 5613 fidem
1351 5548 1767 5631 applicarunt,
1799 5550 1897 5613 vel
1935 5552 2125 5613 etiam

973 392 1209 445 DISPUT.
1247 392 1353 445 ΧΠ.
1387 394 1466 445 DE
1499 394 1915 449 NECESSlTATE
1947 396 2112 448 rint-:1
2144 396 2471 459 QUATENUS
2505 400 2619 452 EST
2649 402 2889 455 manmit
2921 403 3003 456 An
3036 400 3327 461 SALUTEM.

2200 494 2600 558 insinuarunt
2612 513 2633 577 3
2675 515 2823 579 ergo
2860 518 3061 583 neque
3087 520 3124 565 a
3166 504 3337 569 nobis
3362 510 3687 586 admittenda

2202 590 2343 652 erit.

2279 686 2380 745 11.
2412 684 2767 751 Notandum
2816 706 2930 771 pro
2981 690 3235 755 semmda
3277 699 3599 778 probatione.
3625 746 3689 760 -

2200 774 2279 837 Ut
2301 783 2508 840 autem
2538 782 2785 859 propria
2819 782 2981 844 ratio
3016 783 3201 862 hujus
3246 790 3503 855 veritatis
3528 804 3690 881 magis

2197 874 2455 946 constet,
2490 884 2551 933 et
2586 872 2915 935 difficultas
2942 875 3009 936 in
3058 882 3418 944 contrarium
3447 886 3691 957 dissolva-

2194 968 2323 1040 tur,
2365 963 2743 1047 distinguere
2792 968 3099 1049 imprimis
3140 980 3371 1053 oportet
3406 977 3551 1043 inter
3586 1004 3692 1051 me-

2198 1055 2300 1117 dia
2324 1060 2665 1120 necessaria
2704 1061 2783 1122 ad
2824 1061 3108 1138 salutem,
3152 1082 3285 1145 quae
3318 1073 3693 1143 consistuntin

2199 1151 2437 1212 actibus
2490 1152 2751 1215 internis
2800 1154 2897 1217 vel
2950 1158 3237 1220 externis.
3296 1162 3439 1223 Nam
3484 1176 3694 1235 externa

2201 1261 2327 1304 non
2358 1254 2505 1307 sunt
2530 1266 2642 1327 per
2689 1266 2753 1310 se
2792 1252 2856 1311 et
2888 1266 2963 1311 ex
3007 1256 3229 1313 natura
3260 1272 3366 1317 sua
3405 1266 3695 1327 necessaria

2200 1337 2516 1418 dispositio
2555 1342 2807 1418 animae,
2837 1360 2976 1423 quae
3003 1344 3067 1405 in
3098 1346 3339 1410 interna
3376 1352 3695 1431 perfectione

2200 1438 2261 1494 et
2298 1431 2735 1496 reformatione
2768 1436 3067 1512 consistit,
3108 1438 3215 1500 sed
3242 1447 3558 1508 necessaria
3584 1458 3699 1512 sunt

2200 1544 2277 1587 ex
2304 1526 2433 1588 sola
2459 1528 2850 1591 institutione
2878 1529 3091 1593 divina
3122 1553 3135 1593 :
3170 1533 3359 1595 veluti
3385 1536 3695 1618 baptismus,

2199 1620 2499 1682 confessio
2549 1622 2695 1697 oris,
2742 1630 2805 1684 et
2834 1624 2886 1685 si
2931 1642 3069 1704 quse
3097 1631 3243 1686 suut
3280 1628 3511 1691 similia.
3540 1634 3703 1713 Atque

2201 1714 2275 1773 ad
2302 1714 2434 1775 haec
2467 1714 2673 1775 media
2695 1717 2925 1797 optime
2965 1718 3457 1783 accommodatur
3492 1724 3585 1786 illa
3607 1726 3703 1787 dis-

2200 1807 2441 1885 tincti0,
2498 1815 2563 1871 et
2602 1806 2706 1871 vix
2760 1811 2827 1871 in
2864 1810 2987 1873 alio
3036 1830 3222 1872 sensu
3264 1814 3328 1875 in
3356 1834 3467 1877 usu
3494 1818 3703 1881 Patrum

2202 1908 2262 1963 et
2302 1902 2714 1964 Consiliorum
2745 1904 3099 1967 invenietur
3134 1923 3151 1979 3
3186 1909 3248 1966 et
3274 1906 3426 1969 ratio
3464 1918 3563 1985 est,
3590 1912 3706 1990 quia

2201 1994 2335 2055 sine
2362 1995 2487 2056 illis
2518 1996 2759 2072 mediis,
2789 1996 2856 2057 in
2882 2016 2949 2059 re
2975 1999 3110 2077 ipsa
3137 1998 3469 2078 applicatis,
3494 2012 3707 2081 possunt

2200 2087 2416 2149 haberi
2455 2089 2777 2151 interiores
2824 2105 3019 2166 actuS,
3070 2092 3182 2171 qui
3213 2093 3336 2153 sint
3389 2094 3708 2158 sufficientes

2200 2182 2630 2262 dispositiones
2686 2182 2765 2243 ad
2812 2184 3120 2261 justitiam
3144 2230 3165 2261 ,
3217 2185 3437 2265 quibus
3484 2188 3709 2250 Christus

2199 2275 2516 2351 Dominus,
2569 2294 2679 2355 per
2714 2295 2888 2337 suam
2928 2277 3406 2356 institutionem,
3437 2282 3709 2361 antiquam

2201 2366 2621 2429 causalitatem
2650 2386 2777 2430 non
2823 2371 3097 2448 abstulit,
3129 2374 3238 2435 sed
3264 2374 3493 2436 addidit
3516 2374 3709 2436 medio-

2200 2479 2343 2523 rum
2389 2468 2787 2524 externorum
2818 2465 3247 2529 necessitatem
3265 2514 3285 2544 ,
3327 2468 3423 2531 vel
3448 2468 3712 2530 habitudi-

2200 2572 2347 2616 nem
2370 2555 2450 2615 ad
2479 2554 2607 2632 illa,
2652 2557 2901 2635 quando
2942 2558 3009 2619 in
3038 2577 3105 2621 re
3141 2560 3278 2641 ipsa
3310 2560 3586 2643 applicari
3612 2580 3711 2623 non

2202 2655 2473 2729 possent.
2517 2649 2599 2710 At
2644 2668 2788 2712 vero
2813 2651 2890 2713 de
2926 2653 3148 2715 mediis
3169 2655 3430 2716 internis
3457 2662 3540 2717 est
3564 2657 3713 2735 longe

2201 2742 2443 2805 diversa
2478 2744 2635 2805 ratio
2656 2790 2677 2821 ,
2727 2746 2875 2824 quia
2914 2746 2982 2807 in
3026 2747 3177 2829 ipsis
3208 2748 3476 2810 consistit
3502 2750 3714 2811 interior

2195 2838 2461 2917 justitia,
2516 2836 2617 2897 vel
2670 2840 3018 2902 necessaria
3072 2842 3391 2923 dispositio
3432 2842 3506 2904 ad
3552 2844 3710 2917 illam,

2202 2930 2465 3011 ideoque
2504 2930 2612 2992 illa
2637 2950 2755 2994 non
2787 2935 2966 3012 facilc
2994 2936 3361 3017 supplentur
3389 2956 3492 3018 per
3516 2954 3711 3011 votum,

2204 3024 2325 3086 nisi
2348 3026 2414 3085 in
2438 3043 2506 3086 re
2538 3025 2949 3089 adhibeantur
2967 3050 2985 3104 3
3041 3030 3191 3109 quia
3234 3048 3382 3091 vero
3423 3036 3578 3091 actus
3604 3030 3714 3091 fidei

2201 3136 2400 3179 unum
2428 3125 2521 3180 est
2546 3138 2625 3181 ex
2660 3120 2883 3181 mediis
2908 3122 3193 3199 interniS,
3227 3124 3366 3186 ideo
3388 3142 3508 3185 non
3529 3130 3610 3186 est
3635 3142 3713 3184 ea-

2203 3211 2344 3271 dem
2372 3213 2531 3273 ratio
2556 3212 2631 3273 de
2668 3210 2775 3273 illo
2802 3232 2875 3275 ac
2908 3215 2986 3276 de
3025 3218 3298 3278 externis
3342 3216 3569 3279 mediis,
3610 3217 3713 3276 Dixi

2204 3311 2435 3381 autem,
2466 3322 2587 3368 non
2630 3304 2832 3385 facilc,
2864 3308 3009 3387 quia
3058 3308 3226 3371 inter
3268 3311 3512 3371 interna
3554 3310 3717 3371 media

2204 3396 2339 3457 fieri
2366 3397 2700 3477 aliquando
2730 3405 2951 3480 potest,
2992 3407 3065 3461 ut
3110 3402 3354 3482 aliquid
3402 3403 3637 3464 sufficiat
3666 3403 3717 3462 in

2204 3497 2373 3566 voto,
2398 3491 2449 3551 si
2485 3492 2554 3552 in
2580 3492 2787 3571 aliquo
2816 3494 3191 3557 necessitatis
3236 3514 3383 3558 casu
3412 3514 3531 3556 non
3566 3496 3719 3575 possit

2202 3586 2269 3646 in
2309 3603 2377 3645 re
2414 3584 2546 3665 ipsa
2586 3585 2907 3665 applicari,
2954 3587 3111 3649 sicut
3154 3589 3226 3650 in
3266 3590 3520 3651 materia
3556 3586 3719 3669 poeni-

2202 3678 2437 3754 tentiae,
2470 3679 2625 3757 disp.
2672 3680 2733 3753 4,
2776 3685 2921 3741 sect.
2968 3682 3029 3757 2,
3066 3700 3103 3741 a
3151 3700 3330 3743 num.
3362 3684 3423 3757 9,
3469 3681 3721 3743 concessi·

2198 3790 2338 3833 mus
2361 3770 2437 3832 de
2465 3769 2712 3832 formali
2737 3770 2947 3834 dolore
2992 3775 3353 3853 peccatoris,
3386 3775 3481 3836 vel
3508 3776 3577 3835 de
3606 3792 3721 3853 pro·

2199 3863 2396 3944 posito
2424 3863 2494 3924 in
2530 3862 2858 3941 futurum3
2904 3884 3117 3945 quare,
3164 3874 3240 3928 ut
3282 3868 3652 3930 ostendamus
3668 3864 3722 3925 id

2199 3976 2327 4019 non
2363 3956 2594 4019 habere
2640 3960 2845 4020 locum
2891 3960 2957 4020 in
3003 3966 3147 4021 actu
3190 3962 3365 4038 fidei,
3414 3960 3721 4025 addendum

2198 4058 2313 4127 est,
2345 4068 2487 4112 cum
2512 4050 2645 4113 haec
2682 4052 2888 4114 media
2924 4053 3173 4116 interna
3226 4056 3356 4117 sint
3402 4060 3723 4136 supernatu-

2198 4144 2376 4219 ralia,
2412 4162 2540 4205 non
2565 4164 2739 4226 posse
2781 4166 2980 4207 unum
3022 4148 3331 4211 contineri
3373 4149 3438 4211 in
3476 4148 3589 4209 alio
3614 4153 3723 4207 tan-

2198 4256 2387 4318 quam
2414 4240 2480 4300 in
2506 4246 2669 4315 vot0,
2716 4239 2837 4301 nisi
2885 4240 3073 4302 etiam
3104 4241 3258 4303 illud
3292 4238 3722 4323 supernaturale

2198 4333 2309 4407 sit3
2344 4334 2473 4393 imo
2501 4334 2909 4396 necessarium
2930 4352 3059 4395 esse
3088 4342 3158 4396 ut
3180 4336 3247 4397 in
3276 4336 3390 4397 tali
3414 4336 3615 4397 ordine
3633 4332 3725 4392 ha-

2197 4424 2341 4486 beat
2366 4426 2829 4502 excellentiam,
2864 4446 2974 4506 per
3016 4446 3204 4507 quam
3250 4428 3443 4509 possit
3482 4424 3637 4488 aliud
3672 4423 3725 4483 in

2196 4520 2427 4581 virtute
2466 4527 2527 4581 et
2567 4519 2633 4580 in
2666 4520 2975 4600 proposito
3017 4524 3359 4584 continere.
3414 4520 3489 4582 Et
3524 4520 3629 4580 hac
3648 4535 3727 4578 ra-

2198 4615 2390 4689 tione,
2422 4631 2599 4675 amor
2631 4614 2739 4675 Dei
2769 4632 2953 4694 super
2982 4616 3195 4677 omnia
3236 4634 3352 4697 per
3380 4621 3585 4678 votum
3610 4628 3727 4689 sup-

2196 4707 2353 4788 pleri
2379 4708 2617 4787 nequit,
2654 4705 2776 4768 nisi
2805 4713 2977 4769 actus
3010 4708 3112 4772 ille
3140 4709 3418 4789 ejusdem
3444 4705 3727 4771 charitatis

2198 4801 2297 4870 sit,
2331 4802 2477 4880 quia
2503 4808 2678 4863 actus
2723 4806 2814 4861 est
2842 4803 3235 4865 excellentior
3266 4802 3555 4885 reliquis3
3584 4798 3727 4860 unde

2197 4894 2266 4955 in
2295 4892 2468 4954 nullo
2509 4894 2631 4955 alio
2673 4894 3047 4958 sufficienter
3092 4898 3448 4959 continetur
3475 4897 3540 4956 in
3562 4894 3723 4954 virtu·

2197 4995 2285 5065 te,
2331 5007 2439 5049 seu
2484 4994 2627 5049 voto
2641 5004 2662 5067 3
2710 4988 2841 5068 ipse
2886 4996 3095 5051 autem
3142 5008 3319 5051 amor
3370 4989 3603 5052 abunde
3640 5002 3727 5064 po·

2198 5086 2322 5144 test
2358 5082 2670 5144 continere
2711 5100 2784 5143 ac
2836 5084 3118 5164 supplere
3172 5083 3448 5165 reliqua,
3488 5082 3641 5164 quia,
3673 5084 3730 5136 ut

2203 5176 2361 5238 dixit
2416 5176 2661 5253 PauluS,
2716 5174 3001 5242 Charitas
3042 5176 3242 5243 omnia
3281 5178 3499 5255 credit,
3556 5172 3731 5237 omnia

2204 5270 2482 5345 sustinet,
2517 5276 2631 5333 etc.

2285 5366 2385 5426 12.
2436 5362 2721 5429 Secunda
2752 5364 3053 5448 probatio.
3083 5400 3165 5414 —
3211 5366 3625 5448 Confirmatur.
3662 5390 3731 5407 —

2206 5456 2363 5520 Hinc
2406 5476 2551 5537 ergo
2582 5457 2971 5521 concluditur
3012 5466 3219 5522 actum
3264 5458 3406 5522 fidei
3434 5476 3555 5520 non
3580 5468 3729 5536 posse

2207 5552 2274 5615 in
2296 5561 2439 5613 voto
2472 5554 2792 5631 sufficere3
2818 5571 2963 5617 nam
2990 5552 3087 5617 vel
3122 5554 3537 5617 contineretur
3558 5552 3616 5611 in
3637 5545 3731 5609 ali·
