3900 6217
749 444 916 497 SSCT.
953 434 992 497 1'.
1028 444 1111 495 AN
1144 443 1365 495 LlCEAT
1401 443 1744 496 DlSPUTARE
1775 443 1902 495 cmi
1935 444 2281 498 HAERE'rlcls
2318 448 2399 498 AD
2434 445 2627 509 lLLOS,
2664 446 2795 498 ETc.

190 567 244 609 se
278 545 498 606 licitam
527 560 678 615 esse,
725 550 786 603 et
830 543 1006 603 valde
1037 541 1434 604 laudabilem.
1468 541 1727 604 Conclu—

191 641 272 700 sio
299 644 386 699 est
421 644 607 712 certa,
637 642 701 697 et
725 636 976 717 probari
1015 641 1212 715 potest
1240 636 1442 715 primo
1483 654 1557 697 ex
1594 654 1731 697 ver—

189 735 274 795 bis
295 731 484 806 Pauli,
519 730 598 791 ad
624 730 744 791 Tit.
783 734 845 805 1,
874 729 984 791 ubi
1012 730 1088 791 de
1117 730 1404 809 episcopo
1442 730 1532 789 ait
1552 775 1571 804 ,
1601 745 1730 792 esse

189 830 436 909 oportere
456 825 900 904 amplectentem
931 842 1086 899 eum,
1120 821 1226 904 qui
1249 825 1570 886 secandum
1597 825 1728 885 doc·

189 918 400 984 trinam
450 924 562 990 est,
602 918 834 996 fidelem
880 934 1209 978 sermonem
1230 961 1246 988 ‚
1295 922 1368 979 at
1395 916 1596 997 possit
1631 932 1726 977 eos

185 1012 278 1093 qui
303 1010 738 1085 contradicant,
766 1026 1038 1089 arguere,
1063 1008 1228 1087 quod
1254 1014 1417 1069 certe
1444 1010 1576 1069 sine
1603 1009 1726 1069 dis-

187 1106 488 1184 putatione
528 1122 656 1163 non
707 1102 814 1176 fit;
848 1104 974 1164 imo
1023 1104 1260 1177 Petrus,
1312 1106 1339 1161 1
1393 1102 1724 1175 canonica,

186 1217 303 1277 cap.
337 1200 396 1273 3,
433 1198 510 1259 de
555 1195 843 1257 omnihus
877 1196 966 1256 ait
1013 1216 1029 1254 ε
1069 1195 1298 1259 Parati
1331 1196 1416 1258 ad
1445 1196 1729 1273 satisfac-

187 1293 382 1353 tio-nem
411 1291 573 1353 omni
593 1290 866 1371 poscenti
901 1290 1200 1352 rationem
1235 1290 1302 1351 de
1352 1306 1442 1361 ea,
1475 1307 1608 1369 quoe
1631 1307 1728 1351 vo-

189 1386 268 1447 bis
293 1387 380 1445 est
403 1400 531 1464 spe,
564 1382 675 1443 ubi-
706 1382 814 1443 alii
849 1382 1066 1461 legunt
1091 1382 1228 1461 fide,
1262 1386 1325 1441 et
1352 1380 1461 1443 alii
1488 1387 1727 1441 utrum-

185 1495 288 1557 que
315 1482 577 1555 ponunt,
608 1480 679 1535 ut
705 1476 773 1536 D.
805 1475 1074 1537 Thomas
1097 1476 1158 1535 2.
1185 1476 1247 1549 2,
1279 1480 1493 1553 quaest.
1519 1478 1579 1549 2,
1605 1478 1722 1535 art.

185 1570 318 1642 ult.;
367 1574 428 1629 et
471 1568 857 1646 FulgentiuS‚
902 1566 947 1629 l.
1007 1570 1037 1629 1
1093 1566 1172 1629 ad
1222 1566 1724 1641 Trasimundum,

187 1681 234 1723 c.
268 1664 334 1739 13
366 1667 426 1724 et
465 1661 536 1723 in
569 1661 736 1723 idem
769 1661 950 1737 redit,
977 1661 1124 1739 quia
1151 1677 1288 1739 spes
1327 1661 1394 1720 in
1435 1658 1555 1721 fide
1589 1660 1729 1719 fun-

185 1755 369 1831 datur,
393 1755 658 1834 ideoque
683 1771 870 1815 nemo
895 1758 1098 1833 potest
1117 1754 1422 1815 rationem
1443 1771 1570 1814 suae
1597 1754 1728 1833 spei

184 1848 437 1925 reddere,
469 1849 598 1909 nisi
639 1866 751 1929 per
776 1846 988 1909 fidem.
1041 1846 1160 1907 Ubi
1205 1854 1416 1909 autem
1459 1848 1730 1926 Vulgata

185 1943 352 2003 habet
377 1944 459 2005 ad
477 1944 978 2022 satisfactionem,
1001 1959 1196 2021 graeoe
1218 1942 1445 2003 dicitur
1473 1944 1556 2005 ad
1570 1940 1730 2023 Apo-

187 2038 432 2118 loyiam,·
469 2042 536 2097 et
565 2036 930 2115 Fulgentius
953 2035 1126 2113 legit,
1157 2035 1242 2099 ad
1261 2033 1726 2117 responsionem,

185 2149 302 2209 quae
331 2128 542 2191 omnia
575 2130 1056 2210 disputationem
1083 2128 1377 2189 indicant.
1419 2130 1726 2209 Proecipue

185 2242 314 2285 vero
335 2222 448 2283 hoc
477 2221 884 2285 confirmatur
916 2221 1200 2301 exemplo
1221 2222 1446 2283 Christi
1481 2221 1726 2281 Domini

189 2324 238 2376 et
263 2316 728 2395 Apostolorum3
757 2334 904 2377 nam
946 2314 1164 2375 Matth.
1197 2316 1299 2390 22,
1339 2314 1612 2386 Christus
1649 2312 1726 2375 de

189 2410 488 2473 divinitate
549 2428 665 2471 sua
705 2427 846 2471 cum
889 2408 1210 2469 Pharisaeis
1264 2407 1620 2487 disputans,
1650 2424 1728 2468 ex

187 2504 514 2565 testimonio
541 2503 702 2565 Psal.
732 2505 850 2565 109
880 2502 1018 2563 illos
1047 2501 1440 2575 convincem,
1463 2505 1526 2561 et
1545 2500 1726 2561 Joau.

188 2598 239 2673 8,
265 2598 440 2659 variis
463 2596 674 2657 modis
705 2602 920 2657 contra
962 2594 1100 2655 illos
1128 2599 1633 2673 argumentatum
1669 2597 1731 2653 et

188 2692 365 2751 Actor.
399 2694 457 2765 6,
503 2690 589 2751 de
633 2688 946 2769 Stephano
981 2688 1208 2749 dicitur
1246 2705 1262 2749 :
1314 2686 1732 2750 Suro-exerant

189 2784 546 2864 disputantes
583 2802 718 2847 cam
747 2781 1081 2864 StephanO,
1112 2784 1170 2843 et
1191 2798 1310 2842 non
1326 2784 1613 2861 poterant
1638 2796 1734 2841 re-

191 2879 375 2940 sistere
401 2877 750 2959 sapientia,
781 2884 841 2941 et
880 2876 1136 2957 spiritui
1181 2876 1290 2955 qui
1341 2874 1690 2955 loquebatwr
1701 2899 1729 2947 ,-

197 2978 244 3029 et
265 2990 308 3031 c.
333 2974 404 3031 Π
442 2994 460 3031 2
501 2970 734 3031 Paulus
763 2970 1094 3032 disserebat
1124 2969 1192 3030 de
1245 2965 1597 3045 Scriptum-is
1639 2984 1731 3029 se-

197 3065 417 3127 cundum
459 3063 976 3138 consuetudinem,
1009 3068 1079 3121 ut
1115 3061 1204 3123 ibi
1233 3061 1455 3121 dicitur
1471 3075 1492 3137 ;
1523 3067 1585 3120 et
1635 3060 1730 3121 in-

189 3155 268 3216 fra
315 3156 560 3218 additur
625 3173 643 3217 z
696 3155 1066 3236 Disputabat
1109 3155 1180 3216 in
1221 3152 1556 3235 Synaqoya
1597 3171 1730 3219 oum

251 3342 304 3401 6.
327 3340 639 3405 Probatur
663 3341 916 3403 secundo
932 3358 1002 3403 em
1020 3338 1337 3401 Patribus.
1447 3339 1729 3400 Secundo

184 3434 296 3495 haec
337 3440 426 3495 est
463 3434 664 3495 etiam
713 3432 1020 3493 sententia
1075 3438 1140 3492 et
1179 3432 1557 3493 consuetudo
1614 3432 1728 3493 Pa-

187 3532 328 3587 trmn
345 3544 366 3604 3
398 3544 544 3589 nam
587 3527 774 3605 Augu
785 3526 1006 3600 stinuS,
1039 3524 1215 3604 epist.
1246 3526 1350 3600 48,
1381 3543 1514 3588 cum
1539 3525 1728 3587 Icoere-

187 3600 307 3683 'ticis
331 3622 414 3680 ait
432 3620 633 3683 verbis
677 3635 802 3681 esse
827 3618 1144 3697 ayendum,
1173 3618 1581 3697 disputatione
1608 3636 1728 3697 pa-

189 3714 478 3794 candum,
510 3714 754 3776 ratione
791 3711 1164 3774 vincendum.
1197 3712 1274 3771 Et
1313 3710 1595 3789 quamvis
1624 3710 1723 3770 vi-

190 3806 377 3867 deatur
429 3825 502 3867 ea
559 3804 756 3867 verba
808 3804 1012 3865 dicere
1041 3846 1060 3879 ,
1115 3802 1292 3883 quasi
1335 3802 1724 3865 retractando

191 3899 550 3977 sententiam,
594 3916 728 3959 non
783 3902 995 3957 tamen
1037 3896 1239 3975 quoad
1285 3896 1458 3959 illam
1485 3902 1726 3975 partem

192 3990 597 4068 affirmantem,
629 3991 738 4053 sed
766 3990 968 4070 quoad
997 3988 1396 4063 exclusivum,
1433 4008 1558 4069 qua
1596 3989 1726 4068 ipse

195 4085 386 4146 sentire
411 4085 673 4160 solebat,
695 4084 802 4144 illo
829 4090 1072 4145 tantum
1091 4083 1299 4158 mod0‚
1322 4091 1383 4143 et
1403 4101 1527 4143 uon
1557 4100 1726 4143 coac-

195 4177 356 4251 tione,
376 4197 516 4241 cum
539 4178 855 4240 haereticis
881 4178 1198 4257 agendum
1226 4194 1378 4239 esse.
1404 4176 1578 4238 Unde
1608 4176 1718 4238 lib.

197 4271 260 4329 14
281 4270 348 4331 de
371 4272 620 4347 Trinit.,
667 4288 803 4351 cap.
838 4276 896 4347 1,
934 4272 1078 4333 inde
1111 4272 1434 4333 scientiam
1465 4269 1724 4332 Theolo-

195 4361 294 4438 giae
316 4366 582 4425 maxime
605 4364 1024 4439 commendat,
1057 4364 1222 4443 quod
1259 4364 1338 4425 ad
1385 4362 1724 4424 defenden-

195 4454 314 4515 dam
344 4456 524 4519 fidem
551 4466 618 4519 et
645 4456 1108 4519 confundendos
1135 4457 1454 4521 haereticos
1475 4456 1720 4517 utilissi-

196 4565 282 4607 ma
303 4550 378 4611 sit
389 4572 407 4625 ;
437 4552 792 4613 Bernartius
817 4551 1030 4627 etiam,
1069 4568 1253 4611 serm.
1287 4552 1368 4611 64
1389 4551 1458 4611 in
1495 4551 1668 4613 Cant.
1703 4568 1719 4612 ε

202 4638 527 4723 Capianwr,
571 4645 816 4723 inquit,
851 4643 1139 4716 kaeretici,
1168 4660 1288 4704 non
1325 4650 1452 4706 tam
1504 4646 1718 4719 armis,

199 4752 346 4813 quam
381 4740 792 4822 &qvazentin
833 4736 1118 4815 exempla
1143 4738 1331 4797 etiam
1359 4738 1725 4799 Sanctorum

199 4834 669 4893 communissima
707 4836 874 4904 sunt,
919 4836 982 4891 et
1022 4830 1360 4909 praesertim
1403 4830 1569 4904 apud
1599 4830 1726 4891 Au·-

201 4923 482 4996 gustinum
524 4932 657 4987 toto
704 4924 750 4986 l.
800 4927 844 4985 6
885 4929 947 4985 et
999 4926 1082 4996 Ἲς
1121 4929 1184 4983 ct
1237 4923 1464 4985 Athan.
1511 4930 1726 4985 contra

200 5012 410 5075 Arrian.
418 5062 440 5091 ,
477 5024 538 5079 et
577 5016 717 5079 aliis
753 5015 1080 5077 similibus·
1263 5046 1268 5055 ·

267 5110 317 5167 7.
359 5110 660 5176 Probatur
717 5112 978 5175 ratione.
1035 5144 1112 5155 --·
1159 5111 1368 5173 Tertio
1427 5110 1722 5189 probatur

201 5201 475 5264 conclusio
501 5207 765 5280 ratione,
796 5206 945 5285 quia
989 5204 1345 5284 hujusmodi
1384 5204 1719 5285 disputatio

201 5290 266 5353 de
293 5313 352 5357 se
381 5315 501 5358 non
530 5304 622 5359 eet
661 5298 847 5375 mala,
884 5298 1012 5359 imo
1051 5297 1241 5359 habet
1285 5297 1492 5377 plures
1533 5298 1721 5358 ratio-

205 5400 294 5445 nes
328 5388 676 5466 honestatis,
719 5408 920 5471 neque
970 5392 1161 5453 etiam
1207 5398 1298 5452 est
1336 5391 1472 5469 jure
1533 5389 1724 5451 eccle·

207 5478 412 5545 siastico
441 5484 748 5563 prohibita
757 5502 780 5561 3
816 5500 964 5563 ergo
993 5490 1085 5545 est
1122 5484 1326 5559 licita3
1359 5483 1559 5563 maj0r
1596 5482 1724 5544 evi-

211 5569 333 5633 dens
355 5582 458 5653 est,
489 5578 640 5656 quia
670 5578 736 5639 in
762 5577 870 5641 illa
892 5576 1329 5642 actione.nulla
1349 5582 1439 5639 est
1455 5576 1720 5655 malitia,

3252 443 3373 503 493

1807 542 1935 603 imo
1964 550 2054 605 est
2079 545 2363 625 quaedam
2402 545 2703 607 confessio
2730 543 2875 605 fidei
2923 562 3001 604 ex
3038 552 3213 623 parte
3248 546 3372 607 dis-

1809 638 2105 714 putantis
2151 638 2326 700 Unde
2354 657 2428 700 ex
2473 639 2591 700 hac
2628 644 2805 718 parte
2861 644 2953 699 est
2998 638 3258 700 honesta
3294 657 3372 701 ex

1809 728 2071 807 objecto.
2105 732 2257 792 Item
2291 731 2367 793 de
2406 750 2471 795 se
2507 732 2585 792 ad
2620 734 2884 812 optimos
2930 730 3087 792 fines
3127 731 3373 794 ordina-

1808 826 1934 898 tur,
1967 822 2211 897 scilicet,
2244 825 2323 885 ad
2370 824 2674 885 honorem
2722 825 2914 904 ipsius
2942 823 3083 885 fidei
3129 831 3192 885 et
3239 842 3371 887 ma-

1803 914 2003 992 jorem
2031 918 2314 977 notitiam
2346 918 2501 996 eJuS,
2542 918 2619 978 ad
2649 918 3079 979 haereticorum
3116 936 3370 979 conver-

1808 1009 2070 1084 sionem,
2120 1015 2181 1069 et
2228 1011 2680 1072 catholicorum
2712 1010 3281 1083 confirmationem;
3310 1016 3373 1073 et

1807 1101 1874 1161 in
1920 1102 2061 1162 aliis
2091 1103 2569 1164 circumstantiis
2620 1109 2819 1183 potest
2870 1105 2959 1163 ita
3004 1103 3161 1179 fieri,
3196 1110 3267 1164 ut
3310 1110 3374 1167 et

1805 1193 2052 1256 fructus
2084 1202 2383 1275 speretur,
2416 1202 2479 1257 et
2502 1197 2729 1258 damna
2754 1216 2881 1259 non
2908 1197 3268 1270 timeantur,
3300 1204 3373 1259 ut

1811 1288 1880 1349 in
1935 1290 2215 1367 sequenti
2257 1291 2593 1353 assertione
2644 1290 3112 1371 explicabimus.
3144 1293 3367 1368 Minor,

1811 1398 1918 1443 seu
1973 1382 2169 1443 altera
2217 1400 2359 1461 pars
2408 1384 2827 1445 antecedentis
2874 1384 3194 1463 probatur,
3224 1386 3373 1465 quia

1809 1475 2054 1536 nullum
2092 1476 2406 1536 invenitur
2432 1475 2748 1538 decretum
2779 1479 3147 1539 canonicum
3176 1479 3365 1540 talem

1807 1567 2287 1647 prohibitionem
2342 1570 2665 1631 continens
2691 1586 2711 1647 3
2773 1570 2901 1630 imo
2960 1578 3105 1631 sunt
3162 1572 3373 1651 aliqua

1808 1676 1949 1740 quae
1979 1667 2217 1721 certum
2272 1662 2525 1723 modum
2560 1662 2849 1723 servandi
2898 1664 2966 1723 in
3013 1664 3126 1725 tali
3162 1665 3374 1744 dispu-

1808 1753 2041 1815 tatione
2071 1753 2493 1832 praescribunt,
2518 1774 2655 1835 quae
2678 1756 3000 1817 manifeste
3018 1763 3374 1836 supponunt

1805 1845 1995 1907 talem
2050 1846 2531 1927 disputationem
2593 1866 2720 1909 esse
2785 1847 3040 1911 licitam.
3108 1851 3373 1911 Locutus

1807 1957 1941 1999 sum
1972 1944 2183 2001 autem
2220 1940 2297 2001 de
2316 1940 2457 2019 jure
2497 1941 2816 2016 canonico,
2846 1943 2993 2021 quia
3022 1946 3083 2002 in
3116 1944 3253 2022 jure
3284 1944 3369 2003 ci·

1808 2033 1914 2093 vili
1943 2034 2259 2094 invenitur
2296 2033 2340 2094 l.
2374 2034 2591 2109 Nemo,
2634 2034 2767 2096 cod.
2828 2036 2903 2096 de
2952 2036 3125 2097 Sum.
3163 2038 3371 2098 Trini-

1806 2132 1958 2201 tate,
2007 2144 2145 2205 quae
2188 2128 2667 2208 disputationem
2707 2129 2870 2190 hanc
2901 2131 3087 2191 etiam
3130 2131 3369 2193 clericis

1805 2219 2113 2299 prohibet.
2148 2222 2544 2301 Respondent
2572 2220 2764 2301 aliqui
2796 2222 2999 2300 legem
3025 2222 3199 2285 illam
3240 2242 3373 2287 esse

1807 2312 2077 2389 civilem,
2127 2321 2187 2373 et
2234 2315 2303 2374 in
2341 2315 2601 2376 materia
2632 2314 3045 2378 ecclesiastica
3068 2362 3087 2391 ,
3130 2323 3192 2377 et
3231 2318 3373 2379 ideo

1810 2424 1938 2466 non
1982 2424 2159 2485 posse
2212 2408 2517 2486 obligare,
2570 2408 2909 2487 praesertim
2964 2409 3236 2471 clericos,
3278 2412 3371 2472 lta

1811 2498 2021 2574 Sanc„
2062 2499 2103 2558 l.
2166 2502 2205 2561 2
2247 2500 2476 2576 Decal.,
2521 2518 2577 2561 c.
2634 2502 2696 2576 6,
2746 2520 2811 2561 n.
2872 2502 2933 2576 8,
2980 2520 3121 2562 cum
3162 2504 3368 2580 Azor„

1809 2596 1960 2652 tom.
2002 2596 2063 2667 1,
2092 2591 2137 2652 1.
2162 2594 2223 2668 8,
2256 2610 2309 2654 c.
2340 2594 2442 2669 26,
2472 2600 2688 2671 quaest.
2724 2594 2763 2653 2
2781 2608 2801 2669 3
2824 2595 2935 2654 sed
2960 2593 3104 2655 licet
3137 2594 3245 2654 illa
3268 2612 3372 2673 ge·

1811 2683 2039 2746 neralis
2068 2686 2348 2747 doctrina
2374 2704 2521 2747 vera
2550 2688 2651 2762 sit,
2693 2688 2977 2748 existimo
3003 2692 3213 2749 tamen
3240 2707 3368 2749 non

1811 2784 1975 2839 recte
2006 2778 2304 2857 applicari
2343 2779 2421 2839 ad
2472 2779 2645 2839 illam
2692 2779 2921 2857 legem,
2963 2798 3135 2854 nam,
3170 2782 3373 2843 solum

1811 2871 2097 2950 prohibet
2123 2872 2571 2951 disputationes
2605 2890 2714 2950 per
2740 2891 2803 2931 se
2834 2872 3115 2949 illicitas,
3146 2875 3372 2953 quibus

1809 2983 1908 3024 res
1941 2971 2123 3025 certae
2169 2965 2563 3045 definitasque
2597 2966 2665 3025 in
2706 2964 2973 3025 Ecclesia
3009 2967 3073 3025 in
3109 2965 3371 3028 dubium

1811 3063 2181 3117 revocantur
2199 3103 2218 3132 ,
2268 3075 2407 3119 cum
2466 3056 2927 3137 perturbatione
2985 3058 3263 3119 fidelium
3309 3068 3371 3121 et

1811 3151 2113 3213 Ecclesiae.
2170 3150 2343 3211 Unde
2384 3150 2589 3230 potius
2624 3150 3001 3211 credendum
3030 3158 3123 3215 est
3166 3152 3371 3232 legem

1809 3244 1980 3304 illam
2007 3243 2191 3305 fuisse
2228 3243 2505 3323 legitime
2533 3241 2725 3305 latam
2752 3261 2789 3304 a
2809 3243 3137 3321 Martiano,
3162 3246 3371 3308 catho-

1803 3333 1928 3405 lico
1956 3336 2325 3414 imperatore
2347 3381 2366 3412 ,
2394 3342 2477 3411 et,
2511 3344 2579 3395 ut
2610 3334 2855 3415 opinor,
2884 3353 3013 3398 non
3056 3338 3190 3398 sine
3226 3357 3369 3399 con·-

1809 3446 1989 3487 seusu
2018 3427 2237 3488 Leonis
2281 3430 2484 3507 Papoe,
2517 3429 2623 3508 qui
2655 3428 2731 3489 de
2769 3427 2887 3489 illa·
2920 3447 2990 3491 re
3036 3430 3115 3489 ad
3163 3432 3363 3510 ipsum

1805 3520 2153 3601 scripserat,
2186 3527 2254 3581 ut
2282 3539 2469 3600 supra
2506 3521 2793 3601 allegavi.

1887 3617 1946 3677 8.
1991 3614 2263 3679 Assertio
2292 3618 2963 3680 secundm—Probatur
2985 3617 3367 3683 discurrendo

1796 3728 1914 3791 per
1935 3716 2197 3790 quatuor
2215 3709 2710 3773 circumstantias
2729 3710 3365 3791 principales.-Ea-

1801 3806 2045 3885 peditur
2078 3804 2280 3886 primo
2328 3806 2793 3867 circumstantia
2830 3822 3103 3888 persona»
3157 3808 3367 3889 dispu—

1806 3899 2003 3961 tantis
2036 3900 2233 3978 quoad
2262 3897 2331 3961 id
2361 3900 2519 3979 quod
2538 3898 2688 3978 jure
2712 3904 2953 3961 natm-ce
2978 3898 3265 3981 eaiqitur.
3285 3934 3367 3947 -—-

1807 3990 1952 4051 Dico
1992 3990 2297 4060 secund0,
2348 3996 2419 4050 ut
2445 3990 2578 4051 haec
2620 3990 2779 4051 actio
2822 3991 3177 4071 disputandi
3219 4012 3366 4056 cum

1805 4080 2111 4143 haereticis
2125 4082 2290 4143 licite
2308 4082 2441 4159 fiat,
2472 4084 2681 4144 multae
2704 4085 3088 4147 conditiones
3107 4105 3215 4147 seu
3242 4089 3367 4149 cir-

1806 4175 2191 4237 cumstantiae
2242 4176 2635 4237 observandae
2690 4184 2853 4238 sunt.
2912 4178 3059 4237 Haec
3109 4182 3365 4243 assertio

1806 4286 1914 4347 per
1941 4285 2008 4329 se
2036 4268 2364 4330 manifesta
2391 4274 2484 4330 est
2505 4270 2579 4329 de
2609 4272 3083 4332 circumstantiis
3110 4291 3365 4351 genera·

1803 4361 1946 4423 liter
1989 4362 2297 4441 requisitis
2340 4362 2407 4422 in
2451 4379 2834 4441 quocumque
2880 4370 3021 4425 actu
3060 4366 3317 4429 honesto
3340 4415 3360 4445 ,

1801 4455 2055 4529 scilicet,
2084 4460 2156 4514 ut
2186 4460 2533 4534 opportuno
2568 4462 2869 4534 tempore,
2911 4456 3047 4519 loco
3084 4466 3251 4538 apto,
3302 4470 3365 4521 et

1803 4548 2013 4622 mod0,
2044 4566 2115 4607 ac
2132 4548 2477 4609 intentione
2504 4546 2709 4609 debita
2729 4547 2839 4609 fiat
2852 4571 2871 4625 3
2901 4552 3200 4612 tamenin
3229 4570 3365 4631 par·

1803 4642 2049 4703 ticulari
2091 4640 2326 4721 aliquas
2364 4642 2746 4703 conditiones
2771 4644 3036 4723 requirit
3080 4645 3243 4706 actio
3288 4664 3365 4707 ex

1806 4742 2071 4815 quatuor
2096 4733 2419 4814 capitibus,
2450 4734 2701 4810 scilicet,
2722 4753 2799 4796 ex
2820 4744 2993 4815 parte
3019 4734 3216 4799 fidelis
3244 4738 3367 4799 dis-

1805 4829 2103 4909 putantiS,
2134 4827 2231 4888 vel
2272 4844 2349 4887 ex
2386 4832 2558 4907 parte
2595 4827 2855 4889 haretici
2893 4847 3034 4890 cum
3072 4848 3195 4909 quo
3242 4830 3365 4892 dis·

1805 4926 2003 5002 putat,
2036 4920 2135 4982 vel
2162 4938 2237 4981 ex
2263 4926 2439 4999 parte
2476 4938 2693 4981 eorum
2739 4938 2947 4983 eoram
2989 4924 3216 5002 quibus
3242 4925 3367 4985 dis-

1804 5020 2003 5094 putat,
2037 5012 2137 5075 vel
2172 5031 2245 5073 ex
2281 5018 2454 5093 parte
2490 5015 2678 5075 modi.
2723 5016 2799 5075 Et
2852 5016 3157 5095 imprimis
3202 5018 3367 5079 circa

1802 5123 2133 5187 personam
2178 5105 2620 5183 disputantem,
2667 5108 2899 5187 aliquid
2945 5115 3037 5170 est
3089 5127 3366 5172 necessa-

1802 5199 1968 5260 rium
2002 5216 2080 5259 ex
2106 5204 2331 5259 natura
2360 5199 2474 5276 rei,
2514 5200 2747 5280 aliquid
2777 5220 2851 5262 ex
2891 5202 3034 5281 jure
3056 5202 3365 5265 ecclesias-

1801 5293 1944 5354 tico.
1978 5293 2183 5353 Primo
2235 5292 2445 5371 mod0,
2482 5296 2887 5375 supponenda
2921 5295 3231 5375 imprimis
3273 5302 3367 5357 est

1802 5400 1973 5450 recta
2020 5387 2287 5447 intentio
2326 5394 2387 5448 et
2432 5388 2690 5450 firmitas
2719 5389 3089 5469 disputantis
3118 5389 3187 5451 in
3224 5388 3367 5452 doc-

1804 5482 1969 5543 trina
1994 5478 2162 5556 fidei,
2194 5480 2343 5561 quia
2370 5481 2421 5541 si
2435 5482 2781 5562 periculum
2804 5482 3057 5563 aliquod
3074 5483 3173 5544 vel
3190 5484 3365 5545 infir·

1801 5574 2085 5636 mitatem
2110 5575 2179 5635 in
2206 5592 2273 5636 se
2298 5574 2495 5651 timet,
2533 5574 2705 5637 nullo
2742 5576 2925 5637 modo
2964 5594 3029 5639 se
3078 5578 3363 5658 ingerere
