3900 6217
563 465 681 526 378

562 570 832 648 tempus,
882 568 933 628 si
959 567 1147 628 bomo
1191 565 1459 628 servavit
1499 570 1874 646 proeceptum
1891 611 1911 640 ,
1943 571 2007 626 et
2050 564 2123 626 fi-

565 663 710 724 dem
738 660 1034 734 exercuit,
1065 677 1230 734 raro,
1261 659 1356 720 vel
1383 657 1640 720 fortasse
1666 676 1988 738 nunquam
2018 675 2123 719 oc-

563 757 760 818 currit
797 755 965 816 dicta
1022 752 1320 830 obligatio
1375 751 1706 814 exercendi
1737 759 1913 814 actus
1945 752 2118 827 fidei,

561 850 685 910 nisi
716 847 964 927 quando
991 846 1251 907 tentatio
1289 845 1500 924 aliqua
1541 851 1758 906 contra
1796 845 1993 925 ipsam
2048 844 2121 906 fi-

563 942 730 1016 dem,
779 940 880 1003 vel
910 941 1176 1014 interna,
1217 939 1318 1000 vel
1363 944 1643 1013 externa,
1685 939 1975 1012 occurrit,
2020 938 2122 1000 cui

564 1054 675 1114 per
699 1041 908 1094 actum
935 1031 1078 1094 fidei
1105 1031 1384 1094 resistere
1413 1047 1656 1092 necesse
1677 1031 1780 1108 sit,
1807 1031 1955 1110 quia
1979 1035 2125 1092 tunc

561 1127 672 1188 illa
695 1127 1027 1188 necessitas
1063 1143 1190 1186 non
1223 1131 1316 1186 est
1359 1125 1725 1198 extxinseca,
1756 1123 1862 1184 sed
1905 1123 2122 1202 ipsius-

563 1225 694 1282 met
719 1218 884 1280 fidei.
929 1219 1006 1280 Et
1041 1219 1118 1280 ad
1167 1218 1288 1280 hoc
1317 1218 1586 1296 pertinet
1629 1224 1874 1296 tempus
1903 1217 1969 1278 in
1998 1235 2123 1296 quo

565 1312 984 1372 necessarium
1013 1310 1200 1372 fuerit
1239 1309 1520 1372 confiteri
1547 1310 1730 1370 fidem
1751 1355 1772 1386 ,
1814 1310 2123 1389 praecipue

563 1422 775 1466 coram
799 1410 1098 1483 tyranno;
1145 1402 1482 1464 verisimile
1515 1403 1704 1464 etiam
1734 1410 1827 1463 est
1863 1405 1932 1462 in
1976 1401 2122 1462 arti·

561 1497 704 1558 culo
743 1497 960 1558 mortis
993 1497 1222 1558 iterum
1255 1514 1572 1558 recurrere
1599 1496 1762 1557 hanc
1797 1495 2123 1574 obligatio·

563 1609 711 1654 nem
738 1597 992 1672 propter
1014 1590 1380 1670 periculum,
1408 1595 1470 1649 et
1510 1590 1578 1650 in
1623 1589 1741 1650 hoc
1781 1589 1967 1650 etiam
2012 1607 2122 1646 no-

562 1685 802 1746 biscum
849 1685 1128 1746 sentiunt
1175 1683 1458 1754 Valent„
1515 1681 1786 1744 Sancbez
1837 1688 1898 1743 et
1939 1682 2119 1756 Azor,

563 1795 750 1858 supra
797 1778 988 1841 citati.
1040 1778 1110 1838 ln
1162 1776 1299 1838 aliis
1347 1793 1494 1837 vero
1549 1775 1928 1856 temporibus
1976 1776 2121 1835 vitae

563 1871 937 1932 sufficienter
963 1870 1256 1950 impletur
1310 1869 1429 1932 hoc
1479 1875 1855 1949 praeceptum
1881 1913 1902 1944 ,
1949 1885 2125 1930 exer-

563 1964 761 2026 cendo
808 1963 960 2026 alios
1006 1970 1178 2024 actus
1219 1961 1539 2041 religionis
1561 2008 1578 2034 ,
1627 1961 1966 2034 charitatis,
2014 1966 2124 2020 aut

565 2059 714 2136 spei,
745 2058 897 2136 quia
943 2054 1316 2135 regulariter
1353 2073 1482 2116 non
1526 2054 1691 2116 fiunt
1725 2053 1859 2115 sine
1909 2071 2025 2116 usu
2052 2052 2121 2114 fi-

563 2150 699 2224 dei3
725 2156 789 2211 et
813 2151 944 2211 haec
976 2150 1052 2211 de
1080 2151 1282 2230 prima
1309 2149 1710 2227 obligatione.

649 2246 710 2304 7.
755 2243 1109 2323 Empom‘twr
1139 2246 1500 2323 proeceptum
1541 2241 1884 2306 addiscendi
1915 2241 2118 2315 fidem.

565 2369 648 2384 -—
665 2337 1046 2418 Proeoeptum
1087 2337 1236 2413 fidei
1279 2335 1504 2417 obliqui
1536 2336 1618 2398 ad
1654 2335 1969 2398 tenendum
1998 2351 2123 2396 me-

561 2431 757 2493 moria
792 2431 1086 2510 mysteria
1113 2430 1276 2508 fidei,
1304 2445 1434 2510 quoe
1459 2432 1606 2490 sum
1635 2429 1704 2490 iu
1717 2433 2124 2507 precepto.—

563 2525 736 2588 Circa
781 2522 969 2584 aliam
1016 2523 1457 2602 obligationem
1508 2521 1863 2582 addiscendi
1908 2520 2122 2596 fidem,

561 2617 1038 2694 supponendum
1091 2622 1188 2676 est
1251 2614 1544 2693 postulari
1597 2633 1636 2676 a
1703 2612 1990 2674 fidelibus
2053 2618 2128 2672 ut

561 2709 761 2770 sciant
793 2709 934 2770 illas
973 2725 1070 2770 res
1113 2708 1258 2770 fidei
1297 2727 1452 2788 quas
1503 2705 1752 2768 credere
1805 2713 2121 2782 tenentur,

560 2803 650 2863 ita
677 2809 749 2864 ut
777 2801 1078 2862 memoria
1104 2800 1242 2862 illas
1265 2801 1574 2862 retineant
1598 2807 1898 2878 quantum
1937 2799 2005 2860 in
2032 2799 2125 2878 ip-

561 2895 643 2956 sis
679 2903 791 2956 est.
842 2896 970 2956 Hoc
997 2893 1222 2954 docent
1250 2891 1574 2954 manifeste
1624 2891 1896 2953 Concilia
1939 2908 2127 2969 supra

560 2989 774 3062 citata,
812 2988 1151 3066 praesertim
1181 2986 1548 3060 Rhemense‚
1599 3003 1737 3063 cap.
1779 2987 1841 3059 1,
1886 2991 1948 3044 et
2000 2983 2127 3044 Mo-

564 3083 928 3157 gnntinum,
973 3097 1108 3158 cap.
1155 3081 1271 3154 453
1315 3084 1379 3140 et
1418 3079 1832 3156 Augustinus,
1889 3077 1996 3138 lib.
2048 3075 2125 3136 de

561 3174 710 3234 Fide
739 3181 798 3234 et
827 3173 1153 3252 Operibus,
1197 3191 1328 3252 cap.
1377 3173 1415 3233 6
1463 3178 1526 3232 et
1552 3175 1613 3247 9,
1643 3177 1708 3232 et
1732 3170 1841 3232 lib.
1879 3170 1955 3230 de
1980 3169 2126 3230 Fide

561 3273 626 3328 et
651 3265 972 3344 Symb010,
1004 3283 1042 3324 a
1067 3265 1397 3344 principio,
1425 3275 1492 3326 et
1511 3262 1912 3326 Sermonibus
1941 3263 2008 3322 in
2036 3262 2127 3322 vi-

562 3359 744 3438 gilias
769 3359 1016 3419 Paschae
1045 3365 1104 3418 et
1136 3358 1547 3433 Pentecostes,
1573 3364 1634 3418 et
1657 3374 1874 3417 omnes
1907 3357 2126 3416 Docto-

561 3471 681 3514 res.
713 3453 894 3515 Ratio
918 3458 1038 3526 est,
1081 3453 1228 3531 quia
1259 3453 1480 3514 merito
1525 3450 1868 3532 postulatur
1893 3449 1973 3510 ab
2010 3449 2129 3510 ho-

567 3547 740 3608 mine
766 3545 1116 3607 Christiano
1146 3552 1214 3605 ut
1239 3546 1318 3604 sit
1341 3553 1588 3624 paratus
1617 3545 1695 3606 ad
1723 3545 2127 3606 exercendam

569 3638 672 3700 vel
702 3636 1110 3717 profitendam
1159 3637 1344 3700 fidem
1375 3655 1572 3712 snam,
1605 3645 1906 3716 quantum
1951 3653 2130 3716 opor-

561 3733 777 3792 tuerit..
815 3731 986 3791 Circa
1015 3730 1176 3790 hano
1207 3731 1397 3792 etiam
1430 3730 1866 3808 obligationem
1901 3728 2127 3808 duplex

561 3824 869 3884 dubitatio
925 3825 1210 3884 occurrit.
1265 3823 1471 3884 Prima
1522 3831 1638 3899 est,
1691 3824 1768 3884 de
1819 3841 1944 3903 qua
2001 3840 2130 3884 me-

565 3919 764 3978 moria
807 3917 926 3978 hoc
963 3916 1440 3993 intelligendum
1497 3917 1611 3990 sit,
1657 3935 1738 3976 an
1771 3922 2017 3977 tantum
2052 3915 2131 3976 de

565 4011 872 4072 memoria
899 4027 1135 4085 rerum,
1177 4009 1277 4070 vel
1315 4009 1502 4070 etiam
1536 4009 1614 4070 de
1649 4009 1948 4070 memoria
1993 4026 2130 4070 ver-

564 4104 789 4166 borum
813 4119 832 4180 3
861 4103 966 4166 sed
997 4102 1216 4182 prioris
1252 4101 1622 4162 affirmativa
1647 4103 1940 4164 resolutio
1966 4108 2132 4162 certa

565 4204 681 4273 est,
713 4197 862 4277 quia
902 4195 1012 4256 illa
1041 4201 1135 4256 est
1161 4196 1432 4256 maxime
1464 4195 1806 4256 necessaria
1839 4195 1918 4256 ad
1944 4213 2131 4256 usum

516 4313 536 4328 ·
569 4289 738 4360 fidei,
780 4295 842 4350 et
887 4289 965 4350 de
1015 4289 1123 4348 illa
1161 4288 1434 4350 maxime
1473 4287 1815 4368 loquuntur
1860 4287 2133 4349 Concilia

565 4389 629 4446 et
655 4382 968 4445 Doctores.

645 4480 706 4538 8.
753 4474 917 4549 Quid
939 4477 1008 4539 de
1035 4473 1326 4540 mmoria
1365 4476 1675 4538 verborum
1711 4474 2130 4538 dicendam.—

565 4570 652 4630 De
692 4569 1011 4647 posteriori
1058 4586 1204 4629 vero
1247 4573 1393 4629 sunt
1432 4569 1773 4648 opiniones.
1806 4569 1961 4628 Nam
2006 4567 2132 4628 Me-

565 4661 736 4734 dina,
765 4679 976 4740 supra,
1013 4667 1077 4722 et
1103 4660 1261 4723 alter
1295 4661 1564 4737 Medius,
1607 4661 1827 4722 Codice
1865 4660 1942 4721 de
1985 4661 2131 4722 Ora·

563 4753 757 4827 tione,
781 4771 916 4833 cap.
948 4753 1212 4828 decimo,
1251 4760 1493 4833 partem
1528 4759 1859 4833 negantem
1890 4757 2128 4827 tenent,

564 4847 712 4925 quia
739 4865 943 4925 neque
987 4846 1097 4908 illa
1141 4846 1440 4908 memoria
1481 4853 1573 4908 est
1604 4865 1714 4926 per
1743 4865 1807 4907 se
1852 4863 2131 4908 necessa-

563 4942 660 5002 ria
706 4987 720 5010 ,
778 4957 894 5002 neo
956 4939 1279 5000 invenitur
1345 4939 1720 5002 sufficienter
1791 4946 2124 5019 praecepta.

569 5034 966 5094 Contrarium
1033 5050 1183 5092 vero
1254 5034 1446 5094 sensit
1503 5032 1852 5094 Paludanus
1889 5078 1910 5108 ,
1966 5033 2131 5094 dicta

567 5125 709 5187 dist.
765 5127 840 5186 15
873 5169 894 5200 ,
947 5124 1290 5204 quoestione
1319 5127 1358 5187 5
1377 5169 1398 5200 ,
1441 5130 1504 5186 et
1551 5126 1831 5205 sequitur
1877 5126 2127 5200 Navar.,

569 5219 731 5280 dicto
760 5235 895 5297 cap.
935 5221 1034 5291 u,
1065 5218 1216 5278 etin
1245 5217 1352 5280 lib.
1380 5218 1460 5278 de
1489 5219 1799 5295 Oratione,
1831 5219 1910 5280 ad
1931 5235 2067 5296 cap.
2092 5219 2132 5277 4

569 5313 646 5372 de
675 5311 1143 5371 Consecratione
1179 5310 1322 5372 dist.
1350 5315 1406 5374 l.
1439 5330 1495 5373 c.
1533 5314 1634 5374 20.
1666 5313 1743 5374 Et
1764 5316 1965 5392 potest
1988 5311 2133 5371 fun-

567 5403 703 5464 dari
741 5403 1009 5464 maxime
1047 5403 1114 5466 in
1163 5403 1326 5466 dicto
1371 5405 1642 5466 Concilio
1687 5403 2042 5477 Rhemensi‚
2070 5409 2134 5464 et

566 5494 704 5556 dari
733 5502 929 5574 potest
975 5501 1158 5576 ratio,
1200 5498 1350 5576 quia
1383 5497 1513 5558 haec
1559 5498 1858 5560 memoria
1903 5497 2095 5558 verbo
2111 5531 2133 5540 ·

561 5605 712 5654 rum
759 5595 853 5650 est
901 5593 1244 5653 necessaria
1273 5591 1593 5652 communi
1631 5590 1895 5672 populo,
1956 5595 2020 5650 et
2052 5589 2131 5652 ad

1433 467 1666 518 ulsPU'r.
1707 466 1833 518 xm.
1871 465 1950 518 DE
1984 465 2321 516 ruffio-:Pro
2354 465 2701 520 inremotus
2734 467 2915 520 Fmffl.

2203 566 2686 628 conservandam
2726 567 3095 628 memoriam
3142 587 3371 647 rerum,
3409 580 3468 636 et
3502 576 3573 636 ad
3600 597 3717 658 pro-

2200 657 2496 718 fitendam
2537 658 2720 722 fidem
2752 703 2767 730 ,
2818 662 3068 740 quando
3114 665 3467 743 oportuerit.
3514 669 3577 730 In
3620 672 3719 734 boc

2202 758 2429 831 puncto
2463 769 2661 814 unum
2704 759 2797 815 est
2854 761 3087 816 certum
3112 801 3133 832 ,
3180 759 3407 822 scilicet
3461 781 3577 824 non
3613 785 3719 829 esse

2202 844 2644 921 obligationem
2680 864 2933 925 gravem
2962 851 3271 911 retinendi
3304 855 3589 916 memoria
3608 877 3720 918 ver-

2200 937 2282 998 ba
2326 939 2627 1020 Symboli,
2658 941 2757 1002 vel
2783 948 3251 1021 praeceptorum,
3288 943 3377 1006 ita
3404 954 3469 1008 ut
3504 949 3575 1008 sit
3608 971 3723 1029 peo-

2202 1036 2417 1092 catum
2474 1031 2732 1094 mortale
2796 1033 2915 1095 hoc
2971 1037 3277 1099 omittere.
3347 1039 3439 1100 Ita
3493 1043 3723 1122 explicat

2204 1143 2381 1186 suam
2424 1127 2781 1205 opinionem
2824 1129 3049 1191 Navar.
3078 1149 3307 1210 supra3
3340 1140 3400 1196 et
3445 1137 3593 1198 ratio
3618 1158 3723 1201 esse

2201 1225 2423 1298 potest,
2454 1223 2598 1299 quia
2644 1221 2743 1282 vel
2794 1222 2871 1282 de
2916 1231 3223 1304 praecepto
3257 1243 3383 1290 non
3428 1229 3567 1290 satis
3604 1251 3723 1294 con-

2202 1317 2345 1386 stat,
2386 1313 2535 1391 quia
2562 1331 2675 1374 uec
2700 1314 2779 1374 ab
2806 1315 3013 1393 aliquo
3058 1318 3377 1393 Pontifice,
3408 1323 3600 1384 necin
3626 1325 3721 1384 ali-

2202 1421 2325 1482 quo
2368 1405 2643 1466 Concilio
2691 1408 2969 1483 generali
3020 1409 3219 1470 latum
3260 1411 3603 1492 invenitur;
3643 1417 3725 1478 vel

2202 1497 2347 1576 quia
2390 1497 2494 1558 alii
2540 1515 2829 1576 canones,
2862 1501 2968 1580 qui
3014 1503 3090 1564 de
3140 1501 3257 1564 hoc
3286 1503 3633 1583 loquuntur,
3666 1509 3730 1570 de

2200 1589 2545 1653 substantia
2607 1595 3044 1671 mysteriorum
3096 1597 3471 1660 sufficienter
3530 1600 3729 1663 intelli-

2202 1691 2479 1760 guntur;
2520 1685 2613 1746 vel
2642 1691 2807 1746 certe
2848 1688 2997 1766 quia
3050 1691 3312 1752 materia
3338 1689 3445 1752 illa
3470 1690 3615 1752 levis
3632 1700 3729 1768 est,

2200 1778 2251 1838 si
2275 1777 2531 1858 praecise
2562 1780 2629 1839 in
2662 1780 2863 1842 verbis
2893 1783 2991 1844 vel
3011 1782 3075 1844 in
3104 1801 3326 1844 eorum
3352 1785 3561 1847 ordine
3582 1786 3735 1848 sista-

2201 1878 2325 1932 tur.
2366 1871 2685 1934 Probabile
2725 1880 2933 1936 autem
2979 1869 3093 1951 est,
3142 1877 3194 1936 si
3246 1895 3328 1939 ex
3379 1893 3529 1954 pura
3565 1880 3735 1958 negli-

2202 1963 2414 2040 gentia
2440 1962 2558 2024 boc
2576 1965 2921 2042 omittatur,
2952 1984 3081 2028 non
3106 1985 3323 2030 carere
3346 1967 3555 2049 aliqua
3583 1971 3735 2050 culpa

2204 2055 2421 2116 saltem
2473 2057 2723 2132 veniali,
2752 2064 2823 2118 ut
2868 2057 3091 2121 Navar.
3128 2061 3320 2120 etiam
3377 2059 3564 2137 dicit,
3611 2064 3734 2141 quia

2204 2153 2429 2228 praeter
2461 2165 2749 2226 canones,
2780 2150 2887 2228 qui
2912 2148 3028 2211 boc
3058 2151 3384 2213 insinuant
3399 2153 3575 2231 juxta
3598 2171 3736 2214 com-

2203 2257 2465 2302 munem
2491 2259 2669 2302 usum
2696 2243 3002 2319 Eeclesiae,
3040 2242 3181 2304 talis
3215 2243 3591 2323 negligentia
3616 2265 3736 2306 cen·

2204 2339 2373 2394 setur
2420 2335 2629 2415 aliquo
2659 2337 2843 2397 modo
2882 2336 3228 2418 culpabilis,
3272 2343 3338 2398 et
3382 2339 3449 2398 in
3481 2337 3608 2398 aliis
3642 2339 3738 2400 ali-

2206 2427 2454 2505 quando
2496 2428 2851 2488 scandalum
2877 2435 3155 2508 generat.
3190 2429 3255 2491 Si
3280 2447 3435 2490 vero
3473 2431 3603 2509 quis
3632 2449 3740 2491 me·

2205 2521 2479 2581 dioerem
2504 2519 2891 2600 diligentiam
2921 2522 3236 2600 adhibeat,
3265 2528 3331 2584 et
3361 2520 3737 2584 nihilominus
3833 2565 3834 2568 κ

2204 2611 2284 2671 ob
2350 2613 2700 2674 naturalem
2764 2614 3071 2676 defectum
3138 2616 3238 2676 vel
3302 2615 3737 2696 incapacitatem

2204 2705 2394 2768 verba
2440 2707 2711 2770 retinere
2756 2725 2885 2770 non
2926 2709 3139 2788 possit,
3178 2708 3363 2770 facile
3426 2710 3637 2788 poterit
3674 2709 3739 2769 ab

2207 2799 2380 2860 omni
2420 2799 2605 2880 culpa
2638 2800 2937 2862 excusari.

2284 2896 2347 2955 9.
2393 2893 2777 2957 Dubium.-
2809 2894 3075 2959 Solatia.
3104 2929 3181 2942 --
3206 2895 3397 2957 Aliud
3427 2895 3603 2956 breve
3646 2895 3737 2954 du-

2206 2986 2381 3048 bium
2444 2993 2559 3062 est,
2622 2987 2771 3067 quia
2840 2989 2917 3050 (le
2980 2987 3298 3050 habitibus
3358 3009 3487 3052 non
3542 2988 3738 3048 dantur

2208 3085 2541 3159 praecepta,
2574 3081 2677 3140 sed
2715 3081 2791 3142 de
2827 3081 3065 3142 actibus
3098 3080 3315 3142 liberis
3334 3105 3353 3158 3
3386 3089 3609 3143 atvero
3637 3098 3740 3142 me·

2207 3173 2405 3234 moria
2446 3181 2538 3234 est
2584 3174 2737 3252 quid
2778 3174 3132 3250 habituale3
3164 3175 3449 3236 consistit
3492 3175 3645 3236 enim
3684 3173 3737 3233 in

2205 3270 2344 3326 artu
2388 3265 2613 3345 primo,
2654 3274 2716 3327 et
2753 3273 3077 3346 permanet
3119 3268 3309 3330 etiam
3342 3268 3587 3347 quando
3633 3284 3736 3326 non

2206 3376 2537 3438 operamur
2557 3382 2575 3434 ;
2625 3361 2933 3438 quomodo
2990 3379 3143 3438 ergo
3192 3368 3397 3440 potest
3443 3361 3557 3424 hoc
3614 3379 3740 3439 prae·
3833 3397 3834 3400 =

2209 3458 2454 3530 ceptum
2481 3452 2560 3512 ad
2590 3452 2956 3513 memoriam
2984 3452 3258 3532 obligare
3283 3459 3312 3515 'l
3344 3453 3739 3534 Respondetur

2209 3549 2587 3624 praeceptum
2639 3545 2889 3624 quidem
2930 3565 3059 3606 non
3104 3547 3389 3625 obligare
3418 3545 3739 3606 immediate

2210 3637 2287 3697 ad
2325 3637 2703 3698 habitualem
2745 3638 3212 3717 perfectionem,
3256 3639 3536 3719 obligare
3560 3647 3739 3699 tamen

2208 3731 2289 3792 ad
2319 3739 2493 3794 actus
2521 3730 2749 3811 quibus
2775 3732 3023 3792 habitus
3049 3738 3496 3813 comparantur
3528 3737 3587 3792 et
3620 3747 3737 3790 con-

2210 3828 2555 3884 servantur.
2594 3824 2693 3884 Sic
2732 3827 2903 3885 enim
2931 3824 3159 3886 habere
3197 3826 3469 3904 gratiam
3496 3823 3741 3886 habitua-

2210 3916 2335 3977 lem
2365 3933 2493 3976 non
2512 3923 2607 3977 est
2645 3917 2930 3996 proxima
2959 3918 3219 3979 materia
3246 3916 3560 3998 praecepti,
3588 3921 3644 3976 et
3664 3915 3741 3974 ni-

2209 4009 2572 4085 hilominuS,
2598 4016 2903 4088 quatenus
2929 4029 3041 4092 per
3067 4009 3507 4073 contritionem
3532 4025 3743 4087 compa-

2210 4108 2407 4178 ratur,
2435 4108 2499 4164 et
2538 4120 2648 4182 per
2691 4111 3011 4182 peccatum
3052 4102 3438 4184 deperditur,
3468 4101 3742 4180 obligatur

2210 4197 2399 4258 homo
2425 4203 2496 4256 ut
2524 4215 2589 4258 se
2616 4197 2903 4277 disponat
2929 4199 3007 4259 ad
3050 4198 3343 4276 gratiam,
3376 4203 3442 4260 et
3468 4204 3537 4257 ut
3563 4199 3743 4256 caveat-

2212 4308 2291 4352 ne
2340 4289 2513 4350 illam
2559 4291 2829 4366 amittat,
2867 4297 3193 4371 postquam
3234 4307 3375 4352 eam
3418 4295 3509 4352 est
3553 4303 3741 4350 conse·

2212 4391 2411 4444 cutus.
2470 4383 2571 4444 Sic
2614 4402 2766 4463 ergo
2808 4386 2874 4446 in
2916 4385 3209 4464 praesenti
3256 4402 3387 4446 non
3426 4382 3744 4464 praecipitur

2208 4475 2569 4538 immediate
2592 4477 2725 4556 ipsa
2757 4479 3061 4540 memoria
3085 4474 3451 4552 habitualis,
3486 4493 3589 4536 seu
3620 4489 3747 4552 qua·
3833 4499 3834 4502 ¹

2208 4572 2392 4628 tenus
2424 4568 2703 4630 consistit
2740 4570 2807 4630 in
2834 4575 2977 4632 actu
3006 4569 3234 4650 prime,
3272 4569 3383 4630 sed
3426 4566 3744 4649 praecipitur

2210 4661 2537 4739 diligentia
2562 4665 2904 4725 necessaria
2930 4663 3008 4724 ad
3038 4662 3480 4740 acquirendam
3510 4660 3601 4722 vel
3622 4675 3743 4717 con·

2212 4754 2579 4816 servandam
2614 4755 2807 4829 illam,
2840 4755 2989 4835 quia
3021 4757 3369 4816 necessaria
3406 4760 3499 4816 est
3522 4753 3595 4816 ad
3624 4768 3745 4812 con·

2210 4848 2565 4908 venientem
2615 4849 2758 4909 vitm
2826 4849 3071 4910 institut
3082 4848 3287 4910 ionem
3307 4894 3329 4924 ,
3384 4853 3446 4909 et
3497 4845 3572 4907 ad
3620 4840 3741 4904 fidei

2212 4957 2413 5003 usum.
2455 4943 2533 5004 Et
2559 4942 2709 5004 binc
2745 4943 3119 5020 intelligitur
3150 4939 3240 5017 id,
3267 4941 3432 5021 quod
3470 4939 3742 5020 pnecipue

2211 5032 2593 5096 intendimus
2617 5081 2636 5111 ,
2682 5053 2905 5116 nempe
2942 5033 3195 5114 quando
3220 5042 3285 5096 et
3309 5035 3390 5095 ad
3418 5051 3567 5114 quos
3596 5033 3741 5090 actus

2212 5125 2331 5186 hoc
2374 5134 2751 5208 praeceptum
2792 5129 2997 5208 quoad
3024 5127 3187 5190 hanc
3226 5133 3468 5208 partem
3494 5123 3737 5201 obliget3

2214 5237 2324 5298 per
2351 5236 2414 5280 se
2448 5222 2617 5281 enim
2644 5227 2705 5282 et
2728 5222 3087 5284 immediate
3126 5239 3255 5282 non
3296 5219 3529 5298 obligat
3564 5215 3634 5274 ad
3668 5213 3741 5291 ip-

2212 5329 2349 5374 sum
2374 5314 2910 5391 supernaturalem
2936 5320 3144 5376 actum
3170 5314 3339 5390 fidei,
3366 5311 3465 5374 vel
3493 5308 3569 5372 ad
3596 5323 3741 5368 exer-

2212 5404 2429 5466 citium
2458 5405 2593 5483 eJus
2617 5423 2635 5483 3
2656 5404 2788 5467 baec
2808 5407 2977 5468 enim
3001 5406 3296 5486 obligatio
3318 5406 3447 5486 jam
3475 5399 3741 5480 explicata

2214 5503 2307 5558 est
2322 5519 2340 5571 ;
2383 5497 2488 5558 sed
2518 5498 2751 5578 obligat
2778 5499 2857 5560 ad
2885 5500 3219 5579 quamdam
3250 5497 3539 5580 praeviam
3562 5491 3742 5570 dispo·

2212 5592 2527 5666 titionem,
2557 5609 2665 5654 seu
2697 5592 3210 5676 praeparationem
3241 5589 3415 5672 quasi
3455 5587 3739 5668 physicam
