3900 6217
519 447 596 509 de
625 461 748 526 qua
773 462 842 507 re
863 445 1058 507 videri
1087 451 1283 524 potest
1327 445 1558 522 Penha',
1597 443 1819 508 citatus
1865 464 2075 526 supra,

513 557 688 601 num.
712 540 772 600 8.
805 539 870 597 in
897 538 1063 598 dicto
1089 540 1428 601 Comment.
1465 540 1674 601 tertio·
1719 566 1722 571 ·

598 634 696 693 16.
747 630 914 705 Quid
951 634 1039 694 eit
1093 632 1318 694 librum
1355 634 1650 695 continere
1671 632 1971 695 haeresim.
1998 664 2081 678 -

524 727 688 801 Quid
723 728 792 788 de
816 727 1104 804 reliyionc
1149 732 1435 789 tractare.
1453 762 1532 771 -
1553 726 1786 787 Deinde
1810 726 2075 803 singulae

515 827 719 901 partes
741 818 1118 899 explicandae
1143 826 1324 895 sunt;
1358 827 1417 881 et
1435 822 1592 881 circa
1614 820 1880 898 primam
1904 826 2081 879 note-

515 921 643 991 tur,
667 913 814 973 satis
841 930 970 973 esse
1002 912 1166 991 quod
1214 913 1279 972 in
1311 920 1437 973 toto
1467 914 1625 974 libro
1667 914 1763 975 vel
1795 930 1922 973 una
1951 913 2081 973 sola

515 1006 852 1088 propositio
881 1006 1168 1067 haeretica
1201 1007 1594 1085 inveniatur3
1640 1007 1799 1087 quod
1829 1007 2083 1068 notavit

517 1102 697 1163 Sanc.
733 1118 872 1161 cum
913 1099 1167 1178 Hugol.,
1197 1113 1410 1160 contra
1457 1101 1719 1180 aliquos,
1772 1101 1880 1181 qui
1905 1100 2079 1161 dixe·

515 1200 665 1253 runt
685 1192 1098 1255 necessarium
1123 1211 1252 1253 esse
1279 1200 1351 1253 ut
1375 1192 1532 1254 liber
1560 1212 1636 1255 ex
1658 1193 1928 1273 professo
1954 1198 2075 1253 tra-

514 1293 637 1349 ctet
661 1286 736 1347 de
765 1286 1004 1359 haeresi,
1036 1286 1201 1366 quod
1230 1293 1396 1347 certe
1421 1288 1677 1346 omnino
1703 1286 1928 1347 falsum
1962 1291 2075 1359 est,

519 1388 592 1442 ut
619 1381 806 1441 etiam
834 1379 900 1439 in
926 1380 964 1440 5
991 1384 1038 1439 t.
1073 1380 1308 1454 notavi,
1339 1376 1500 1457 quod
1532 1384 1698 1459 patet
1735 1398 1808 1440 ex
1843 1380 1906 1437 vi
1943 1396 2079 1439 ver-

521 1473 780 1534 borum:
807 1472 1116 1535 Hoeresim
1143 1473 1504 1534 continentes
1521 1497 1544 1543 ;
1571 1490 1698 1532 non
1728 1472 1896 1533 enim
1920 1471 2081 1533 dixit

515 1568 787 1639 haereses,
821 1574 884 1624 et
913 1564 1002 1625 ita
1027 1564 1215 1625 verba
1235 1563 1340 1627 illa
1367 1583 1479 1643 per
1497 1582 1688 1625 unam
1717 1564 1914 1627 solam
1937 1584 2078 1645 pro-

516 1660 886 1739 positionem
935 1656 1290 1717 haereticam
1359 1656 1778 1717 verificantur.
1847 1658 2079 1719 Deinde

521 1771 648 1813 non
664 1752 858 1811 dixit:
889 1752 980 1811 De
1021 1750 1238 1811 haeresi
1282 1755 1634 1823 tractantes,
1665 1750 1900 1811 sicutin
1931 1750 2083 1811 alte-

519 1863 590 1905 ra
615 1848 788 1921 parte
837 1843 986 1903 dixi.
1029 1843 1106 1903 Et
1143 1860 1222 1903 ex
1272 1843 1388 1903 hac
1437 1844 1718 1903 doctrina
1759 1844 2080 1905 manifeste

517 1937 828 2015 colligitur
875 1954 1002 1996 non
1047 1954 1176 1996 esse
1217 1937 1633 1996 necessarium
1683 1942 1754 1997 ut
1799 1936 1959 1998 liber
2004 1937 2080 1999 de

519 2028 744 2089 haeresi
773 2032 1024 2089 tractet:
1063 2044 1210 2087 nam
1243 2029 1685 2109 cujuscumque
1725 2030 2081 2107 argumenti

520 2129 631 2183 aut
657 2122 926 2182 scientiae
975 2127 1078 2196 sit,
1103 2122 1156 2182 si
1186 2140 1377 2184 unam
1425 2123 1712 2184 haeresim
1744 2123 2079 2200 contine-at,

527 2222 594 2275 et
613 2212 769 2275 liber
795 2215 874 2275 sit
925 2213 1197 2276 haeretici
1233 2217 1525 2291 auctoris,
1569 2216 1918 2296 prohibitus
1966 2223 2081 2292 est,

523 2312 586 2367 et
611 2306 855 2383 merito,
896 2308 1043 2387 quia
1070 2307 1178 2368 illo
1199 2308 1382 2369 modo
1404 2308 1601 2370 solent
1629 2309 1902 2389 haeretici
1943 2326 2085 2370 suas

532 2399 792 2460 haereses
816 2400 1144 2475 seminare,
1165 2406 1238 2460 ut
1275 2418 1416 2461 cum
1443 2402 1567 2463 alia
1593 2402 1876 2463 doctrina
1901 2402 2088 2462 devo-

523 2497 760 2554 rentur.
795 2492 967 2554 Circa
994 2492 1252 2555 alteram
1283 2494 1644 2573 particulam
1669 2495 1939 2556 dubitari
1980 2512 2089 2574 po-

524 2590 667 2657 test,
695 2584 831 2665 quis
856 2584 1014 2646 liber
1041 2586 1302 2647 censend
1311 2584 1382 2647 u⁰s
1419 2587 1500 2647 sit
1519 2590 1586 2650 de
1613 2588 1902 2667 reziqiom
1928 2593 2089 2650 trao-

527 2684 678 2741 ταῦτ.
711 2678 806 2739 Ad
828 2679 992 2758 quod
1015 2680 1354 2759 respondeo
1393 2699 1520 2742 non
1547 2683 1693 2742 satis
1711 2700 1843 2744 esse
1867 2687 1938 2741 ut
1962 2680 2092 2743 obi-

529 2779 627 2833 ter
651 2773 882 2851 aliquid
909 2770 986 2833 de
1031 2774 1330 2853 religione
1367 2776 1654 2855 attingat,
1685 2776 1790 2837 sed
1821 2775 1986 2855 quod
2015 2793 2093 2836 ex

531 2865 817 2925 instituto
845 2865 922 2927 de
970 2865 1269 2945 religione
1298 2873 1541 2944 tractet,
1576 2870 1642 2929 id
1679 2869 1848 2930 enim
1890 2869 1957 2929 in
2001 2868 2095 2929 ri-

529 2974 680 3036 gore
719 2958 907 3019 verba
959 2958 1330 3037 significant.
1374 2961 1609 3022 Dicitur
1631 2980 1838 3023 autem
1870 2963 1940 3025 do
1992 2980 2092 3025 re-

531 3051 757 3130 liyiono
793 3056 1078 3126 tractare,
1127 3054 1180 3113 si
1237 3072 1348 3133 per
1395 3072 1461 3113 se
1491 3055 1806 3115 contineat
1857 3072 2093 3115 sacram

531 3143 908 3220 doctrinam,
963 3146 1092 3207 sive
1139 3146 1219 3206 sit
1263 3145 1630 3226 exponendo
1689 3147 2091 3227 Scripturam,

532 3236 662 3298 sive
691 3237 1111 3300 scholasticam
1159 3240 1531 3315 doctrinam,
1585 3241 1714 3300 sive
1741 3240 2090 3318 conciones,

531 3330 663 3390 sive
695 3348 870 3391 casus
923 3332 1336 3408 conscientiae,
1361 3333 1490 3393 sive
1519 3332 1664 3409 alia,
1693 3350 1831 3411 quae
1859 3332 1939 3393 ad
1969 3333 2099 3393 cul-

541 3429 672 3484 tum
693 3423 800 3484 Dei
814 3424 914 3484 vel
938 3430 1313 3500 sanctorum,
1339 3426 1438 3487 vel
1464 3426 1546 3487 ad
1571 3426 1832 3487 salutem
1859 3427 2098 3487 anima·

501 3550 508 3557 ·
538 3534 678 3579 rum
715 3522 1024 3597 spectant3
1076 3524 1138 3579 et
1180 3520 1326 3597 quia
1377 3519 1824 3580 contrariorum
1877 3519 2095 3581 eadem

537 3616 629 3670 est
649 3610 828 3687 ratio,
873 3610 1152 3690 ejusdem
1191 3612 1466 3673 materiae
1489 3628 1706 3672 censeo
1735 3630 1864 3674 esse
1903 3612 2096 3674 libros

538 3703 615 3765 de
671 3704 1203 3783 superstitionibus
1261 3704 1592 3765 scribentes
1619 3750 1640 3780 ,
1683 3706 1784 3767 vel
1841 3706 2099 3785 magicis

539 3795 799 3872 artibuS,
855 3814 928 3857 ac
981 3797 1237 3876 proinde
1274 3796 1392 3859 hoc
1421 3799 1676 3860 nomine
1703 3817 1834 3861 esse
1890 3800 2097 3880 prohi-

537 3889 720 3965 bitos,
773 3891 1056 3971 quamvis
1101 3891 1207 3951 vix
1258 3892 1446 3952 etiam
1491 3892 1726 3971 possint
1758 3892 2098 3957 haeresibus

541 4000 773 4045 carere.

623 4084 653 4141 1
662 4083 698 4141 7
707 4126 721 4139 .
760 4077 1040 4144 Secunda
1051 4098 1226 4159 para,
1243 4098 1376 4162 quoe
1389 4082 1650 4145 actiones
1664 4089 1923 4164 quatuor
1937 4082 2097 4147 circa

543 4176 694 4239 tales
710 4174 900 4237 libros
919 4174 1468 4238 cetat.—Secundo
1493 4175 1626 4235 loco
1653 4175 1985 4237 dicendum
2008 4183 2100 4239 est

445 4260 451 4265 ⁴
543 4270 620 4330 de
674 4269 934 4330 materia
962 4269 1243 4347 proxima
1261 4266 1448 4346 hujus
1474 4267 1930 4348 prohibitionis,
1988 4289 2099 4331 seu

545 4380 839 4437 censurae,
874 4361 934 4421 id
959 4366 1074 4435 est,
1107 4360 1182 4422 de
1209 4360 1554 4422 actionibus
1587 4362 1912 4441 prohibitis
1937 4364 2101 4425 circa

541 4454 731 4516 libros
752 4454 1216 4516 haereticorum:
1267 4462 1410 4513 sunt
1438 4461 1645 4515 autem
1692 4464 1960 4535 quatuor
1986 4456 2103 4516 hu-

538 4547 808 4628 jusmodi
835 4549 1126 4622 actioneS‚
1155 4548 1408 4621 scilicet,
1438 4548 1644 4629 leym-e,
1675 4552 1955 4619 retinere.
1986 4550 2103 4611 im—

540 4642 825 4719 primere,
859 4648 913 4701 ct
943 4641 1242 4718 defendere
1272 4640 1630 4719 hujusmodi
1658 4642 1869 4703 libros,
1897 4644 1973 4702 Et
1997 4642 2102 4703 ad-

543 4734 714 4794 ditur
747 4733 814 4793 in
857 4732 1032 4794 Bulla
1065 4732 1368 4812 particula
1390 4735 1671 4811 scienter,
1705 4752 1843 4814 quae
1873 4736 1939 4796 in
1969 4753 2101 4795 om-

544 4844 656 4887 nes
681 4826 818 4886 illas
845 4826 1116 4887 actiones
1143 4826 1326 4901 radit,
1359 4833 1422 4887 et
1442 4827 1630 4887 habet
1657 4828 1819 4887 hanc
1843 4828 1999 4903 vim,
2032 4834 2103 4887 ut

543 4917 686 4979 licet
722 4918 942 4997 aliquae
997 4937 1073 4980 ex
1108 4920 1232 4980 illis
1259 4919 1606 4981 actionibus
1633 4938 1710 4981 ex
1745 4921 2099 4997 ignorantia

541 5010 718 5086 fiant,
751 5030 876 5072 uon
933 5012 1282 5073 incurratur
1335 5030 1630 5073 censura:
1671 5014 1837 5091 quod
1881 5030 2099 5075 verum

543 5110 656 5178 est,
679 5105 920 5165 etiamsi
951 5104 1087 5165 talis
1117 5105 1470 5181 igonrantia
1499 5106 1584 5164 sit
1609 5122 1812 5166 crassa
1837 5112 1900 5165 et
1935 5106 2103 5184 supi-

544 5216 648 5273 na,
683 5199 770 5257 ita
799 5204 868 5257 ut
895 5216 932 5257 a
963 5198 1140 5276 culpa
1167 5215 1291 5258 non
1340 5204 1608 5266 excuset,
1660 5199 1806 5276 quia
1829 5198 1936 5258 illa
1964 5216 2103 5277 par-

542 5289 732 5349 ticula
767 5288 935 5349 hunc
987 5290 1278 5351 effectum
1319 5288 1530 5361 habet,
1584 5290 1736 5350 alias
1793 5291 2103 5370 superflue

542 5389 875 5461 poneretur
885 5398 905 5460 3
926 5402 1062 5462 quae
1093 5390 1184 5443 est
1218 5383 1561 5444 communis
1587 5383 1866 5444 doctrina
1885 5384 1951 5443 in
1976 5400 2104 5443 ma—

541 5477 698 5538 teria
721 5477 800 5538 de
825 5477 1096 5538 censuris
1131 5484 1194 5538 et
1215 5476 1479 5557 legibus,
1511 5484 1573 5539 et
1611 5476 1784 5538 illam
1807 5475 1965 5536 bene
2002 5494 2105 5537 ex-

982 342 1215 395 bisen-T.
1254 344 1360 395 XX.
1399 342 1480 395 DE
1513 340 1802 396 REHEDUS
1833 339 2147 395 ECCLESIAE
2177 342 2422 396 CONTRA
2454 340 2751 395 nAERrszssss
2779 334 2863 392 m·
2892 338 3277 393 ammons,

2156 446 2361 525 posuit
2406 446 2614 520 Sanc„
2650 444 2811 505 libro
2852 447 2891 504 9
2934 442 3013 503 de
3051 443 3261 516 Matr„
3300 440 3553 503 distinct.
3590 447 3668 522 ΒΞ,

2156 558 2332 600 num.
2366 540 2469 614 36,
2501 541 2579 601 39
2610 545 2677 598 et
2720 538 2823 597 40.
2865 537 2933 597 In
2974 536 3263 615 praesenti
3290 550 3439 611 ergo
3477 544 3673 614 oportet
3786 575 3788 588 ·

2158 634 2312 695 scire
2340 652 2557 694 omnes
2584 632 2965 693 conditiones
2988 630 3320 708 requisitas
3352 635 3426 688 ut
3459 628 3593 689 liber
3614 633 3675 691 sit

2160 728 2507 809 prohibitus
2530 744 2639 806 per
2662 725 2833 786 illam
2858 724 3085 803 legem,
3130 721 3386 797 scilicet,
3422 722 3569 801 quod
3588 742 3674 785 au-

2158 830 2291 884 ctor
2318 822 2451 899 ejus
2476 819 2809 880 haereticus
2836 817 2939 892 sit,
2974 822 3039 877 et
3060 815 3229 894 quod
3271 814 3543 875 haeresim
3562 834 3676 879 con·

2160 917 2374 985 tineat,
2407 914 2503 976 vel
2539 914 2617 973 de
2642 911 2941 989 religione
2993 915 3239 971 tractet.
3284 907 3459 969 Unde
3482 908 3531 968 si
3558 908 3679 973 alte-

2161 1028 2303 1071 rum
2332 1010 2591 1069 istorum
2615 1006 2957 1083 ignoretur,
2984 1020 3112 1063 non
3136 1000 3493 1081 peccabitur
3522 1005 3681 1065 scien-

2162 1108 2286 1181 ter-3
2311 1120 2436 1162 non
2466 1106 2557 1161 est
2581 1104 2794 1160 autem
2840 1097 3263 1158 necessarium
3288 1101 3359 1154 ut
3383 1093 3679 1157 haecscien-

2160 1200 2247 1259 tia
2296 1197 2378 1257 sit
2417 1194 2673 1256 omnino
2726 1190 3013 1265 evidens,
3066 1189 3171 1251 sed
3210 1188 3439 1250 sufficit
3477 1194 3541 1249 ut
3584 1190 3682 1249 fide

2160 1290 2367 1368 dignis
2392 1286 2762 1349 testimoniis
2786 1284 3131 1354 habetatum
3164 1282 3333 1361 quod
3364 1281 3419 1341 si
3437 1298 3553 1341 non
3580 1282 3682 1343 sint

2160 1383 2547 1457 sufficientia,
2564 1380 2663 1440 vel
2678 1386 2927 1439 tantum
2952 1376 3031 1436 sit
3050 1375 3306 1456 publica
3328 1374 3511 1449 fama,
3532 1394 3681 1455 opor-

2164 1476 2320 1539 tebit
2368 1472 2761 1551 diligentiam
2804 1469 3218 1550 praemittere3
3271 1468 3437 1547 quod
3486 1469 3535 1528 si
3574 1470 3683 1547 quis

2158 1568 2329 1629 illam
2360 1565 2706 1628 voluntarie
2732 1564 3002 1638 omittat,
3034 1562 3132 1623 ita
3180 1566 3255 1621 ut
3278 1560 3521 1621 affectet
3541 1562 3681 1639 igno·

2158 1663 2453 1736 rantiam,
2497 1678 2605 1721 seu
2646 1657 3175 1734 incertitudinem,
3230 1670 3348 1714 seu
3388 1654 3577 1732 potius
3610 1672 3683 1715 ea-

2161 1756 2423 1818 rentiam
2453 1770 2617 1814 verae
2643 1757 2752 1813 aut
2796 1747 3229 1829 probabilioris
3266 1746 3559 1821 scientiae,
3584 1765 3679 1807 non

2160 1848 2581 1919 excusabitur,
2627 1846 2775 1925 quia
2816 1844 3138 1904 moraliter
3186 1841 3493 1903 diceretur
3535 1842 3682 1903 scies·

2161 1950 2255 2009 ter
2306 1942 2585 2022 operm-n
2638 1946 2703 2002 et
2753 1940 2885 1999 haec
2928 1938 3107 1998 dictis
3167 1934 3513 1998 actionibus
3552 1952 3681 1994 com-

2163 2037 2379 2099 munia
2410 2040 2599 2110 sunt;
2630 2050 2800 2094 nunc
2824 2030 2989 2093 circa
3034 2029 3319 2109 singulas
3350 2026 3573 2107 aliquid
3594 2044 3678 2087 no-

2162 2136 2294 2191 tare
2322 2134 2588 2208 oportet.

2250 2223 2346 2284 18.
2390 2222 2481 2285 Do
2524 2219 2732 2303 prima
2784 2218 3017 2284 actione
3066 2216 3413 2299 spemin,
3464 2232 3583 2295 m
3618 2220 3686 2276 ωε

2166 2316 2379 2397 legere,
2415 2315 2612 2395 quoad
2650 2312 2849 2391 ipsius
2898 2310 3277 2392 qualitatem.
3301 2340 3384 2357 -—
3398 2310 3473 2370 Et
3517 2308 3679 2387 primo

2166 2409 2331 2467 circa
2393 2406 2723 2468 lectionem
2778 2403 3217 2482 explicandum
3282 2408 3377 2463 est
3422 2417 3551 2479 quae
3604 2416 3686 2458 seu

2166 2500 2367 2579 qualis
2412 2505 2474 2559 et
2518 2504 2751 2578 quanta
2800 2498 2881 2557 ad
2920 2494 3365 2557 incurrendam
3410 2509 3685 2554 censuram

2169 2592 2449 2653 sufficiat.
2482 2594 2559 2653 Et
2584 2590 2890 2670 imprimis
2921 2590 3082 2649 circa
3109 2588 3497 2670 qualitatem,
3522 2602 3688 2645 neces-

2169 2686 2405 2747 sarium
2438 2691 2531 2747 est
2572 2691 2642 2744 ut
2674 2702 2803 2743 non
2838 2687 3085 2744 tantum
3116 2682 3199 2741 sit
3236 2682 3498 2742 exterior
3522 2678 3684 2750 lectio,

2172 2780 2275 2841 sed
2316 2796 2457 2839 cum
2486 2775 2899 2855 intelligentia
2928 2773 3267 2836 verborum
3296 2792 3313 2849 3
3344 2790 3485 2835 nam
3509 2771 3555 2831 si
3578 2769 3685 2848 quis

2172 2873 2467 2949 ignorans
2511 2888 2757 2950 prorsus
2797 2868 3079 2947 linguam
3122 2867 3387 2930 latinam
3404 2911 3425 2941 ,
3460 2864 3549 2925 vel
3577 2878 3685 2922 eam

2174 2964 2240 3025 in
2270 2982 2393 3042 qua
2421 2963 2581 3023 liber
2606 2962 2869 3041 scriptus
2898 2967 3011 3035 est,
3048 2960 3232 3021 illum
3260 2959 3445 3038 legat,
3470 2974 3585 3017 non
3616 2954 3687 3012 in-

2174 3062 2381 3117 curret
2414 3072 2761 3129 censuram,
2793 3072 2907 3116 nec
2936 3070 3049 3133 per
3078 3070 3145 3115 se
3171 3050 3481 3133 loquendo
3504 3052 3688 3108 morta·

2172 3150 2317 3211 liter
2334 3148 2634 3230 peccabit,
2654 3149 2803 3227 quia
2826 3148 2932 3208 illa
2946 3164 3075 3207 non
3094 3152 3193 3207 est
3212 3162 3362 3207 vera
3380 3150 3441 3205 et
3458 3138 3684 3203 formalis

2174 3244 2387 3325 lecti0,
2412 3242 2519 3303 sed
2540 3247 2786 3303 tantum
2814 3239 3195 3302 materialis:
3233 3246 3299 3301 et
3328 3243 3601 3317 praeterea
3618 3230 3685 3289 ihi

2176 3341 2369 3397 cessat
2395 3333 2760 3413 ratio-legis,
2804 3334 2953 3413 quia
2984 3350 3189 3412 neque
3218 3328 3547 3411 periculum
3572 3323 3684 3385 inde

2176 3430 2486 3504 imminet,
2518 3445 2633 3489 nec
2662 3432 2755 3487 est
2774 3427 3262 3488 communicatio
3288 3440 3431 3484 cum
3452 3416 3685 3481 haeretieo

2172 3522 2241 3583 in
2272 3522 2593 3595 doctrina3
2622 3526 2687 3582 et
2714 3521 2781 3581 in
2809 3519 2926 3580 hoc
2960 3534 3179 3579 omnes
3208 3514 3581 3578 conveniunt.
3606 3509 3683 3567 Se·

2175 3615 2401 3690 cunda,
2416 3632 2541 3675 non
2566 3614 2793 3675 sufficit
2819 3613 2949 3673 sola
2974 3617 3185 3673 mente
3212 3623 3555 3691 percurrere
3578 3617 3683 3681 quae

2176 3709 2348 3788 prius
2384 3710 2643 3770 fortasse
2686 3708 2755 3768 in
2800 3706 2961 3767 libro
3002 3705 3159 3765 lecta
3204 3710 3375 3777 sunt,
3416 3700 3533 3760 sive
3573 3700 3683 3797 ante

2176 3802 2680 3881 prohihitionem,
2714 3802 2843 3861 sive
2860 3804 2999 3880 post
3018 3799 3189 3859 illam
3205 3814 3225 3873 3
3252 3798 3325 3858 in
3344 3810 3461 3875 quo
3477 3790 3685 3887 excesu}

2177 3895 2461 3975 Graphis,
2494 3895 2704 3956 dicens
2732 3894 3043 3955 incurrere
3065 3892 3233 3952 hanc
3254 3900 3575 3956 censuram,
3598 3893 3681 3957 qm
3787 3934 3788 3957 ς

2176 4006 2288 4067 per
2312 3987 2507 4049 solam
2536 3986 2765 4048 mentis
2796 3985 3311 4061 recordationem,
3347 3978 3510 4062 quasi
3544 3988 3681 4034 men-

2174 4081 2384 4143 taliter
2443 4081 2677 4142 librum
2738 4080 2914 4158 legit.
2973 4078 3281 4140 Probatur
3329 4090 3467 4135 vero
3514 4069 3679 4167 nostfa

2179 4178 2503 4251 sententia,
2540 4182 2675 4236 tum
2714 4176 2864 4255 quia
2903 4173 3009 4235 illa
3038 4189 3258 4235 revera
3284 4188 3407 4232 non
3438 4170 3520 4227 est
3540 4161 3677 4221 lectio

2177 4271 2478 4342 humana,
2526 4269 2603 4329 de
2647 4286 2771 4348 qua
2820 4267 2986 4347 leges
3017 4268 3329 4341 {humanm
3366 4258 3674 4339 loquunt11r;

2178 4371 2313 4423 tum
2344 4363 2531 4423 etiam
2562 4363 2709 4441 quia
2734 4360 2837 4421 ille
2863 4370 3035 4422 actus
3062 4366 3153 4421 est
3179 4358 3431 4420 omnino
3452 4353 3681 4413 internus

2182 4464 2243 4515 et
2285 4456 2591 4528 mentalis,
2620 4454 2731 4533 qui
2758 4472 2885 4515 non
2908 4463 3001 4515 est
3020 4454 3282 4513 materia
3306 4458 3574 4511 censurat,
3589 4436 3678 4540 ‘⁸¹¹‘

2182 4548 2337 4626 legis
2376 4548 2693 4622 humanae,
2728 4551 2791 4607 et
2828 4547 2911 4605 ita
2954 4552 3169 4605 tenent
3186 4538 3677 4621 Hugol.,5anc1us‚

2182 4647 2245 4701 et
2281 4640 2413 4701 alii.
2457 4642 2689 4714 Ter-tic,
2716 4638 2977 4699 sufficiet
3018 4638 3225 4715 legere
3266 4632 3447 4697 oculis
3482 4634 3675 4703 percur-

2181 4733 2377 4793 rendo
2420 4732 2673 4809 librum,
2720 4731 2963 4793 etiamsi
3010 4748 3119 4791 ore
3164 4728 3323 4789 nihil
3368 4718 3675 4811 pmfeffit⁰f2

2182 4826 2327 4905 quia
2371 4824 2524 4885 illud
2564 4842 2781 4887 revera
2830 4831 2926 4885 est
2967 4821 3194 4902 legere,
3242 4828 3307 4881 et
3346 4815 3517 4878 etiam
3552 4806 3677 4863 ³⁰2⁰

2180 4917 2509 4993 sensibilia,
2538 4920 2605 4978 in
2632 4936 2755 4996 qua
2784 4924 2915 4977 tota
2941 4916 3101 4977 ratio
3125 4916 3280 4993 legis
3301 4914 3483 4973 locum
3508 4896 3674 4999 habft·

2264 5014 2359 5072 19.
2407 5010 2509 5073 An
2558 5011 2799 5075 dicatur
2838 5010 3027 5092 leym-e
3056 5010 3163 5090 qui
3196 5008 3472 5090 leynam
3500 4982 3679 5057 affl?

2180 5106 2467 5187 —Neyat
2500 5104 2789 5168 Saucius.
2804 5102 3351 5179 —Affirmandum
3370 5109 3489 5159 cvm
3510 5082 3674 5148 Mn

2188 5199 2401 5271 Scir-o,
2432 5202 2493 5259 et
2520 5196 2809 5274 Graptis.
2836 5228 2921 5242 —-
2943 5193 3279 5255 Difficultas
3316 5204 3451 5249 vero
3480 5183 3575 5249 8⁵⁸,
3603 5184 3673 5275 ‘⁸¹¹

2184 5292 2445 5351 sufficiat
2493 5290 2743 5350 auditus
2796 5288 2921 5348 alio
2966 5287 3249 5365 legente3
3296 5297 3427 5345 nam
3466 5274 3675 5335 Sancms

2182 5401 2392 5462 supra,
2444 5398 2709 5443 numero
2758 5380 3235 5461 quadragesimo
3276 5384 3489 5441 octavo,
3516 5354 3674 5467 ‘putat

2184 5494 2312 5537 nnn
2348 5475 2649 5550 sufficere,
2690 5474 2839 5555 quia
2882 5474 2948 5534 in
3000 5473 3365 5554 proprietate
3398 5468 3453 5526 et
3484 5460 3666 5531 r¹8⁰¹02
