3900 6217
531 362 651 424 556

529 468 764 530 fructus
790 466 931 528 talis
955 464 1262 539 beneficii,
1292 465 1592 545 quamdiu
1615 463 1920 525 sententia
1947 481 2092 523 con·

529 569 630 622 tra
667 560 872 641 ipsum
920 576 1046 619 nou
1068 558 1396 637 profertur.
1426 558 1477 619 si
1506 557 1782 638 alioquin
1813 575 1925 616 suo
1954 573 2094 616 mu-

531 655 665 715 neri
699 649 1013 729 satisfacit,
1065 651 1212 730 quia
1256 657 1348 712 est
1374 669 1520 713 vere
1568 649 1856 711 dominus
1905 647 2093 708 bene·

529 747 675 809 ficii.

611 841 712 902 20.
785 839 1129 904 Secundum
1185 836 1674 919 pronuntiatum.
1728 867 1810 882 —
1866 835 2097 898 Secun-

529 933 610 994 do
633 979 650 1008 ,
700 933 1029 994 dicendum
1087 937 1180 994 est
1226 938 1371 993 ante
1419 949 1669 992 omnem
1721 928 2095 992 sententiam

531 1025 734 1087 amitti
759 1026 1008 1104 aliquod
1021 1025 1128 1104 jus
1149 1025 1312 1085 circa
1333 1023 1704 1086 beneficium
1725 1021 1955 1102 ipsum,
1982 1037 2093 1081 seu

530 1118 706 1198 quasi
746 1117 1098 1178 infirmatur
1125 1117 1293 1198 prior
1320 1115 1561 1192 titulus,
1593 1122 1702 1176 aut
1728 1112 1920 1175 veluti
1948 1132 2093 1174 con-

530 1210 800 1272 fiscatur.
831 1212 898 1271 ln
927 1210 1046 1271 hoc
1072 1222 1256 1271 sensu
1276 1227 1424 1271 vera
1469 1214 1564 1271 est
1603 1208 1805 1289 prima
1847 1211 2093 1267 senten-

532 1304 643 1380 tia,
697 1310 760 1365 et
816 1304 1088 1364 maxime
1139 1301 1486 1364 ostenditur
1545 1318 1624 1362 ex
1676 1299 1786 1361 illo
1840 1299 2092 1376 effectu,

533 1399 698 1479 quod
725 1397 1099 1461 beneficium
1131 1396 1448 1479 impetrari
1482 1400 1681 1476 potest
1711 1412 1748 1454 a
1789 1392 1890 1454 die
1922 1408 2089 1454 com-

532 1491 701 1552 missi
742 1489 1042 1566 criminis,
1089 1496 1151 1551 et
1185 1489 1522 1568 resignatio
1559 1488 1638 1549 ab
1677 1487 1784 1548 illo
1817 1487 1979 1548 facta
2012 1486 2091 1548 ab

531 1585 747 1646 eodem
773 1592 1050 1665 tempore
1079 1583 1404 1646 invalidari
1421 1599 1441 1661 ;
1473 1600 1645 1659 nam,
1689 1581 1833 1643 licet
1867 1581 1944 1642 de
1973 1581 2092 1642 hoc

529 1675 748 1738 effectu
794 1697 921 1739 non
955 1682 1192 1738 constet
1233 1677 1484 1756 proprio
1529 1682 1593 1737 et
1636 1673 1885 1756 speciali
1925 1675 2089 1753 jure,

533 1770 679 1833 satis
704 1775 796 1833 est
824 1771 987 1852 quod
1026 1791 1142 1832 usu
1169 1776 1232 1832 et
1261 1769 1423 1850 stylo
1463 1769 1652 1831 curiae
1677 1767 1972 1850 probetur
1987 1783 2008 1845 3
2035 1771 2098 1828 et

531 1883 675 1926 mea
724 1865 1030 1926 sententia
1089 1862 1527 1944 comprehendi
1579 1867 1781 1943 potest
1827 1860 1894 1920 in
1956 1877 2091 1939 cap.

535 1957 685 2022 Cum
709 1959 1028 2020 secundum
1055 1958 1236 2039 loyes,
1265 1955 1342 2017 de
1365 1955 1591 2016 Haeret.
1601 1999 1620 2030 ,
1649 1953 1713 2014 in
1746 1953 1805 2015 6.
1837 1953 1928 2013 Ex
1972 1969 2097 2032 quo

533 2051 720 2114 etiam
745 2056 983 2112 constat
1008 2068 1220 2110 omnes
1247 2050 1481 2111 fructus
1521 2066 1600 2108 ex
1643 2045 1753 2108 tali
1791 2045 2097 2108 beneficio

533 2151 878 2224 perceptos,
917 2142 995 2203 ab
1037 2144 1252 2205 eodem
1289 2142 1390 2203 die
1433 2159 1562 2202 esse
1596 2139 1959 2202 confiscatos
1985 2161 2002 2214 ;
2034 2145 2097 2199 et

533 2237 673 2298 ideo
701 2237 864 2297 hanc
894 2237 1106 2298 vocavi
1136 2234 1309 2317 quasi
1333 2235 1830 2296 confiscationem
1865 2231 2097 2294 benefi-

531 2331 637 2408 cii,
661 2349 800 2411 quae
825 2348 903 2391 ex
929 2330 1205 2391 dicendis
1230 2329 1304 2392 de
1325 2329 1577 2409 propria
1614 2328 1878 2388 aliorum
1903 2325 2097 2386 bono-

534 2442 678 2486 rum
702 2421 1134 2485 confiscatione
1166 2423 1367 2502 magis
1390 2421 1819 2483 elucidabitur.
1866 2417 2095 2480 Adver-

530 2515 790 2578 tendum
814 2514 918 2576 hic
938 2521 1029 2576 est
1071 2513 1461 2576 collationem
1487 2515 1632 2575 novi
1661 2510 1943 2575 beneficii
1972 2511 2096 2572 fac-

532 2615 662 2670 tam
691 2607 977 2669 haeretico
1004 2608 1138 2688 ipso
1153 2609 1296 2687 jure
1325 2627 1456 2670 esse
1484 2606 1746 2680 nullam,
1773 2607 1863 2664 ita
1890 2609 1962 2664 ut
1984 2619 2099 2663 nec

532 2707 674 2784 post
711 2703 1173 2764 conversionem
1227 2703 1420 2782 possit
1462 2701 1617 2763 illud
1648 2701 1914 2761 retinere
1964 2696 2100 2758 abs-

534 2813 657 2872 que
686 2811 848 2855 nova
893 2795 1308 2870 concessione,
1340 2803 1411 2855 ut
1455 2799 1693 2856 constat
1743 2809 1819 2852 ex
1866 2809 2003 2870 cap.
2034 2791 2095 2862 2,

534 2887 664 2968 §de
688 2886 1048 2962 Hoereticis,
1090 2887 1157 2947 in
1202 2894 1395 2964 sexto,
1442 2895 1504 2949 et
1551 2883 1910 2946 Doctoribus
1946 2901 2101 2962 quos

533 2976 723 3040 refert
773 2984 836 3040 et
869 2981 1152 3060 sequitur
1202 2981 1474 3043 Sanchez
1494 3027 1515 3057 ,
1573 2978 1758 3041 citato
1801 2997 1936 3058 cap.
1994 2979 2097 3052 26,

533 3091 709 3134 num.
743 3074 814 3148 43
868 3079 928 3134 et
955 3073 1198 3149 Garcia,
1248 3080 1406 3156 part.
1457 3077 1553 3146 Η,
1600 3092 1732 3152 cap.
1773 3074 1872 3149 10,
1919 3089 2094 3132 num.

535 3165 614 3228 72
641 3171 703 3226 et
730 3167 850 3244 803
876 3172 938 3227 et
964 3168 1144 3244 Azor,
1172 3174 1323 3229 tom.
1351 3171 1374 3228 ⁴
1411 3168 1607 3229 Instit.
1630 3165 1872 3242 moral„
1893 3166 2003 3227 lib.
2034 3165 2096 3241 8,

543 3276 598 3320 c.
642 3261 742 3336 13,
774 3262 992 3338 quaest.
1033 3261 1095 3322 8.

969 3499 1415 3564 DISPUTATIO
1467 3502 1652 3565 XXII.

539 3717 618 3763 DE
637 3715 969 3764 ’auronum
994 3715 1174 3763 POENA
1211 3715 1670 3776 unanimum,
1701 3717 1833 3770 omit
1852 3717 1955 3764 1³11·
1983 3719 2097 3765 rmt

675 3807 1180 3857 communion!
1205 3809 1628 3855 mmmmm!
1651 3809 1951 3858 Bononml.

617 4002 760 4061 Post
799 3997 1145 4079 spirituales
1173 4019 1413 4082 poenas,
1455 4001 1782 4063 dicendum
1819 4005 2098 4083 sequitur

541 4094 618 4155 dc
671 4091 1142 4172 temporalibus,
1186 4113 1327 4174 quae
1362 4091 1540 4156 bonis
1573 4095 1762 4157 etiam
1791 4101 2100 4178 tempora-

538 4186 701 4248 libus
752 4190 1030 4267 privant3
1069 4187 1135 4248 in
1164 4205 1287 4268 quo
1316 4187 1532 4250 ordine
1561 4189 1762 4252 solent
1802 4189 2097 4270 distingui

539 4280 660 4341 tria
683 4298 913 4358 genera
941 4279 1270 4359 bonorum,
1304 4281 1558 4360 scilicet,
1591 4283 1732 4344 vitae
1749 4302 1856 4346 seu
1886 4302 2097 4364 corpo-

538 4374 648 4449 ris,
680 4373 864 4435 famae
894 4379 959 4436 et
988 4373 1275 4438 fortunoe.
1322 4358 1412 4436 De
1434 4375 1711 4452 infamia,
1737 4393 1876 4455 quae
1910 4394 2100 4456 oppo-

543 4470 714 4528 nitur
743 4467 1012 4528 secundo
1043 4469 1258 4545 generi
1304 4465 1639 4544 bonorum,
1689 4467 1928 4530 dictum
1964 4471 2099 4548 jam

547 4565 638 4621 est
666 4565 914 4640 propter
945 4561 1250 4622 rationem
1294 4559 1574 4642 superius
1602 4569 1847 4624 tactam.
1884 4564 2100 4624 Poenas

537 4658 744 4714 autem
787 4653 1096 4732 privantes
1125 4653 1302 4714 bonis
1343 4645 1530 4736 primi
1559 4657 1802 4732 generis
1829 4674 1940 4716 nos
1970 4674 2101 4716 cor-

546 4743 787 4827 porales
835 4763 1147 4822 vocamus,
1192 4745 1268 4806 de
1314 4733 1539 4826 quibus
1566 4747 1982 4827 disputatione
2011 4766 2101 4809 se·

538 4839 751 4920 quenti
779 4837 1004 4900 dicturi
1040 4857 1275 4901 sumus.
1311 4842 1422 4902 Hic
1449 4859 1597 4921 ergo
1628 4843 1826 4905 solum
1855 4843 2101 4920 agimus

541 4931 617 4991 de
645 4931 866 5012 poenis,
897 4949 1034 5010 quae
1063 4933 1308 5012 privant
1333 4933 1512 5004 bonis
1535 4933 1822 5011 fortunae,
1850 4954 1961 4996 seu
1996 4953 2101 4996 ex-

540 5023 756 5098 ternis,
788 5029 850 5083 et
877 5022 990 5085 has
1022 5043 1312 5086 vocamus
1359 5027 1608 5118 speciali
1655 5027 1836 5088 modo
1865 5034 2102 5108 tempo·

542 5116 720 5190 tales,
779 5135 1116 5198 omnesque
1169 5119 1284 5181 sub
1316 5122 1761 5183 ‘confiscatione
1789 5120 2099 5183 bonorum

544 5211 1178 5294 comprehenduntur,
1227 5214 1372 5293 quia
1395 5213 1488 5274 'in
1537 5213 1640 5275 illo
1671 5232 1898 5294 genere
1928 5214 2102 5278 nulla

544 5307 745 5386 major
796 5324 979 5386 poena
1023 5324 1150 5366 esse
1197 5315 1418 5386 potest,
1477 5309 1633 5371 etin
1667 5309 1773 5370 illa
1802 5315 2099 5388 tanquam

544 5406 748 5481 partes
802 5397 872 5459 in
912 5405 1043 5459 toto
1084 5399 1339 5480 reliquae
1399 5421 1611 5464 omnes
1673 5401 2095 5463 continentur.

547 5493 690 5556 Haec
717 5490 908 5576 igitur
930 5489 1282 5556 confiscatio
1311 5513 1347 5556 a
1387 5494 1566 5558 nohis
1589 5493 1959 5556 declaranda
1983 5499 2098 5571 est,

913 365 1150 419 msrur.
1185 366 1336 419 xxll.
1373 365 1453 418 DE
1485 363 1836 416 ‘rt-:mmmm
1867 361 2063 413 POENA
2094 357 2567 422 HAEREthonun,
2602 355 2749 420 QUAE
2780 359 2894 411 EST
2928 357 3334 414 conrlsculo.

2173 467 2479 542 quantum
2534 459 2859 538 Theologis
2904 459 3057 520 utile
3106 460 3309 536 suerit,
3350 469 3409 523 et
3446 463 3668 532 brevitas

2173 563 2524 634 temporum
2570 554 2948 634 permiserit:
2988 571 3134 614 nam
3190 571 3324 634 quae
3362 555 3571 636 juristae
3610 563 3671 624 dc

2173 645 2281 708 illa
2312 645 2586 723 tradunt,
2612 647 2741 710 fere
2765 646 3011 708 infinita
3032 650 3197 708 sunt.

2812 887 3029 942 sacrm
3060 889 3100 941 Ι.

2188 1073 2403 1138 Utmm
2436 1073 2779 1153 confiscatio
2806 1073 3091 1136 boum
3114 1075 3200 1138 eit
3222 1093 3401 1154 poena
3420 1077 3540 1159 ipso
3564 1083 3682 1160 jum

2252 1165 2553 1228 haereticis
2595 1167 2906 1246 imposita,
2939 1168 2997 1228 et
3014 1183 3149 1247 quoe
3176 1168 3250 1230 ab
3282 1166 3415 1230 wis
3436 1171 3557 1250 ipso
3580 1177 3683 1250 sao-

2256 1267 2341 1337 ιο,
2370 1267 2425 1324 oc
2450 1267 2591 1326 aute
2612 1278 2841 1324 omnem
2866 1263 3229 1326 sententiam
3256 1263 3623 1330 inmmrt

2253 1496 2311 1555 l.
2362 1491 2722 1574 Confisoatz‘o
2779 1497 2837 1558 et
2880 1495 3071 1572 firm
3122 1495 3275 1578 quid
3292 1495 3323 1556 3
3349 1527 3430 1544 --
3454 1495 3689 1562 Primum

2175 1587 2461 1648 omnium
2502 1587 2920 1648 necessarium
2946 1593 3039 1648 est
3058 1604 3277 1649 vocem
3305 1606 3617 1669 exponere;
3642 1597 3689 1655 et

2177 1679 2485 1760 imprimis
2522 1680 2817 1758 quoniam
2867 1679 3205 1758 confiscatio
3234 1679 3385 1741 dicit
3420 1679 3687 1745 habitudi-

2176 1790 2321 1833 nem
2350 1773 2429 1833 ad
2475 1771 2717 1848 fiscum,
2748 1772 3067 1833 sciendum
3119 1777 3209 1834 est
3243 1790 3321 1833 ex
3360 1771 3685 1852 Augustino,

2183 1865 2285 1926 Ps.
2321 1865 2460 1940 ⁴46,
2495 1865 2564 1926 in
2606 1864 2767 1942 fine,
2818 1871 2880 1925 et
2910 1863 3165 1940 Isidoro,
3200 1864 3314 1926 lib.
3357 1867 3434 1926 ΞΟ
3482 1867 3690 1948 Etymo·

2175 1957 2327 2036 log.,
2358 1977 2415 2019 c.
2440 1959 2504 2033 9,
2514 1961 2731 2038 fiscum
2754 1955 3103 2036 significare
3126 1977 3375 2019 saccum
3399 1958 3688 2038 publicum,

2178 2049 2243 2110 in
2285 2069 2409 2130 quo
2437 2048 2716 2133 pecuniaess
2760 2049 3026 2129 publicae
3062 2057 3469 2131 reponuntur,
3513 2053 3571 2112 id
3603 2061 3691 2124 est.

2178 2145 2491 2220 aerarium,
2508 2161 2613 2204 seu
2640 2143 2997 2204 thesaurum
3018 2142 3355 2218 bonorum,
3378 2163 3482 2206 seu
3497 2143 3693 2224 jurium

2176 2234 2504 2314 regalium.
2539 2235 2717 2296 Unde
2743 2236 2877 2314 lege
2906 2235 3195 2312 secunda,
3224 2237 3294 2297 in
3319 2237 3623 2316 principio,
3640 2239 3693 2300 ff.

2178 2329 2265 2389 Ne
2292 2329 2437 2408 quid
2473 2329 2539 2388 in
2569 2325 2701 2388 loco
2748 2326 3020 2409 publico,
3072 2327 3239 2389 bona
3285 2329 3526 2409 propria
3561 2329 3697 2410 prin·

2178 2421 2328 2502 cipis
2358 2439 2457 2483 res
2487 2420 2724 2482 fiscales
2756 2421 3071 2483 dicuntur.
3100 2423 3173 2482 Et
3206 2423 3541 2484 secundum
3566 2443 3697 2484 oom-

2177 2532 2434 2576 munem
2463 2531 2643 2575 usum
2676 2513 2840 2575 solus
2861 2532 2971 2575 rex
2990 2515 3089 2576 vel
3114 2515 3398 2596 princeps
3419 2533 3697 2594 supremus

2179 2606 2407 2669 dicitur
2434 2605 2663 2668 habere
2681 2608 2920 2685 fiscm.
2954 2607 3032 2668 Et
3051 2607 3350 2670 claritatis
3377 2610 3564 2689 gratia
3590 2626 3695 2686 pos-

2178 2718 2391 2761 sumus
2443 2699 2825 2778 distinguere
2874 2699 3182 2781 duplicem
3229 2701 3471 2777 fiscum,
3503 2701 3695 2763 scilicet

2180 2793 2439 2868 aivam,
2480 2793 2681 2873 qualis
2721 2798 2815 2853 est
2862 2794 3098 2874 regius,
3144 2801 3206 2855 et
3250 2793 3697 2869 ecclesiasticum,

2180 2887 2429 2967 qualem
2468 2885 2655 2949 habet
2705 2885 3014 2964 Pontifex,
3049 2893 3113 2948 et
3139 2906 3253 2948 suo
3286 2887 3467 2949 modo
3490 2893 3701 2968 possunt

2180 2979 2409 3041 habere
2459 2980 2776 3060 Episcopi,
2823 2979 2923 3041 vel
2983 2979 3386 3060 particulares
3438 2981 3694 3042 Ecclesiae.

2180 3074 2339 3136 Hinc
2366 3093 2517 3153 ergo
2536 3073 2883 3152 confiscatio
2901 3073 3183 3138 bonorum
3203 3075 3435 3136 dicitur
3456 3075 3701 3156 quaedam

2180 3170 2459 3248 specialis
2492 3169 2821 3250 applicatio
2864 3169 3170 3231 bonorum
3222 3167 3621 3250 delinquentis
3642 3171 3706 3234 ad

2181 3263 2423 3340 fiscum,
2457 3280 2565 3342 per
2592 3279 2779 3341 quam
2810 3260 2882 3322 fit
2906 3267 2977 3322 ut
3006 3266 3070 3322 et
3101 3259 3249 3322 talia
3274 3259 3438 3322 bona
3464 3262 3578 3322 sint
3597 3281 3701 3340 spe-

2180 3355 2417 3415 cialiter
2462 3353 2734 3432 obligata
2778 3357 2950 3433 Ῐῖεοο,
3002 3359 3064 3414 et
3089 3356 3280 3436 fiscus
3328 3353 3456 3435 ipse
3491 3351 3701 3434 aliquod

2174 3448 2278 3526 jus
2305 3447 2383 3508 ad
2419 3448 2565 3508 talia
2606 3446 2772 3509 bona
2799 3445 3100 3526 acquirat.
3139 3447 3217 3507 Et
3268 3445 3389 3508 hoc
3426 3447 3611 3522 modo,
3649 3447 3701 3506 in

2177 3539 2317 3619 lege
2343 3541 2801 3616 Procuratores,
2838 3539 2903 3600 ff.
2938 3538 3013 3600 de
3044 3539 3195 3600 Jure
3221 3537 3380 3615 fisci,
3408 3537 3549 3600 talia
3569 3538 3701 3598 bona

2177 3633 2470 3693 dicuntur
2498 3633 2784 3693 devoluta
2818 3631 2898 3693 ad
2931 3631 3173 3710 fiscum,
3203 3637 3270 3693 et
3299 3631 3364 3693 in
3413 3631 3528 3712 leg.
3554 3631 3701 3704 Quis·

2175 3727 2333 3808 quis,
2364 3728 2431 3790 C.
2467 3725 2543 3786 ad
2586 3725 2810 3804 Legem
2838 3724 3070 3787 Juliam
3101 3726 3464 3804 maJ‘estatis,
3519 3724 3700 3784 dicun·

2175 3826 2279 3882 tur
2305 3820 2511 3881 addita
2547 3819 2713 3882 fisc0.
2746 3821 2823 3880 Et
2848 3819 2981 3880 hoec
3018 3819 3338 3880 sufficiunt
3363 3818 3440 3879 ad
3478 3818 3700 3896 explica-

2176 3911 2411 3974 tionem
2439 3913 2606 3973 vocis
2620 3935 2637 3990 3
2666 3931 2813 3972 nam
2855 3931 2955 3972 res
2995 3912 3129 3992 ipsa
3176 3910 3538 3992 explicando
3557 3908 3701 3970 effec-

2178 4009 2278 4065 tus
2318 4005 2773 4066 confiscationis
2793 4003 3161 4064 declaranda
3196 4010 3312 4065 est.

2258 4101 2319 4160 2.
2364 4099 2588 4162 Prima
2621 4097 2875 4162 assertio
2896 4116 3012 4180 pro
3028 4101 3239 4182 prima
3264 4104 3442 4182 parte
3466 4095 3701 4160 tituli.-

2180 4193 2310 4253 Hoc
2336 4193 2670 4272 supposito,
2709 4191 2975 4251 dicimus
3013 4191 3240 4272 prim0,
3285 4198 3527 4272 propter
3550 4189 3697 4249 delie-

2178 4292 2313 4346 tum
2344 4286 2597 4346 haeresis
2622 4290 2885 4364 utroque
2911 4285 3051 4363 jure
3076 4285 3429 4365 impositam
3458 4300 3577 4345 esse
3602 4297 3697 4362 poe·

2178 4396 2328 4440 nam
2364 4377 2815 4438 confiscationis
2860 4377 3142 4438 omnium
3188 4375 3493 4439 bonorum
3532 4391 3699 4454 perso-

2179 4490 2278 4533 nae
2308 4473 2395 4531 sic
2420 4470 2855 4550 delinquenti&
2884 4471 2976 4532 Ita
2997 4471 3139 4550 jure
3170 4470 3335 4532 civili
3368 4475 3600 4530 cautum
3630 4471 3700 4526 est

2183 4566 2249 4625 in
2274 4565 2410 4643 lege
2440 4565 2839 4628 Manichoeos.
2866 4583 3009 4626 cum
3035 4562 3275 4624 duabus
3304 4559 3700 4643 sequentibu53

2182 4663 2245 4720 et
2274 4657 2565 4719 Anthent.
2601 4657 2890 4731 G‘azaros,
2922 4677 2975 4718 c.
3016 4655 3091 4717 de
3118 4657 3372 4730 Haeret„
3398 4661 3457 4716 et
3481 4654 3519 4714 1.
3551 4651 3700 4726 Quis-

2181 4753 2342 4834 quis,
2371 4757 2435 4812 et
2467 4751 2588 4830 leg.
2635 4751 2777 4824 ult.,
2808 4770 2862 4813 c.
2896 4751 2974 4811 ad
3002 4750 3205 4828 legem
3240 4750 3464 4810 Juliam
3512 4746 3697 4824 majes-

2184 4846 2344 4919 tatis,
2362 4851 2424 4906 et
2449 4844 2515 4904 in
2542 4844 2663 4921 leg.
2693 4843 2833 4916 ult.,
2850 4863 2883 4905 c
2904 4843 2980 4905 de
3002 4845 3318 4904 Bonorum
3344 4837 3701 4922 praescriptio-

2179 4938 2386 5000 nibuS.
2434 4939 2507 5000 In
2544 4938 2684 5018 jure
2732 4945 2941 4999 autem
2992 4937 3289 4998 canonico
3336 4944 3425 4997 est
3483 4931 3702 4996 celebris

2180 5039 2385 5094 textus
2410 5033 2477 5094 in
2505 5051 2637 5112 cap.
2675 5031 2820 5097 Cum
2849 5033 3171 5097 secundum
3198 5031 3456 5115 leqes,de
3482 5029 3698 5096 Haeret„

2180 5125 2249 5188 in
2279 5127 2340 5202 6,
2372 5126 2478 5187 11111
2506 5126 2700 5189 Gloss.
2748 5133 2810 5188 et
2850 5127 3159 5200 Doctores,
3184 5133 3246 5189 et
3283 5143 3490 5190 omnes
3528 5119 3702 5201 quide

2181 5218 2483 5281 haereticis
2512 5217 2813 5280 scribunt.
2852 5219 2929 5280 Et
2975 5219 3135 5280 ratio
3186 5219 3481 5294 redditur,
3504 5212 3703 5278 tamin

2180 5310 2290 5374 illo
2319 5318 2515 5387 textu,
2538 5330 2726 5392 quam
2756 5313 2824 5373 in
2873 5311 3034 5388 aliis,
3085 5312 3233 5396 quia
3256 5313 3416 5393 leges
3443 5309 3700 5371 humanae

2182 5405 2451 5486 puniunt
2508 5404 2743 5466 crimen
2804 5405 2968 5467 loesae
3024 5405 3356 5485 maiestatis
3422 5403 3701 5471 humanae,

2182 5497 2310 5560 imo
2342 5495 2655 5560 interdum
2697 5497 2882 5560 etiam
2937 5497 3180 5561 minora
3212 5497 3484 5571 crimina,
3512 5489 3701 5554 confis-
