3900 6217
609 380 690 441 80

1087 378 1323 434 ΒΒΡΠΤ.
1357 380 1442 435 111.
1477 380 1560 435 ΒΕ
1591 380 1853 435 omnmo
1885 378 2157 433 manau
2190 379 2372 442 nott,
2405 381 2487 433 m·
2518 380 2813 447 Quouono
2844 382 2929 435 An
2962 382 3165 448 uuo,
3190 385 3319 439 mc.

611 481 770 559 ipso,
793 476 963 559 quod
987 496 1118 541 non
1147 484 1248 541 est
1273 480 1484 541 minus
1507 479 1852 543 absurdum
1877 480 1944 541 in
1972 478 2175 559 speci·-
2254 486 2499 553 actum;
2526 486 2743 543 tamen
2788 480 2943 543 illud
2968 481 3207 558 lumen,
3246 488 3315 547 ut
3346 486 3452 562 sic,
3478 507 3593 551 non
3636 493 3751 557 illu-

607 572 898 635 fieatione
931 572 1197 653 partiali,
1229 590 1422 653 quam
1445 574 1512 635 in
1537 573 1710 635 totali
1737 593 1754 647 ;
1785 590 1938 655 ergo
1968 571 2175 651 objec-
2252 572 2451 634 minat
2475 572 2821 637 formaliter
2848 573 3187 654 objectum,
3220 576 3331 639 sed
3354 578 3613 643 divinum
3652 592 3751 651 tes-

609 674 744 729 tum
769 666 915 729 fidei
949 666 1122 729 nullo
1161 666 1350 729 modo
1381 668 1672 729 constitui
1707 672 1912 747 potest
1943 666 2011 727 in
2033 682 2173 729 esse
2256 665 2605 741 timonium,
2662 666 2833 746 quod
2886 668 3007 731 sub
3054 686 3129 731 ea
3160 670 3397 733 ratione
3434 672 3547 737 dici
3579 684 3752 753 potest

607 760 918 823 credibilis
953 759 1280 839 objective,
1331 778 1444 838 per
1469 761 1676 841 ipsum
1727 760 2034 833 habitum,
2068 758 2167 821 vel

605 870 720 931 per
761 852 1190 915 habitudinem
1239 852 1322 913 ad
1349 853 1550 927 illum,
1581 872 1728 918 cum
1774 871 1808 915 e
1853 853 2165 915 contrario

605 945 854 1007 babitus
881 948 1087 1009 sumat
1105 946 1382 1023 speciem
1397 965 1579 1007 suam
1600 964 1716 1027 per
1735 945 2168 1007 habitudinem

605 1040 692 1101 ad
713 1040 1051 1119 objectum,
1085 1045 1154 1101 ut
1187 1042 1590 1104 constitutum
1619 1042 1683 1101 in
1713 1058 1854 1103 esse
1903 1039 2171 1103 credibi-

599 1134 680 1195 lis
709 1134 1036 1213 objectiva.

684 1228 782 1287 12.
829 1227 1138 1291 Probatur
1159 1227 1402 1292 tandem
1435 1228 1566 1291 alia
1589 1246 1742 1310 pan
1763 1228 2050 1309 mqativa
2066 1243 2169 1291 as·-

597 1322 904 1395 sationis,
935 1322 1094 1402 quod
1125 1340 1230 1385 uec
1273 1320 1576 1385 amilium
1605 1326 1830 1404 spectet
1865 1321 1952 1383 ad
1982 1320 2167 1399 objac-

598 1420 726 1479 tum
753 1416 1093 1490 formalem.
1115 1413 1601 1479 -Auotoritate-
1629 1448 1713 1463 -
1735 1415 1987 1489 Ultimo,
2012 1431 2167 1475 con-

597 1508 870 1571 cluditur
897 1525 974 1569 ex
1000 1508 1201 1584 dictis,
1237 1510 1440 1571 Deum
1477 1527 1608 1570 non
1657 1526 1798 1571 esse
1847 1508 2165 1587 objectum

599 1600 862 1663 formale
897 1601 1068 1676 fidei,
1121 1609 1192 1663 ut
1247 1602 1650 1663 auxiliantem
1694 1603 2039 1682 potentiam
2082 1598 2166 1663 ad

599 1696 986 1757 credendum
1015 1740 1034 1769 ,
1091 1696 1206 1758 sed
1272 1702 1516 1759 tantum
1571 1700 1640 1757 ut
1701 1697 2157 1759 testificantem.

599 1790 743 1853 Haee
765 1790 952 1851 etiam
985 1808 1134 1869 pars
1155 1790 1520 1853 assertionis
1543 1790 1857 1871 colligitur
1879 1808 1960 1851 ex
1984 1808 2162 1853 com-

593 1885 774 1945 muni
803 1886 1112 1947 sententia
1148 1884 1616 1963 Theologorum
1646 1904 1663 1956 3
1721 1902 1942 1947 omnes
1990 1884 2161 1949 enim

596 1977 800 2039 Deum
840 1982 910 2039 ut
945 1978 1334 2041 revelantem
1371 1976 1696 2056 assignant
1721 1995 1838 2056 pro
1871 1977 2154 2057 objecto;

595 2071 674 2133 de
697 2071 938 2133 ratione
965 2074 1180 2133 autem
1208 2070 1590 2144 auxiliantia,
1620 2070 1830 2133 nullus
1867 2070 2159 2149 antiquo-

593 2182 737 2228 rum
763 2163 1070 2225 meminit.
1103 2163 1281 2227 Unde
1313 2162 1504 2225 etiam
1548 2163 1763 2225 dieunt
1793 2165 1997 2225 Deum
2038 2164 2157 2229 sub

593 2258 840 2322 ratione
901 2256 1120 2335 primm
1173 2255 1452 2319 veritatis
1511 2274 1652 2321 esse
1705 2257 2047 2337 objectum,
2088 2260 2157 2321 ut

593 2350 944 2413 videbimus
999 2349 1280 2412 sectione
1335 2350 1626 2430 sequenti
1654 2394 1671 2424 ,
1721 2351 1868 2429 quia
1925 2351 2155 2413 veritas

591 2443 868 2524 pertinet
929 2441 1016 2504 ad
1068 2442 1410 2505 testimonii
1455 2441 1966 2516 credibilitatem3
2024 2460 2155 2505 non

591 2546 806 2599 tamen
863 2536 1078 2599 dicunt
1133 2538 1334 2599 Deum
1389 2536 1508 2599 sub
1581 2538 1822 2599 ratione
1865 2538 2156 2617 omnipo-

591 2632 778 2693 tentis
810 2631 1122 2708 pertinere
1147 2630 1228 2691 ad
1255 2630 1568 2710 objectum
1593 2631 1879 2706 formale,
1927 2648 2154 2709 quam·-

589 2724 688 2785 vis
737 2724 858 2783 sub
911 2740 989 2785 ea
1049 2724 1294 2785 ratione
1353 2725 1586 2788 habeat
1631 2725 1928 2789 virtutem
1982 2724 2158 2785 auxi-

593 2817 809 2879 liandi.
843 2816 1020 2877 Ratio
1061 2816 1246 2879 etiam
1291 2824 1386 2879 est
1435 2821 1604 2881 clara
1635 2837 1715 2881 ex
1761 2818 1967 2891 dictis,
2008 2817 2156 2922 quia

591 2912 758 2973 Deus
785 2928 920 2971 non
963 2910 1234 2988 pertinet
1259 2911 1344 2973 ad
1369 2912 1685 2992 objectum
1710 2911 1996 2984 formale,
2033 2910 2153 2971 nisi

589 3009 900 3083 quatenus
945 3002 1157 3063 unitur
1184 3003 1394 3081 aliquo
1456 3005 1646 3067 modo
1677 3003 1920 3083 objecto
1958 3001 2153 3063 credi-

588 3098 718 3169 bili,
756 3103 825 3157 ut
869 3095 1023 3157 illud
1063 3096 1287 3158 reddat
1333 3098 1640 3177 obJective
1685 3095 2145 3177 cognoscibile3

587 3192 680 3251 sie
703 3194 916 3251 autem
944 3188 1032 3249 illi
1060 3189 1274 3251 unitur
1297 3190 1638 3253 revelando
1667 3196 1731 3251 et
1755 3188 2149 3251 testificando

585 3282 761 3356 illud,
793 3301 924 3344 non
948 3302 1098 3345 vero
1125 3284 1484 3345 auxiliando
1531 3284 1842 3364 potentiae,
1875 3282 2046 3363 quia,
2078 3288 2151 3347 ut

587 3382 909 3438 ostensum
956 3380 1073 3447 est,
1105 3393 1312 3454 neque
1363 3377 1687 3453 auxilium,
1718 3394 1926 3455 neque
1974 3375 2149 3439 habi-

581 3476 684 3531 tus
745 3468 1060 3547 pertinent
1119 3468 1204 3531 ad
1245 3468 1564 3549 objectum
1633 3469 1898 3531 formale
1923 3488 1940 3542 ;
1992 3486 2143 3550 ergo

585 3580 792 3641 neque
835 3562 1004 3625 Deus
1032 3568 1102 3625 ut
1125 3562 1455 3625 auxilians.
1489 3563 1776 3642 Denique
1803 3562 1928 3625 alio
1954 3562 2143 3625 modo

583 3654 1052 3717 confunduntur
1117 3654 1555 3729 causalitatem
1609 3672 1762 3717 nam
1811 3656 1977 3717 Deus
2010 3700 2027 3730 ,
2073 3663 2145 3718 ut

583 3747 912 3821 auxilians,
943 3748 1212 3827 pertinet
1237 3747 1322 3809 ad
1343 3766 1604 3811 eausam
1625 3750 1946 3811 efficacem
1972 3748 2143 3823 fidei,

581 3859 724 3921 quae
769 3858 898 3903 non
929 3840 1122 3903 debet
1146 3840 1444 3905 confundi
1479 3859 1623 3905 eum
1655 3860 1848 3905 causa
1897 3840 2147 3905 formali

583 3952 698 3997 seu
743 3930 1166 4013 specificante.

660 4030 762 4089 13.
803 4024 906 4091 Aa
933 4026 1389 4107 fundamentum
1421 4024 1491 4091 in
1520 4045 1690 4093 num.
1719 4028 2023 4095 tortio.-
2046 4028 2151 4095 Ad

583 4119 718 4200 qiu
739 4117 1274 4195 confirmativam.
1303 4150 1376 4167 -·-
1414 4120 1512 4183 Ad
1533 4128 1903 4201 argumenta
1927 4122 2145 4203 primm

584 4211 892 4292 opinionis
919 4212 1359 4291 respondetur,
1401 4213 1688 4277 laborare
1717 4214 1780 4275 in
1819 4215 2143 4294 aequivoco

581 4304 745 4367 circa
785 4322 1020 4367 nomen
1048 4304 1460 4381 revelationis,
1493 4306 1648 4369 dum
1675 4307 1938 4369 assumit
1965 4326 2146 4371 reve-

581 4398 882 4461 lationem
905 4397 1062 4459 nihil
1075 4398 1252 4461 aliud
1271 4416 1412 4463 esse
1435 4418 1628 4481 quam
1653 4400 2029 4463 infusionem
2052 4401 2147 4465 lu·

583 4492 792 4563 minis,
823 4488 922 4551 vel
949 4491 1202 4553 habitus
1237 4491 1306 4553 in
1331 4494 1634 4572 potentia,
1683 4492 1850 4557 unde
1877 4501 2149 4574 negatur

578 4586 684 4645 illa
717 4584 1061 4657 exclusiva3
1099 4586 1270 4664 qnia,
1299 4585 1452 4649 licet
1483 4586 1782 4651 revelatio
1801 4606 1928 4649 uno
1957 4586 2146 4651 modo

581 4676 776 4756 possit
803 4678 867 4738 in
891 4694 965 4739 ea
993 4678 1360 4757 acceptione
1383 4679 1569 4752 sumi,
1585 4679 1995 4741 nihilominus
2022 4680 2145 4743 alio

579 4768 793 4844 modo,
825 4773 890 4829 et
929 4770 1132 4849 magis
1161 4771 1414 4850 proprie
1443 4772 1754 4851 significat
1785 4773 2148 4837 manifesta-

581 4863 818 4923 tionem
851 4860 1098 4939 objecti,
1143 4880 1222 4925 ex
1257 4871 1436 4943 parte
1478 4864 1666 4939 illius,
1701 4872 1774 4928 ut
1803 4867 1940 4946 jam
1968 4872 2147 4929 osten

581 4954 824 5026 dimus;
859 4954 1155 5017 revelatio
1183 4961 1421 5032 autem,
1459 4957 1580 5021 boc
1607 4959 1933 5037 posteriori
1960 4959 2148 5021 modo

579 5052 855 5128 sumpta,
885 5054 980 5111 est
1013 5049 1172 5111 ratio
1201 5050 1520 5123 credendi,
1552 5070 1682 5114 non
1713 5053 1902 5132 priori
1930 5053 2144 5127 modo,

577 5148 648 5203 ut
667 5144 858 5203 etiam
882 5147 1201 5203 ostensum
1243 5150 1360 5205 est.
1410 5144 1590 5207 Unde
1615 5145 1844 5207 eadem
1876 5147 2150 5225 aequivo-

573 5235 736 5295 catio
761 5252 900 5295 esse
939 5234 1182 5295 videtur
1203 5235 1268 5297 in
1301 5235 1798 5311 confirmatione,
1839 5239 2007 5301 circa
2031 5258 2150 5301 no·

572 5344 720 5387 men
745 5327 998 5391 luminis
1015 5354 1038 5388 .·
1061 5345 1282 5389 verum
1301 5335 1400 5393 est
1423 5331 1592 5393 enim
1627 5331 1713 5394 ad
1729 5332 2145 5409 credendum,

574 5420 710 5483 dari
725 5420 942 5483 lumen
959 5420 1236 5486 infusum
1258 5440 1336 5486 ex
1359 5430 1538 5504 parte
1566 5426 1863 5505 potentiae
1888 5424 1973 5487 ad
2000 5444 2147 5487 con·

575 5512 928 5579 fortandam
963 5514 1157 5591 illam,
1181 5524 1248 5579 et
1265 5517 1614 5597 ,iuvandam
1633 5517 1715 5582 ad
1745 5518 2144 5583 efficiendum

2252 758 2467 821 lumen
2496 759 2745 839 objecti,
2766 761 2919 840 quia
2946 767 3045 823 est
3066 760 3291 841 objecti
3310 765 3606 827 revelatio.
3630 769 3751 841 Qun

2248 851 2459 913 omnia
2493 852 2849 915 confirmari
2876 862 3139 933 possunt
3162 856 3501 920 testimonio
3542 862 3751 941 Augus·

2248 945 2383 1019 tini,
2416 964 2517 1025 ep.
2543 949 2682 1024 113,
2708 967 2850 1029 cap.
2874 953 2903 1011 1
2948 954 3011 1012 et
3036 950 3097 1021 2,
3130 948 3421 1011 dicentis:
3456 950 3751 1033 Credantur

2246 1056 2381 1119 quoe
2420 1040 2951 1107 absentantibus
2994 1040 3261 1119 Μανία,
3300 1041 3359 1105 ει·
3402 1043 3618 1109 videtur
3652 1050 3751 1110 ido-

2246 1150 2425 1195 neum
2446 1131 2877 1211 testimonium,
2904 1136 3063 1217 quod
3092 1136 3181 1199 eis
3224 1137 3555 1217 parmam·
3570 1164 3595 1212 ;
3628 1140 3751 1203 illud

2248 1243 2401 1305 ergo
2432 1226 2859 1290 testimonium
2884 1235 2983 1291 est
3010 1229 3187 1309 quasi
3211 1228 3423 1293 lumen
3450 1230 3673 1311 objecti,
3700 1242 3752 1299 ut

2247 1336 2393 1379 curn
2414 1321 2817 1399 proportione
2838 1323 3027 1387 etiam
3058 1320 3263 1385 infide
3278 1326 3567 1403 acquisita
3586 1330 3754 1389 consi-

2246 1410 2451 1473 derari
2476 1419 2711 1493 potest;
2736 1432 2880 1477 cum
2906 1432 3056 1495 ergo
3072 1416 3295 1482 dieitur
3313 1417 3411 1496 obj
3418 1422 3607 1481 ectum
3618 1422 3754 1499 prin·

2246 1505 2528 1585 cipaliter
2562 1510 2877 1585 constitui,
2909 1515 2977 1571 ut
3004 1515 3099 1576 est
3146 1510 3265 1573 sub
3303 1511 3505 1590 aliquo
3549 1512 3751 1577 lumine

2244 1598 2477 1675 divino,
2527 1618 2747 1665 verum
2791 1606 2887 1663 est
2928 1620 3056 1667 non
3110 1604 3229 1667 sub
3260 1604 3497 1667 ratione
3538 1604 3751 1669 luminis

2244 1692 2602 1770 habitualis,
2636 1694 2751 1755 sed
2778 1694 2897 1757 sub
2938 1696 3183 1759 ratione
3232 1696 3555 1761 testimonii
3596 1698 3751 1761 divini

2236 1786 2709 1849 etrevelationis
2724 1788 2973 1867 objecta
2993 1790 3139 1851 etin
3162 1790 3282 1853 hoo
3295 1806 3481 1856 sensu
3488 1808 3751 1870 negamus

2241 1878 2308 1942 in
2348 1880 2749 1943 credentibus
2774 1888 3017 1953 tantum
3058 1900 3199 1945 esse
3233 1882 3467 1955 lumen,
3500 1884 3653 1962 quod
3676 1891 3751 1947 cst

2240 1972 2491 2033 habitus
2528 1973 2627 2035 vel
2656 1980 2833 2035 actus
2864 1984 2973 2037 aut
3026 1976 3365 2053 auxilium3
3430 1994 3571 2049 nam
3596 1978 3749 2039 etiam

2240 2071 2335 2127 est
2386 2065 2597 2127 divina
2642 2068 2964 2129 revelatio.
3024 2070 3183 2131 Cum
3234 2075 3445 2134 autem
3494 2070 3747 2143 instatur,

2236 2158 2385 2237 quia
2399 2159 2545 2221 -baec
2570 2160 2869 2224 revelatio
2894 2161 3059 2223 sacta
3084 2168 3203 2237 est,
3236 2168 3299 2223 et
3324 2163 3457 2242 ,iam
3496 2163 3748 2243 proeteriit

2234 2250 2303 2311 in
2328 2252 2783 2332 antiquioribus
2800 2254 3106 2328 Patribus,
3135 2254 3581 2335 respondemus
3592 2256 3749 2317 etiam

2236 2361 2373 2405 esse
2398 2344 2463 2405 in
2490 2346 2771 2424 quolibet
2796 2346 3089 2411 credente
3126 2348 3431 2428 objectiva
3458 2365 3566 2427 per
3608 2346 3751 2409 suffi-

2235 2438 2507 2501 cientem
2574 2438 3055 2519 applicationem
3084 2486 3105 2514 ,
3174 2449 3239 2503 et
3308 2442 3751 2521 propositionem

2232 2530 2395 2594 illius
2420 2532 2843 2607 revelationis,
2878 2551 3020 2613 quae
3044 2533 3245 2597 semel
3272 2534 3435 2607 facta
3460 2541 3571 2611 est,
3598 2536 3749 2614 juxta

2232 2623 2408 2699 illud,
2442 2628 2469 2687 1
2504 2626 2687 2689 Joan.
2720 2628 2793 2689 5:
2832 2624 2953 2701 Qm'
2972 2627 3163 2691 eredit
3204 2628 3275 2691 ia
3292 2628 3493 2708 filium
3518 2628 3643 2702 Dei,
3666 2629 3751 2689 Ιια·

2236 2718 2327 2780 bet
2354 2716 2757 2781 testimonium
2786 2719 2901 2783 Dei
2930 2722 2999 2781 iu
3024 2738 3089 2783 so
3102 2747 3130 2793 ‚·
3170 2738 3343 2793 narn,
3374 2727 3441 2783 ut
3464 2721 3576 2782 hoc
3612 2720 3752 2781 testi-

2234 2811 2519 2871 monium
2562 2818 2813 2875 moveat
2852 2812 2937 2873 ad
2968 2812 3380 2889 credendum,
3422 2819 3485 2875 et
3510 2814 3753 2893 spiritum

2234 2903 2465 2965 tribuat
2491 2903 2638 2966 fidei
2666 2910 2920 2980 nostrat,
2952 2906 3100 2967 satis
3142 2912 3245 2969 est.
3268 2906 3440 2986 quod
3476 2906 3553 2967 sit
3576 2907 3755 2985 objec-

2232 2997 2355 3059 tive
2392 2998 2461 3057 in
2494 2997 2697 3061 nobis.

2312 3093 2409 3153 ⁴4.
2442 3090 2546 3157 Aa
2564 3090 2862 3155 rationem
2888 3111 2953 3156 ιι.
2976 3092 3019 3155 4
3044 3092 3359 3175 responsio
3376 3094 3745 3177 mumdum.

2226 3216 2308 3235 --
2334 3184 2664 3264 Rojicitur.
2690 3216 2775 3231 —
2808 3184 2960 3255 Vera
3004 3186 3341 3295 responsio.
3370 3220 3453 3235 —
3473 3188 3543 3251 In
3598 3204 3745 3265 argu·

2226 3278 2453 3341 mentis
2486 3278 2780 3341 secundm
2810 3280 3163 3353 sententiae,
3200 3282 3498 3360 primum,
3528 3300 3597 3343 ac
3619 3296 3749 3359 prae-

2226 3373 2481 3452 cipuum
2510 3370 2875 3433 sumebatur
2905 3390 2983 3435 ex
3014 3372 3163 3444 fide,
3218 3392 3417 3453 quam
3448 3375 3627 3439 habet
3647 3374 3752 3433 hae-

2224 3466 2454 3527 reticus
2472 3465 2553 3528 de
2570 3465 2849 3527 articulis
2868 3483 3029 3545 quos
3046 3466 3269 3541 credit.
3296 3468 3395 3531 Ad
3410 3467 3575 3547 qnod
3592 3465 3753 3543 aliqui

2224 3558 2609 3638 respondent
2636 3558 2919 3621 habitum
2946 3558 3099 3621 fidei
3124 3560 3351 3623 infuse
3382 3568 3447 3625 et
3470 3559 3757 3641 acquisita}

2228 3651 2547 3731 distingui,
2596 3670 2727 3713 non
2776 3658 3021 3715 tantum
3078 3654 3397 3733 specifice,
3444 3654 3555 3717 sed
3596 3653 3757 3715 etiam

2227 3744 2542 3827 generice,
2569 3750 2633 3807 et
2654 3744 2798 3807 ideo
2818 3764 2948 3809 non
2974 3763 3115 3809 esse
3144 3747 3591 3821 inconveniens
3612 3742 3759 3826 quod

2225 3841 2553 3901 versentur
2580 3838 2743 3899 circa
2766 3837 2935 3901 idem
2962 3838 3283 3919 objectum
3301 3839 3561 3903 formale
3576 3863 3596 3914 3
3634 3837 3758 3918 quia

2226 3930 2536 3995 distinctio
2550 3930 2845 4009 gener-ica
2862 3950 2993 3995 non
3019 3950 3096 3993 ex
3112 3932 3387 4011 objecto,
3409 3933 3523 3997 sed
3538 3928 3759 3995 aliunde

2224 4026 2513 4100 sumitur,
2544 4025 2705 4097 sicut
2730 4032 2941 4098 motus
2971 4032 3183 4091 rectus
3204 4033 3271 4089 et
3296 4028 3609 4091 circularis
3644 4035 3761 4089 ten·

2223 4120 2445 4185 dentes
2460 4118 2545 4181 ad
2564 4118 2857 4191 eumdem
2874 4120 3233 4193 terminum,
3252 4138 3383 4183 non
3398 4122 3763 4199 distinguun-

2222 4216 2326 4280 tur
2352 4231 2467 4293 per
2508 4212 2707 4287 illum,
2762 4212 2875 4274 sed
2925 4212 3200 4287 aliunde,
3229 4221 3293 4276 et
3334 4215 3507 4291 hunc
3530 4212 3763 4285 modum

2226 4304 2471 4371 dicendi
2488 4303 2877 4384 probabilem
2894 4312 3145 4385 reputat
3166 4306 3413 4383 Scotus,
3432 4309 3496 4369 in
3520 4311 3577 4381 3,
3598 4306 3658 4369 d.
3672 4306 3763 4377 25,

2227 4400 2392 4463 eirea
2426 4398 2641 4473 fidem,
2686 4417 2835 4459 nam
2892 4399 3011 4461 sub
3056 4398 3476 4485 disjmcfiqne
3516 4400 3655 4463 dicit
3706 4398 3767 4459 fi-

2226 4493 2377 4557 dem
2410 4490 2683 4563 infusam
2724 4499 2788 4553 et
2824 4492 3193 4571 acquisitam
3240 4494 3562 4575 distingui,
3594 4491 3687 4555 vel
3708 4506 3767 4551 se

2228 4586 2402 4666 ipsis,
2444 4583 2543 4647 vel
2582 4602 2662 4647 ex
2710 4583 2997 4663 objectis,
3040 4591 3103 4648 et
3140 4585 3263 4649 hoc
3308 4587 3506 4649 etiam
3550 4585 3768 4648 videtur

2230 4678 2471 4759 opinari
2516 4680 2791 4757 Aragon.
2834 4678 2959 4755 hic,
2999 4685 3116 4741 art.
3180 4684 3232 4743 1.
3289 4682 3723 4743 Verumtamen
3748 4720 3763 4749 ,

2229 4772 2532 4853 quidquid
2581 4774 2661 4835 sit
2708 4772 2791 4835 de
2844 4773 2949 4835 illo
3002 4772 3435 4854 philosophico
3466 4774 3651 4839 modo
3688 4772 3767 4833 di-

2228 4868 2437 4943 cendi,
2472 4886 2555 4931 an
2588 4868 2669 4931 sit
2692 4868 3025 4949 possibilis,
3056 4871 3157 4933 vel
3196 4871 3281 4933 ad
3326 4890 3432 4937 res
3466 4871 3603 4935 illas
3638 4884 3769 4929 con-

2229 4963 2553 5025 venienter
2586 4960 2954 5041 applicetur,
2984 4962 3051 5025 in
3086 4965 3407 5044 proposito
3430 4984 3561 5027 non
3596 4961 3772 5025 habet

2228 5056 2435 5119 locum
2466 5100 2484 5129 ,
2530 5056 2679 5135 quia
2728 5055 2959 5117 falsum
3012 5063 3110 5119 est
3173 5057 3363 5121 fidem
3418 5057 3771 5137 acquisitam

2230 5150 2527 5221 baeretici,
2561 5154 2623 5211 et
2662 5148 2935 5211 infusam
2962 5150 3281 5223 Catholici,
3316 5152 3515 5215 etiam
3548 5156 3629 5213 ,ιιι
3654 5167 3773 5211 ver·

2232 5248 2449 5305 santur
2476 5242 2639 5303 circa
2660 5226 2827 5303 ide‘m
2850 5243 3165 5322 objectum
3178 5244 3527 5319 materiale,
3552 5243 3772 5305 habere

2230 5335 2399 5398 idem
2422 5334 2737 5414 objectum
2765 5334 3050 5399 formale.
3100 5338 3498 5405 Ostendimus
3525 5337 3691 5399 enim
3718 5336 3773 5394 ἰιι

2226 5428 2489 5491 materia
2522 5427 2602 5491 de
2656 5428 2853 5505 Grat„
2882 5430 2927 5491 l.
2964 5431 3023 5505 2,
3050 5450 3105 5495 c.
3142 5435 3241 5505 11,
3294 5450 3421 5495 ιιοιι
3465 5448 3646 5512 posse
3675 5427 3788 5489 ali·¹

2226 5540 2417 5602 quem
2471 5523 2727 5586 eredere
2779 5523 2905 5587 Deo
2950 5542 3029 5587 ex
3082 5526 3333 5606 proprio
3378 5526 3609 5589 motivo
3634 5521 3773 5589 fidei
