3900 6217
675 365 846 421 SECT.
879 369 946 421 m
1001 367 1150 432 Qum
1185 368 1282 421 SIT
1313 365 1628 424 omma
1660 369 2029 425 mortu-:Tm
2062 373 2312 426 ⁶1³.leAE
2344 371 2570 427 GRATIS
2602 371 2803 438 DATAE,
2840 373 2976 426 ETC.

191 473 334 528 tum
367 473 588 529 autem
609 474 704 530 eet
723 467 984 532 verbum
1021 469 1140 531 hoc
1167 489 1206 532 a
1232 472 1486 534 nomine
1505 481 1776 550 προφήτης,

193 561 368 639 quod
417 561 635 642 ipsum
683 563 1054 643 prophetam
1095 563 1445 644 significat3
1499 566 1618 626 hoe
1671 583 1782 626 au-

191 659 326 714 tem
379 671 619 716 nomen
674 675 714 716 a
762 656 952 718 verbo
1004 671 1152 733 φημι,
1199 660 1406 740 loquor
1424 705 1440 734 ,
1492 677 1600 720 seu
1653 661 1783 722 dieo

189 747 558 809 derivatum
589 756 682 810 est
691 765 714 827 3
763 751 928 812 unde
963 753 1287 832 prophetia
1315 752 1783 832 praedictionem

191 840 546 918 significat,
583 850 650 904 et
683 844 1007 924 propheta,
1051 863 1197 906 eum
1237 847 1347 925 qui
1387 845 1600 906 futura
1628 863 1787 925 prae-

193 935 383 1010 dicit,
429 941 504 996 ut
533 945 778 999 sanctus
816 938 1152 1018 Gregorius
1193 939 1454 1015 notavit,
1483 938 1702 1000 homil.
1751 941 1778 1000 1

189 1027 268 1087 ιιι
291 1027 546 1104 Ειεοιι.,
581 1036 644 1090 et
671 1031 738 1091 D.
793 1031 1087 1108 irenaeus,
1118 1031 1226 1094 lib.
1266 1033 1330 1106 4,
1369 1049 1505 1111 cap.
1541 1033 1641 1107 37,
1681 1030 1790 1092 ubi

191 1121 606 1202 prophetiam
629 1123 870 1200 defluit,
891 1143 1096 1190 eorm
1111 1145 1253 1203 esse,
1275 1141 1410 1207 qme
1426 1130 1569 1208 post
1588 1131 1785 1201 mat,

181 1215 864 1298 presiffm'ficatiom.
926 1219 1095 1280 Idem
1145 1221 1356 1282 Patres
1405 1219 1518 1280 alii
1541 1263 1563 1294 ,
1625 1219 1790 1280 infra

185 1306 469 1368 eitanfii.
521 1309 674 1385 Quae
715 1309 1000 1373 deductio
1041 1313 1174 1376 sine
1203 1314 1394 1374 (lubio
1437 1313 1646 1376 verior
1669 1317 1786 1388 est,

183 1404 262 1458 et
305 1401 518 1479 mag'ss
561 1403 810 1482 propria
851 1421 1038 1483 quam
1085 1405 1233 1481 alia,
1263 1405 1344 1466 ab
1393 1407 1622 1468 Isidoro
1651 1412 1784 1468 tra-

185 1491 362 1568 dita,
401 1497 444 1557 7
484 1497 778 1576 Etymol„
809 1517 950 1579 cap.
979 1507 1218 1576 octavo,
1257 1521 1384 1580 qua
1421 1519 1568 1562 usus
1597 1510 1688 1563 est
1713 1505 1784 1564 D.

181 1587 507 1664 Thomas,
539 1591 606 1650 ιιι
635 1592 694 1654 2.
723 1594 787 1668 2,
815 1611 880 1672 q.
913 1595 1020 1655 171
1032 1637 1053 1668 ,
1075 1611 1133 1655 a.
1175 1600 1235 1670 1,
1271 1602 1341 1655 ut
1379 1595 1609 1657 scilicet
1639 1613 1786 1676 pro-

187 1681 419 1759 phetia
459 1683 704 1746 dicatur
723 1703 764 1746 a
805 1697 922 1761 πρὸ,
966 1689 1202 1770 procul,
1249 1695 1312 1750 et
1355 1697 1524 1764 φάνος,
1557 1689 1620 1750 id
1667 1695 1782 1764 est,

189 1777 548 1857 apparitio.
577 1778 729 1840 Nam
769 1778 904 1841 haio
929 1781 1224 1842 deductio
1249 1799 1449 1862 neque
1478 1783 1544 1844 in
1571 1783 1788 1863 lingua

201 1885 416 1946 graeca
473 1869 669 1932 hahet
720 1872 1198 1936 fundamentum
1229 1922 1250 1952 ,
1309 1895 1510 1956 neque
1565 1895 1788 1938 conve-

203 1963 464 2023 nienter
545 1965 810 2044 explieat
887 1969 1160 2028 nominis
1225 1971 1731 2049 compositionem
1761 1985 1782 2047 ;

199 2057 558 2133 pra—sertim
603 2075 746 2120 cum
775 2061 1094 2142 particulae
1135 2070 1572 2142 componentes
1609 2063 1676 2123 in
1709 2081 1783 2124 ea

191 2147 670 2224 significatione
711 2155 874 2231 apud
915 2155 1154 2218 Groecos
1185 2175 1312 2217 non
1353 2157 1778 2232 inveniantur3

189 2253 298 2317 πρὸ
325 2243 508 2304 enim
559 2263 682 2306 non
719 2249 952 2326 proc-ul,
993 2250 1099 2311 sed
1141 2257 1299 2323 ante,
1345 2252 1676 2330 significat,
1721 2258 1783 2312 et

195 2343 388 2408 ιράνος,
431 2353 568 2398 ιιοιι
607 2342 1075 2420 apparitionem,
1114 2344 1220 2404 sed
1249 2350 1468 2419 facem,
1497 2361 1602 2425 seu
1632 2347 1778 2406 lam·

199 2429 366 2510 pade
411 2437 620 2490 sonat.
673 2431 976 2506 Quoniam
1035 2453 1178 2498 vero
1227 2438 1578 2498 futurorum
1629 2455 1782 2518 prae·

205 2521 398 2582 dumio
415 2567 438 2599 ‚
467 2525 835 2586 eorumdem
880 2531 1422 2608 praecognitionem
1450 2532 1778 2612 supponit,

201 2621 268 2676 et
293 2615 384 2676 ab
434 2616 549 2677 illa
575 2617 796 2694 oritur,
827 2619 970 2681 ideo
985 2623 1320 2705 prephetia-2
1354 2639 1607 2699 nomen,
1653 2643 1778 2686 non

195 2707 414 2770 solum
457 2709 954 2790 praedictionem,
989 2715 1094 2775 sed
1141 2717 1332 2777 etiam
1373 2724 1438 2778 et
1478 2718 1786 2797 proecipue

203 2805 418 2882 ipsam
481 2806 1038 2884 praecognitionem
1106 2811 1434 2890 significat.
1507 2813 1738 2873 Rursus
1762 2858 1783 2888 ,

209 2895 376 2974 quia
429 2895 785 2960 futurorum
849 2903 1122 2981 cognitio
1180 2905 1593 2967 occultissima
1642 2913 1783 2983 est,

219 2995 545 3050 extensum
593 2998 690 3054 oet
756 2995 1125 3058 vocabulum
1175 2998 1252 3059 ad
1306 2998 1788 3078 significandum

95 3081 100 3086 ’
217 3099 350 3143 non
366 3083 564 3146 solnm
579 3083 934 3149 futurorum
961 3090 1448 3169 praedictionem,
1475 3093 1580 3154 sed
1601 3095 1788 3156 etiam

207 3177 500 3238 omnium
529 3197 736 3240 rerum
775 3180 865 3242 ita
891 3183 1299 3260 occultarum,
1323 3191 1394 3246 ut
1420 3184 1698 3248 humana
1725 3190 1787 3248 vi

201 3271 510 3348 cognosci
539 3290 666 3334 uon
695 3275 951 3354 possint,
973 3277 1102 3338 sive
1133 3278 1460 3358 praeteritae
1485 3281 1632 3355 sint,
1659 3281 1786 3342 sive

201 3371 558 3442 presentes
583 3372 651 3428 et
681 3367 818 3429 loeo
846 3376 955 3431 aut
989 3377 1268 3451 tempore
1294 3372 1616 3450 distantes,
1657 3375 1790 3439 sive

199 3457 268 3518 ιιι
319 3459 520 3521 come
569 3459 838 3522 hominis
893 3463 1174 3539 latentes,
1221 3470 1292 3527 ut
1345 3465 1418 3526 D.
1461 3465 1792 3546 Gregorius

195 3567 394 3630 supra
419 3555 688 3618 notavit-

95 3703 104 3708 .
275 3647 344 3705 Ξ.
383 3645 653 3711 Ρπηιιω
697 3649 960 3715 nonanis
991 3655 1326 3734 prophetice
1371 3673 1542 3719 nm.
1581 3689 1653 3702 ·-
1699 3655 1790 3717 Ex

191 3738 442 3817 quihus
485 3740 752 3822 intelligi
811 3751 1070 3824 possunt
1130 3748 1286 3809 varii
1335 3748 1521 3829 hujus
1585 3749 1788 3810 nomi·

193 3835 300 3895 nis
343 3833 688 3915 propnetioe
745 3855 928 3913 usus,
963 3839 1072 3918 qui
1119 3840 1191 3902 in
1245 3842 1560 3922 Scriptura
1614 3861 1789 3923 repe-

193 3927 494 3987 riuntur.
559 3929 766 3990 Primo
831 3933 1003 3992 enim
1071 3939 1136 3995 et
1176 3937 1443 4016 proprie,
1497 3937 1788 4017 quaedam

195 4020 496 4100 cognitio
527 4039 606 4082 ex
639 4023 856 4086 divina
882 4026 1255 4090 revelatione
1284 4029 1503 4107 indita,
1535 4045 1660 4110 qua
1689 4049 1788 4092 res

97 4179 101 4184 ,
189 4113 649 4176 occultissimae
695 4115 881 4178 alicui
946 4120 1426 4183 manifestantur
1451 4169 1473 4200 ,
1529 4129 1601 4184 ut
1651 4123 1790 4185 aliis

189 4207 350 4268 illm
375 4208 739 4285 annunciet,
779 4210 1106 4292 prophetia
1147 4214 1392 4276 dicitur.
1450 4217 1527 4277 Et
1557 4215 1660 4277 hie
1701 4222 1794 4278 est

193 4301 612 4362 commnion-
656 4317 808 4364 tmts
847 4303 1038 4383 hujus
1065 4307 1252 4383 vocis,
1285 4308 1597 4388 praeeipue
1625 4309 1793 4390 apud

193 4391 554 4472 prophotas
578 4395 646 4454 ιιι
694 4397 1001 4476 principio
1045 4415 1300 4461 suorum
1339 4401 1667 4477 librorum,
1721 4408 1793 4463 ut

197 4485 436 4546 Daniel
485 4489 526 4548 9
559 4507 578 4548 τ
643 4487 990 4568 Impleatm·
1044 4491 1196 4555 οἱιῦο
1219 4539 1238 4568 ,
1308 4499 1364 4557 et
1417 4494 1734 4576 prophetia
1766 4518 1794 4565 ,⁰

198 4578 438 4640 Bottia.
487 4581 566 4642 13
585 4601 604 4639 :
668 4581 752 4646 Ut
777 4583 1148 4666 compleatur
1197 4587 1266 4648 in
1309 4585 1445 4650 illis
1469 4587 1792 4670 prophetia

209 4671 436 4734 Iccio.
459 4670 758 4746 Quamvis
774 4675 906 4738 hoee
926 4678 1249 4757 prophetia
1273 4680 1589 4742 interdum
1609 4699 1792 4761 pecu·

208 4763 460 4826 liariter
505 4766 846 4846 applicetur
885 4787 1097 4831 rerum
1147 4771 1501 4833 futurarum
1547 4776 1792 4835 contin-

203 4859 510 4936 gentiam
565 4862 906 4939 cognitioni
947 4881 966 4924 ι
1047 4866 1363 4926 interdum
1418 4867 1791 4943 generaliter

203 4960 526 5029 sumatur,
557 4961 628 5014 ut
669 4973 738 5017 se
773 4957 1052 5019 extendit
1081 4958 1160 5020 ad
1181 4960 1395 5023 omnia
1419 4969 1794 5041 supernatu-

204 5046 438 5108 raliter
463 5047 754 5112 meleta.

302 5141 368 5199 3.
402 5137 722 5207 See-maus
762 5161 937 5210 me.
977 5177 1060 5194 ·-—
1085 5147 1244 5210 Hine
1292 5149 1587 5226 seeundo,
1645 5149 1793 5230 quia

211 5231 462 5308 omnia,
485 5249 630 5314 qum
649 5237 718 5298 in
739 5239 1068 5320 Scriptura
1095 5243 1510 5320 continentur,
1570 5245 1788 5323 spiritu

213 5324 438 5386 divino
463 5334 610 5389 sunt
639 5332 892 5412 scripta,
927 5333 1084 5396 illud
1111 5337 1330 5414 gratiae
1355 5336 1594 5397 donum
1626 5337 1792 5416 quod

215 5417 410 5482 alicui
439 5419 645 5498 (latur,
667 5431 740 5484 at
761 5429 1058 5490 canonice
1085 5427 1335 5505 scribat,
1383 5429 1634 5510 spiritus
1654 5447 1790 5511 pro·

219 5509 452 5590 phetioe
471 5513 725 5592 dicitur,
754 5525 819 5582 et
853 5519 988 5600 ipsa
1015 5521 1332 5602 Scriptura
1357 5524 1654 5584 canoniea
1681 5539 1790 5584 vo-

1857 479 2037 534 catur
2057 473 2417 554 prophetia3
2448 474 2537 536 sie
2586 475 2625 536 Ξ
2674 475 2803 536 Pet.
2840 477 2868 536 1
2906 490 2924 536 ε
2973 473 3283 540 Habemus
3312 479 3425 555 fir-

1860 565 2107 631 miorem
2129 569 2538 651 propheticum
2565 587 2912 633 sermonem.

1943 665 2005 723 ὁ.
2056 663 2303 726 Tertius
2343 681 2613 726 murm·
2638 663 2797 725 Hinc
2830 665 3013 726 tertio
3039 683 3227 728 sacrae
3264 665 3427 729 Scri-

1865 761 2065 834 pturae
2118 755 2545 836 interpretatio
2589 765 2839 818 vocatur
2870 759 3191 838 prophetia
3214 805 3234 834 ,
3278 759 3427 840 quia

1867 847 2083 908 eodem
2122 849 2345 928 spiritu
2393 847 2528 910 fieri
2574 849 2756 910 debet
2794 868 2919 929 qno
2954 851 3077 911 fuit
3113 851 3247 931 ipsa
3282 869 3429 913 con-

1869 941 2118 1020 scripta.
2159 941 2479 1014 Quomodo
2515 941 2811 1021 intelligit
2856 943 2925 1003 D.
2966 944 3235 1005 Thomas
3282 963 3428 1007 eum

1870 1033 2009 1094 aliis
2036 1033 2243 1094 locum
2299 1035 2493 1110 Pauli,
2538 1035 2799 1096 Roman.
2837 1037 2945 1098 12:
2981 1035 3293 1100 Habentes
3324 1040 3428 1101 do-

1869 1128 2141 1190 nationes
2166 1129 2491 1190 seeundum
2531 1130 2822 1210 qratiam,
2855 1135 3000 1203 etc„
3029 1129 3156 1193 eive
3177 1131 3431 1214 prophe·

1870 1220 2041 1296 tiam,
2070 1223 2393 1286 seeundum
2430 1225 2726 1286 rationem
2752 1223 2920 1301 fidei,
2952 1229 3068 1284 etc.
3101 1225 3259 1285 Nam
3286 1226 3431 1288 licet

1867 1313 2133 1394 intelligi
2186 1316 2377 1395 possit
2430 1314 2509 1377 de
2559 1316 2723 1377 dono
2781 1315 3119 1397 prophetiae
3184 1319 3431 1398 proprie

1869 1408 2072 1483 dietae,
2112 1409 2275 1488 quod
2310 1409 2377 1470 in
2420 1409 2732 1489 primitiva
2772 1409 3038 1470 Ecclesia
3076 1407 3432 1488 frequenter

1869 1501 2469 1576 communicabatur,
2518 1508 2588 1562 ut
2628 1501 3125 1582 Chrysostoinus,
3167 1501 3430 1564 Ambro-

1868 1593 1995 1654 sius
2046 1603 2111 1656 et
2155 1593 2263 1655 alii
2311 1594 2574 1656 Paulum
2623 1595 3108 1674 interpretantur
3142 1640 3163 1670 ,
3222 1601 3432 1656 tamen

1867 1687 2041 1766 prior
2074 1689 2375 1767 expositio
2424 1687 2675 1750 videtur
2718 1689 2864 1749 satis
2899 1694 3312 1750 consentanea
3333 1688 3433 1749 lit-

1867 1787 2038 1842 terae.
2100 1783 2203 1842 Sic
2238 1783 2429 1842 etiam
2478 1787 2676 1861 potest
2728 1781 2994 1860 intelligi
3045 1780 3199 1842 illud
3262 1785 3284 1842 1
3350 1781 3430 1842 ad

1867 1876 2139 1938 Thessal.
2174 1879 2255 1938 5:
2298 1875 2664 1960 Prophetias
2710 1878 2897 1941 nolite
2943 1894 3251 1957 sperner&
3286 1882 3346 1937 et
3394 1877 3423 1938 1

1865 1969 1945 2030 ad
1974 1971 2256 2031 Corinth.
2294 1971 2403 2033 14:
2450 1970 2587 2036 Volo
2626 1975 2825 2034 antem
2850 1987 2951 2033 voe
2980 1970 3145 2053 loqui
3172 1969 3430 2050 linquis,

1862 2063 2064 2146 mayz‘s
2107 2067 2308 2126 autem
2349 2063 2746 2146 prophetare,
2788 2062 2854 2123 id
2892 2069 3000 2136 est,
3038 2064 3433 2141 interpretari

1861 2159 2230 2236 Scripturas,
2264 2165 2323 2217 et
2350 2158 2501 2218 alios
2529 2157 2745 2218 docere
2769 2178 2788 2233 3
2820 2165 2881 2218 et
2910 2157 3107 2217 iufra:
3144 2155 3261 2231 Qui
3288 2175 3431 2240 pro·

1855 2251 2091 2331 pietat,
2134 2251 2481 2314 Ecclesiam
2522 2251 2811 2328 (edificat,
2856 2269 3041 2330 quem
3087 2250 3291 2311 locum
3342 2251 3433 2312 ita

1863 2349 2185 2424 exponunt
2238 2344 2445 2405 Patres
2469 2389 2491 2420 ,
2546 2343 2906 2405 Ambrosius
2934 2388 2951 2418 ,
3002 2343 3069 2404 D.
3112 2343 3379 2404 Thomas
3406 2385 3428 2418 ,

1862 2445 1923 2499 ct
1954 2437 2083 2499 alii.

1942 2532 2003 2592 ὃ.
2046 2531 2177 2591 Imo
2214 2529 2404 2592 Divus
2458 2529 2871 2609 Hieronymus
2899 2575 2920 2605 ,
2990 2545 3175 2607 super
3230 2525 3295 2589 id
3352 2527 3432 2589 ad

1865 2623 2090 2702 Ephes.
2142 2625 2183 2684 4
2214 2643 2227 2684 :
2280 2622 2577 2696 Quosdam
2618 2621 2983 2705 Prophetas,
3014 2627 3161 2695 ete„
3202 2619 3434 2682 indica-t

1865 2717 1930 2778 iu
1964 2735 2129 2778 novo
2154 2717 2567 2781 Testamento.
2598 2735 2827 2777 nomen
2846 2715 3159 2798 prophetae
3186 2731 3313 2776 non
3352 2715 3433 2775 si·

1866 2809 2166 2890 gnificare
2206 2827 2311 2870 eos
2346 2811 2453 2889 qui
2480 2809 2692 2870 futura
2732 2809 3078 2890 praedicunt
3110 2853 3131 2883 ,
3164 2810 3322 2869 sicut
3365 2807 3433 2869 in

1869 2905 2087 2980 veteri,
2118 2904 2226 2966 sed
2254 2903 2362 2982 qui
2398 2901 2680 2964 infideles
2708 2909 2771 2964 et
2810 2902 3128 2982 imperitos
3160 2906 3436 2980 arguunt

1871 3003 2063 3077 atque
2098 2996 2465 3076 dijudicant,
2495 3002 2565 3058 ut
2609 2996 2739 3075 ipse
2785 2995 2979 3073 dieit;
3010 2993 3117 3055 sed
3150 2991 3436 3074 quamvis

1866 3091 2122 3154 fortasse
2171 3090 2555 3172 frequentior
2615 3090 2694 3151 sit
2746 3088 2884 3150 haec
2922 3087 3195 3168 acceptio
3242 3103 3435 3168 quam

1867 3187 2071 3266 prima
2096 3187 2163 3246 in
2198 3203 2359 3247 novo
2388 3185 2804 3261 Testamento,
2842 3183 2951 3245 illa
2990 3189 3153 3245 cette
3182 3199 3309 3243 non
3345 3186 3439 3242 est

1868 3281 2281 3360 praetermissa
2297 3295 2318 3358 ;
2362 3295 2563 3360 neque
2594 3277 2955 3356 negandum
2987 3277 3053 3337 in
3082 3293 3247 3337 novo
3284 3275 3437 3336 Tes-

1869 3379 2148 3434 tamento
2186 3371 2323 3432 dari
2365 3372 2600 3432 donum
2649 3369 2989 3451 prophetiae
3021 3367 3267 3450 proprie
3312 3367 3439 3428 dic-

1869 3473 2031 3528 tum.
2064 3465 2222 3528 Nam
2272 3465 2602 3545 Prophetis.
2628 3510 2649 3540 ,
2694 3465 2765 3525 in
2820 3464 3006 3524 tertia
3061 3462 3437 3542 acceptione,

1870 3559 2079 3639 potius
2118 3557 2390 3639 pertinet
2432 3555 2513 3618 ad
2554 3557 2727 3618 illam
2772 3558 3039 3636 gratiam
3082 3555 3277 3636 gratis
3330 3554 3440 3614 da·

1868 3660 2002 3715 tam
2088 3669 2227 3732 ques
2273 3659 2366 3714 est
2414 3651 2837 3732 interpretatio
2884 3667 3243 3714 sermonum.
3278 3647 3439 3722 Quin

1869 3746 2079 3827 potius
2126 3745 2331 3807 locum
2372 3744 2450 3806 ad
2480 3745 2704 3824 Ephes.
2737 3746 2807 3805 4:
2846 3743 3145 3818 Quosdam
3170 3739 3440 3824 Prophe·

1869 3843 1971 3904 tae
1996 3885 2017 3915 ,
2064 3839 2172 3901 alii
2220 3838 2633 3900 communiter
2686 3837 3048 3918 iptelligunt
3080 3837 3155 3897 de
3200 3835 3277 3895 iis
3328 3833 3439 3914 qui

1869 3932 2117 4014 proprie
2142 3932 2428 3992 futurum
2452 3931 2797 4011 praedicunt
2814 3937 2877 3991 et
2904 3933 3439 4010 praecognoseunt3

1867 4027 2335 4106 chrysostomus
2378 4025 2489 4102 ibi,
2532 4023 2899 4100 OEcumen.,
2952 4025 2980 4084 1
3021 4021 3159 4084 Cor.
3200 4021 3279 4097 8,
3329 4021 3441 4101 qui

1867 4119 2227 4200 exemplum
2254 4119 2431 4199 ponit
2460 4118 2528 4178 in
2571 4117 2787 4196 Agabo
2808 4145 2845 4193 ,·
2876 4119 3013 4178 Act.
3050 4119 3147 4192 11,
3179 4123 3242 4178 et
3286 4131 3439 4196 qua-

1869 4221 2015 4276 tuor
2068 4212 2317 4275 flliabus
2363 4212 2631 4292 Philippi
2663 4217 2683 4250 ¹
2714 4227 2737 4290 3
2793 4211 3177 4289 Augustinus
3240 4226 3389 4271 vero
3414 4251 3440 4283 ,

1872 4309 2054 4388 epist.
2092 4308 2193 4382 ὅθ,
2226 4311 2487 4388 utroque
2514 4306 2699 4366 modo
2731 4303 2996 4382 intelligi
3038 4319 3211 4382 posse
3238 4307 3433 4382 putat.

1855 4401 1944 4461 ‘In
1966 4417 2089 4479 qua
2115 4401 2421 4460 sententia
2447 4403 2593 4459 sunt
2622 4397 3007 4472 Ambrosius,
3025 4395 3351 4457 Anselmus
3377 4399 3443 4456 et

1871 4493 1942 4553 D.
1985 4491 2273 4567 Thomas,
2302 4492 2380 4552 ad
2408 4489 2562 4571 Eph.
2596 4493 2656 4554 4.
2690 4489 2865 4552 Unde
2892 4489 3058 4570 quod
3100 4488 3317 4551 Matth.
3364 4487 3431 4549 11

1873 4585 2068 4648 dicit:
2112 4586 2241 4650 Lex
2292 4589 2349 4648 et
2384 4587 2699 4668 prophetet
2729 4601 2917 4666 usque
2988 4581 3072 4647 ad
3111 4581 3435 4656 hannem,

1871 4681 2065 4742 etiam
2110 4679 2191 4740 ad
2246 4679 2517 4740 litteram
2560 4677 2935 4756 intelligitur
2982 4676 3061 4738 de
3101 4675 3441 4756 prophetiis

1870 4791 2009 4855 quae
2056 4772 2369 4853 pertinent
2418 4772 2496 4832 ad
2550 4773 2919 4850 mysterium
2962 4767 3437 4844 incarnationis,

1869 4885 1999 4929 non
2034 4866 2111 4928 de
2134 4867 2210 4928 iis
2250 4883 2389 4946 quoe
2416 4866 2496 4926 ad
2541 4883 2788 4926 morum
2818 4864 3220 4925 directionem
3273 4875 3442 4941 spec·

1875 4965 2035 5036 tant,
2066 4965 2138 5020 ut
2166 4961 2355 5021 sentit
2378 4959 2448 5019 D.
2481 4957 2751 5018 Thomas
2776 4958 2839 5018 2.
2870 4958 2935 5032 Ξ,
2964 4973 3025 5036 q.
3060 4957 3198 5030 tu,
3225 4964 3344 5015 art.
3374 4953 3439 5028 6,

1875 5053 1956 5116 ad
1993 5055 2053 5114 2.
2103 5053 2315 5133 ltaque
2346 5097 2368 5128 ,
2412 5050 2560 5112 licet
2600 5051 2732 5112 haee
2775 5051 2959 5112 tertia
3002 5047 3279 5129 acceptio
3319 5046 3442 5107 fre·

1875 5146 2165 5226 quentior
2201 5146 2283 5206 sit
2308 5145 2375 5206 in
2406 5161 2571 5206 novo
2602 5145 3019 5218 Testamento,
3048 5147 3259 5202 tamen
3304 5139 3441 5219 pri-

1876 5255 1982 5302 ma
2004 5241 2193 5301 etiam
2220 5239 2529 5320 reperitur
2559 5238 2626 5299 in
2654 5237 2763 5299 illo
2786 5253 2807 5315 ;
2838 5239 2993 5297 sicut
3020 5235 3211 5297 etiam
3238 5251 3272 5294 e
3298 5248 3443 5293 con·-

1958 5433 1977 5470 ¹
2023 5431 2107 5492 De
2132 5428 2252 5491 hoc
2309 5428 2592 5512 exemplo
2640 5427 2851 5509 plures
2886 5423 3167 5504 congerit
3207 5421 3436 5484 sustin.

1871 5525 2097 5605 Ephes.
2127 5524 2193 5600 4,
2230 5539 2290 5588 v.
2334 5525 2433 5585 11.
2482 5567 2492 5574 -
