3900 6217
610 415 779 480 sset.
817 421 876 479 n.
915 422 996 479 Aa
1027 412 1238 480 rossrr
1273 412 1510 480 sinatus
1543 417 1812 479 victine
1845 409 1967 478 noc
2000 410 2385 480 palaearum
2417 412 2536 479 raa
2570 411 2956 480 omissionum.

223 533 375 594 homo·
403 528 580 590 faciat
605 529 768 608 quod
805 529 872 590 in
901 547 966 590 se
993 535 1108 604 est,
1147 531 1304 590 Deus
1345 529 1726 592 illuminabit

221 626 386 697 illum,
411 621 504 682 vel
517 623 866 700 providcb²t
879 623 1132 683 modum
1155 641 1280 702 quo
1308 623 1726 701 ignorantiam

217 717 456 797 depellat.
485 717 736 794 Propter
756 734 944 794 quam
974 716 1278 776 rationem
1305 717 1493 796 aliqui
1523 717 1726 776 existi-

215 816 356 872 mant
374 809 552 868 etiam
570 808 636 868 in
665 808 1018 870 infidelibus
1035 827 1160 869 non
1187 827 1360 889 posse
1376 810 1536 869 hanc
1554 809 1730 888 igno-

215 904 436 964 rantiam
460 919 589 962 esse
613 901 1075 978 invincibilem;
1115 921 1262 982 ergo
1305 902 1502 963 multo
1527 905 1735 962 minus

215 1015 318 1058 esse
361 993 575 1075 poterit
602 995 668 1055 in
693 993 1002 1054 fidelibus.
1033 997 1264 1067 Terti0‚
1309 996 1456 1074 quia
1489 993 1736 1054 articuli

212 1089 330 1150 fidei
353 1088 602 1148 solemni
631 1089 756 1150 ritu
803 1086 1194 1148 celebrantur
1234 1087 1314 1148 ab
1345 1087 1632 1162 Ecclesia,
1674 1091 1737 1146 et

209 1183 450 1242 seruatur
475 1181 544 1240 in
573 1197 680 1241 ore
711 1181 1028 1258 omnium3
1081 1181 1392 1260 quomodo
1421 1197 1570 1258 ergo
1597 1197 1733 1258 pos·

210 1280 328 1334 sunt
359 1272 432 1333 ab
455 1271 670 1352 aliquo
713 1273 879 1335 fideli
925 1273 1372 1336 invincibiliter
1417 1273 1732 1352 ignorari?

211 1369 424 1445 Propter
459 1383 652 1444 quam
686 1367 990 1428 rationem
1041 1367 1290 1427 videtur
1313 1367 1381 1427 in
1410 1365 1570 1426 hanc
1597 1383 1734 1425 sen-

205 1463 425 1520 tentiam
463 1459 792 1521 inclinasse
821 1461 898 1520 D.
926 1461 1218 1534 Thomas,
1264 1465 1292 1519 1
1328 1461 1408 1520 ad
1454 1458 1726 1520 Corinth.

212 1557 288 1627 il,
317 1552 447 1614 lect.
489 1553 558 1613 4.

265 1647 352 1708 10.
389 1644 700 1708 Βωοῑιιίἰο
729 1643 1084 1727 quoestionis
1117 1645 1514 1727 affirmativa.
1536 1677 1618 1690 --
1631 1645 1734 1706 Ni-

201 1740 502 1800 hilominus
531 1739 866 1801 dicendum
892 1747 986 1800 est
1007 1741 1170 1800 hanc
1185 1739 1603 1817 ignorantiam
1619 1738 1734 1798 ali-

199 1832 412 1911 quando
437 1849 570 1892 esse
607 1849 784 1912 posse
823 1833 1282 1912 inculpabilem.
1337 1831 1429 1892 lta
1457 1833 1733 1892 sentiunt

197 1926 582 1986 communiter
627 1925 912 1985 moderni
941 1927 1300 2006 scriptoresz
1352 1925 1604 1998 Navar.,
1631 1941 1732 1985 ca-

196 2019 298 2097 pite
331 2017 680 2092 nndecimo,
707 2037 970 2079 numero
995 2022 1112 2094 225
1140 2019 1432 2097 vasquez,
1457 2020 1636 2094 Azor,
1666 2025 1732 2080 et

199 2114 304 2186 alii,
330 2131 473 2192 quos
497 2114 696 2174 refert
719 2119 782 2174 et
806 2114 1086 2193 sequitur
1126 2113 1416 2186 Sam-hez,
1458 2113 1616 2173 libro
1639 2131 1733 2174 se-

197 2208 392 2279 cundo,
423 2206 630 2284 capite
657 2207 866 2276 tertio,
895 2223 1073 2266 num.
1105 2207 1207 2266 20.
1237 2205 1416 2267 Ratio
1445 2213 1556 2281 est,
1587 2207 1733 2286 quia

197 2301 514 2377 ignorantia
545 2317 674 2358 non
703 2307 794 2359 est
822 2300 1024 2377 culpa,
1053 2299 1174 2359 nisi
1222 2300 1302 2358 sit
1345 2298 1730 2374 voluntaria3

195 2391 301 2452 haec
327 2401 532 2452 autem
565 2393 752 2452 etiam
785 2392 854 2451 in
897 2390 1152 2452 homine
1175 2391 1340 2451 fideli
1369 2399 1566 2471 potest
1607 2409 1734 2453 esse

194 2483 374 2544 multis
393 2485 600 2544 modis
623 2485 1039 2544 involuntaria
1059 2484 1219 2544 cirea
1237 2501 1435 2543 unuin
1465 2483 1559 2544 vel
1579 2484 1736 2544 altc-

193 2596 306 2638 rum
353 2577 492 2638 fidei
547 2578 907 2652 articulum,
934 2577 1032 2637 vel
1082 2577 1268 2637 etiam
1303 2579 1466 2638 eirca
1499 2577 1729 2657 plurcS.

191 2672 390 2746 Primo,
418 2671 578 2749 quia
603 2671 864 2748 ipsamet
888 2670 1184 2746 obligatio
1211 2671 1441 2730 sciendi
1461 2672 1615 2731 tales
1633 2689 1735 2730 ar-

193 2764 378 2824 ticulos
423 2771 632 2843 potest
673 2764 948 2842 ignorari
969 2779 990 2840 ;
1028 2763 1164 2824 fieri
1218 2764 1386 2824 enim
1433 2771 1630 2843 potest
1659 2772 1728 2823 ut

193 2857 344 2916 multi
369 2855 586 2916 fideles
613 2875 935 2936 nunquam
959 2857 1192 2917 suerint
1243 2857 1318 2918 de
1348 2858 1461 2916 hac
1492 2857 1728 2934 obliga-

193 2950 330 3010 tione
352 2949 584 3026 edocti,
614 2967 814 3028 neque
835 2953 902 3009 in
932 2969 1144 3011 eorum
1163 2957 1434 3012 mentem
1461 2950 1602 3010 talis
1631 2971 1730 3010 co·-

191 3044 358 3118 gnitio
405 3043 780 3118 ascenderit,
821 3043 990 3122 quod
1025 3050 1116 3103 est
1141 3049 1452 3122 optimum
1481 3045 1730 3120 signum

189 3138 528 3214 ignorantiae
563 3136 943 3197 invincibilis
958 3151 980 3214 3
1015 3137 1302 3214 ignorata
1323 3153 1473 3197 vero
1497 3136 1733 3214 obliga-

185 3231 325 3294 tione
349 3230 616 3304 sciendi,
647 3235 1090 3309 consequenter
1117 3235 1444 3290 excusatur
1471 3248 1510 3290 a
1549 3229 1732 3308 culpa

185 3323 536 3402 negligentia
590 3323 889 3400 discendi,
941 3329 1005 3384 et
1052 3329 1502 3402 consequenter
1544 3324 1734 3383 etiam

185 3417 528 3494 ignorantia.
587 3416 872 3478 Setmndo
886 3461 908 3492 ,
953 3416 1091 3478 fieri
1141 3423 1340 3495 potest
1383 3421 1455 3475 ut
1511 3414 1737 3494 aliquis

185 3511 354 3570 sciens
379 3508 832 3590 obligationem
874 3509 1147 3572 caruerit
1173 3511 1442 3584 doctore,
1493 3509 1735 3568 etiamsi

181 3601 336 3664 illum
365 3603 712 3682 diligenter
721 3604 1097 3682 quoesiverit,
1123 3601 1202 3664 de
1229 3619 1356 3682 qua
1379 3600 1730 3680 diligentia,

183 3704 390 3775 quanta
413 3716 546 3760 eme
593 3697 842 3773 debeat,
892 3698 1184 3778 prudenti
1229 3697 1486 3758 arbitrio
1537 3695 1728 3756 relin-

183 3790 468 3866 quendum
488 3803 606 3866 est,
639 3796 706 3851 et
731 3789 865 3852 fleri
885 3792 1120 3870 optime
1139 3795 1341 3872 potest
1367 3795 1437 3849 ut
1455 3788 1596 3850 talis
1618 3787 1730 3849 ho-

183 3899 270 3942 mo
285 3883 520 3960 judicet
549 3883 892 3962 prudenter
907 3901 976 3944 se
995 3883 1210 3945 fecisse
1228 3883 1392 3962 quod
1409 3881 1731 3943 moraliter

179 3981 416 4053 poterat.
451 3977 696 4052 Tertio,
721 3995 882 4058 soepe
899 3977 1206 4056 contingit
1221 3983 1316 4054 ut,
1335 3975 1480 4037 licet
1504 3975 1730 4056 aliquis

181 4066 380 4129 haheat
405 4070 756 4146 doctorem,
804 4076 1056 4150 propter
1083 4069 1554 4150 incapacitatem
1599 4087 1728 4129 non

180 4162 450 4241 addiscat,
487 4181 700 4244 neque
728 4164 1030 4244 percipiat
1070 4181 1147 4226 ea
1187 4181 1329 4244 quae
1358 4165 1722 4239 traduntur-3

181 4271 344 4332 quam
361 4258 828 4318 excusationem
841 4256 1036 4336 aliqui
1059 4257 1386 4319 admittere
1411 4264 1724 4332 recusant,

183 4351 304 4427 quia
330 4367 472 4412 cum
497 4349 662 4411 fides
687 4350 768 4411 sit
799 4351 1142 4413 necessaria
1163 4357 1238 4412 ut
1265 4349 1565 4426 medium,
1598 4367 1725 4410 non

181 4441 396 4502 videtur
427 4443 826 4506 admittenda
847 4444 1222 4524 incapacitas
1249 4445 1384 4522 ejus
1407 4443 1476 4504 in
1517 4443 1726 4523 aliquo

181 4531 404 4597 homine
456 4537 704 4598 adulto.
752 4536 897 4598 Dico
949 4543 1160 4598 tamen
1209 4536 1276 4598 in
1329 4537 1542 4598 multis
1595 4553 1725 4597 esse

181 4644 328 4704 posse
351 4630 767 4691 sufficientem
791 4637 854 4692 et
878 4631 1217 4692 maximam
1237 4632 1721 4706 excusationem,

182 4723 496 4797 prasertim
539 4725 615 4783 in
659 4723 845 4784 rebus
873 4723 1326 4784 obscurioribus
1353 4723 1518 4797 fidei,
1559 4723 1726 4804 quod

182 4815 296 4893 ipsa
343 4818 732 4898 experientia
762 4818 910 4878 satis
946 4818 1143 4878 docet.
1175 4818 1386 4896 Neque
1412 4823 1540 4879 tota
1573 4817 1724 4878 fides

182 4927 298 4986 quae
319 4912 688 4991 praecipitur
729 4917 820 4972 cst
847 4911 1187 4972 necessaria
1215 4911 1574 4972 necessitate
1597 4929 1728 4971 me-

183 5001 288 5064 dii:
315 5007 461 5081 imo,
481 5013 558 5067 nt
589 5023 779 5085 supra
799 5006 954 5082 dixi,
981 5006 1191 5084 aliqua
1209 5010 1357 5065 sunt
1382 5006 1724 5096 neccssaria

183 5098 516 5160 necessitate
543 5099 767 5172 medii,
805 5115 946 5178 quse
973 5116 1102 5159 non
1124 5115 1368 5177 semper
1388 5098 1454 5158 in
1482 5116 1550 5160 re
1587 5117 1725 5178 pos-

183 5187 456 5266 tulantur,
485 5191 602 5251 sed
629 5190 904 5251 sufficere
931 5196 1188 5270 possunt
1227 5191 1294 5251 iu
1324 5196 1491 5251 voto.
1527 5191 1721 5266 Unde,

181 5278 304 5342 licet
325 5301 542 5345 rerum
573 5284 661 5344 sit
683 5283 930 5344 nullum
969 5285 1254 5346 adultum
1297 5301 1430 5346 esse
1475 5285 1730 5361 incapa-

183 5389 296 5433 cem
320 5377 508 5436 totius
557 5375 708 5438 fidei
749 5378 1034 5452 actualis,
1077 5378 1483 5438 nihilominus
1527 5377 1729 5438 multa

186 5469 448 5544 mysteria
465 5467 624 5529 fidei
639 5475 895 5549 possunt
915 5469 1225 5549 aliquibus
1247 5487 1378 5531 esse
1397 5471 1488 5532 ita
1509 5469 1728 5532 obscu-

189 5575 246 5620 ra
269 5559 339 5619 ad
364 5562 860 5646 percipiendum,
881 5567 954 5623 ut
973 5563 1154 5625 facile
1182 5563 1254 5623 in
1274 5563 1526 5625 illorum
1549 5563 1728 5643 igno·

3254 415 3374 487 ⁴03

1807 529 2010 589 rantia
2040 548 2075 589 a
2104 530 2286 610 culpa
2316 535 2703 591 excusentur.
2726 531 2804 591 Et
2822 531 2966 590 hinc
2988 530 3239 592 fortasse
3262 533 3372 592 ali·

1807 623 1914 701 qui
1943 631 2239 684 excusant
2260 626 2338 684 ab
2368 625 2481 684 hac
2508 625 2685 704 culpa
2712 641 2927 685 omnes
2965 643 3187 704 pueros
3229 636 3373 690 ante

1809 716 2221 795 pubertatem,
2271 725 2331 778 et
2377 718 2517 777 ideo
2562 718 2777 778 dicunt
2828 736 2937 797 pro
2965 719 3070 778 illo
3100 725 3373 800 tempore

1815 827 1938 870 non
1975 809 2237 887 obligari
2261 811 2378 870 hoc
2425 817 2763 890 proecept03
2804 811 2908 872 sed
2950 831 3077 872 non
3105 819 3198 874 est
3228 833 3373 876 vcra

1813 902 2052 980 regula,
2082 921 2195 963 nec
2221 903 2478 964 fundata
2507 904 2572 963 in
2590 905 2755 980 jure,
2778 922 2892 964 nec
2920 910 3012 964 cst
3029 906 3210 982 juxta
3234 927 3375 970 con-

1815 995 2205 1056 suetudinem
2232 995 2534 1069 Ecclesioe,
2568 996 2828 1074 ideoque
2856 1015 2982 1057 non
3004 1006 3201 1077 potest
3229 1010 3379 1063 zetas

1816 1088 2141 1163 assignari,
2176 1088 2282 1149 sed
2310 1088 2611 1167 capacitas
2630 1089 2916 1167 prudenti
2937 1091 3173 1167 judicio
3211 1111 3379 1172 spec-

1813 1179 2002 1240 tanda
2042 1195 2154 1241 est.

1893 1277 1920 1331 1
1939 1275 1965 1333 l
1981 1317 1996 1332 .
2043 1273 2383 1336 Solvuntur
2405 1280 2783 1354 aryumenta.
2802 1276 3293 1356 -Adpo-imum.
3307 1317 3380 1332 -—

1813 1363 1916 1426 Ad
1933 1367 2363 1429 secundum.-
2375 1365 2477 1430 Ad
2493 1373 2850 1430 tercium.—
2869 1370 3043 1433 Unde
3076 1373 3251 1436 facilc
3278 1396 3382 1455 pa·

1814 1465 1904 1518 tet
1937 1463 2255 1538 responsio
2282 1461 2358 1520 ad
2388 1463 2657 1522 rationes
2680 1463 3001 1525 contrariae
3030 1472 3375 1531 sententiae.

1813 1551 1906 1611 Ad
1959 1553 2249 1630 primam,
2293 1553 2523 1614 dieitur
2564 1555 2897 1635 aliquando
2948 1577 3120 1637 posse
3165 1563 3381 1624 cazlerc

1813 1646 2241 1722 ignorantiam
2298 1645 2723 1708 invincibilem
2768 1650 2835 1710 in
2882 1650 2979 1712 his
3021 1671 3159 1732 quas
3195 1657 3385 1735 perti·

1815 1743 1969 1799 nent
1992 1737 2073 1798 ad
2124 1745 2379 1814 statum,
2410 1739 2556 1818 quia
2583 1743 2681 1802 vel
2710 1741 3005 1822 obligatio
3035 1765 3249 1809 earum
3288 1769 3381 1810 re·

1813 1847 1954 1906 rum
1980 1838 2183 1910 potest
2210 1833 2399 1894 etiam
2424 1833 2721 1911 ignorari,
2754 1843 2825 1895 ut
2846 1838 2997 1912 dixi,
3026 1839 3121 1900 vel
3153 1859 3227 1902 ex
3246 1841 3385 1904 aliis

1813 1923 2119 2004 capitibus
2150 1925 2285 2003 jam
2338 1926 2690 2002 insinuatiS,
2723 1929 2887 2008 quod
2920 1933 3187 1995 maxime
3228 1934 3385 1996 acci-

1812 2019 1957 2080 dere
1996 2027 2193 2098 potest
2230 2019 2297 2080 in
2325 2019 2679 2082 hominibus
2706 2026 2951 2086 rusticis
2984 2033 3045 2088 et
3093 2029 3384 2108 simplici·

1813 2111 1949 2187 bus,
1976 2120 2047 2173 ut
2093 2119 2185 2174 est
2212 2117 2559 2174 communis
2608 2115 2790 2176 turba
2824 2117 3125 2180 fidelium.
3162 2122 3255 2183 Ad
3287 2141 3381 2184 se-

1815 2207 2109 2280 cundam,
2141 2207 2367 2268 dicitur
2392 2209 2579 2268 etiam
2619 2209 2835 2272 falsam
2868 2231 2997 2274 esse
3046 2215 3217 2275 illam
3248 2235 3387 2277 sen·

1814 2300 2075 2359 tentiam
2104 2299 2180 2359 de
2208 2299 2584 2374 infidelibus,
2615 2309 2686 2362 ut
2719 2303 2881 2365 infra
2901 2305 3201 2383 dicemuS,
3221 2317 3282 2370 et
3311 2309 3384 2370 il·

1819 2391 1944 2451 lam
1970 2392 2250 2471 regulam
2278 2393 2356 2453 de
2404 2393 2667 2455 iaciente
2696 2396 2857 2474 quod
2900 2398 2967 2458 in
3010 2417 3074 2460 se
3106 2407 3220 2476 est,
3257 2418 3384 2464 non

1817 2483 2049 2547 habere
2092 2485 2195 2546 hic
2240 2486 2471 2562 locum,
2504 2489 2650 2568 quia
2679 2488 2809 2550 haec
2842 2492 3122 2567 scientia,
3158 2495 3233 2556 dc
3264 2515 3385 2574 qua

1815 2584 2168 2652 tractamus,
2200 2597 2329 2640 nou
2379 2587 2471 2640 est
2514 2584 2858 2644 necessaria
2896 2586 3257 2664 simpliciter
3303 2591 3381 2649 ad

1815 2671 2075 2732 salutem
2102 2674 2457 2734 necessitate
2474 2675 2660 2734 medii
2685 2675 2751 2736 in
2773 2695 2838 2737 re
2865 2677 2996 2756 ipsa
3018 2679 3376 2755 adhibendi,

1808 2771 1878 2824 ut
1905 2765 2055 2824 dixi.
2090 2765 2181 2826 Ad
2211 2768 2480 2841 tertiam,
2514 2767 2652 2828 dico
2690 2775 2856 2830 recte
2878 2771 2983 2830 illo
3012 2780 3379 2850 argumento

1807 2859 2056 2937 probari
2084 2859 2245 2919 hanc
2268 2861 2683 2938 ignorantiam
2714 2881 2918 2923 raram
2950 2883 3102 2938 esse,
3129 2885 3379 2946 [irreser-

1811 2953 1926 3011 tim
1951 2953 2114 3012 inter
2159 2954 2558 3028 ChristianoS,
2593 2957 2703 3034 qui
2745 2956 2812 3016 in
2837 2962 3282 3022 communitate
3314 2961 3381 3022 fi·

1813 3045 2045 3105 delium
2070 3046 2314 3121 vivunt,
2344 3052 2407 3107 et
2432 3049 2846 3110 communiter
2864 3051 3255 3116 instruuntur
3267 3071 3289 3132 3
3314 3056 3379 3116 in

1811 3155 1936 3218 quo
1966 3155 2148 3199 sensu
2176 3138 2418 3200 locutus
2446 3147 2539 3200 est
2565 3141 2653 3200 ibi
2684 3141 2752 3201 D.
2784 3143 3049 3205 Thomas
3065 3167 3085 3222 ς
3132 3165 3261 3208 non
3290 3155 3379 3208 ta·

1815 3247 1961 3290 men
1992 3233 2213 3311 probat
2238 3231 2425 3294 talem
2455 3235 2913 3297 excusationem
2948 3253 3077 3297 esse
3106 3237 3379 3301 absolute

1815 3324 2284 3404 impossibilem.

2454 3555 2667 3609 sssc‘rto
2697 3559 2755 3610 tl.

1809 3736 1910 3800 An
1935 3741 2138 3822 possit
2163 3759 2289 3806 esse
2310 3743 2376 3804 in
2418 3743 2651 3806 homine
2675 3744 2845 3822 fideli
2880 3753 3190 3827 peccatum
3220 3764 3376 3812 corn·-

1945 3835 2261 3898 missionia
2287 3841 2497 3900 contra
2528 3838 2633 3901 Icoc
2656 3843 3025 3920 praeceptum
3060 3839 3227 3916 fidei.

1893 4081 1950 4138 i.
1998 4077 2301 4142 Richardi
2332 4078 2529 4158 opinio
2554 4079 2623 4142 de
2658 4087 2899 4160 peccato
2935 4084 3374 4148 commissionis

1809 4175 2023 4234 contra
2035 4177 2340 4252 praecepta
2362 4171 2955 4250 fidei.—Richardus
2980 4175 3047 4235 in
3077 4178 3369 4254 secundo,

1811 4263 2082 4324 distinct.
2114 4266 2215 4340 22,
2248 4265 2507 4326 articulo
2534 4267 3058 4347 secund0,quaest.
3078 4271 3368 4348 secunda,

1809 4357 1999 4418 etiam
2029 4357 2095 4416 in
2132 4357 2265 4434 ipsa
2292 4358 2651 4435 ,ignorantia
2690 4357 3020 4438 distinguit
3048 4368 3365 4440 peccatum

1806 4450 2155 4510 omissionis
2178 4455 2239 4510 et
2260 4451 2714 4512 commissionis
2738 4470 2752 4513 ε
2781 4471 2927 4512 nam
2951 4453 3369 4531 ignorantiam

1806 4541 2191 4617 affectatam,
2245 4544 2739 4604 commissionem
2805 4553 2987 4606 vocat
3010 4562 3031 4624 ;
3075 4547 3363 4626 ignoran-

1805 4635 1959 4695 tiam
1986 4640 2195 4695 autem
2218 4653 2485 4696 crassam
2510 4643 2621 4696 aut
2640 4637 2950 4717 supinam,
2970 4639 3365 4703 omissionem

1806 4727 2077 4806 appellat
2098 4749 2115 4803 ;
2150 4729 2365 4807 ntique
2408 4729 2796 4808 distinguens
2834 4731 2939 4792 illa
2968 4731 3091 4791 duo
3146 4752 3361 4812 pecca·

1807 4827 2012 4880 torum
2040 4838 2267 4898 genera
2310 4839 2385 4880 ex
2418 4827 2561 4881 actu
2612 4821 2970 4884 voluntatis.
3008 4825 3130 4886 Nos
3158 4833 3368 4888 autem

1807 4915 2209 4992 supponimus
2262 4913 2466 4992 potius
2515 4913 2813 4993 distingui
2870 4920 3367 4980 commissionem

1803 5006 1882 5068 ab
1920 5006 2249 5066 omissione
2278 5023 2355 5066 ex
2404 5009 2548 5067 actu
2596 5007 2811 5086 volit0,
2851 5027 3037 5089 quam
3094 5029 3168 5072 cx
3224 5020 3369 5073 actu

1807 5098 2087 5175 volendi3
2122 5117 2268 5160 nam
2296 5100 2581 5161 omittere
2608 5119 2875 5176 sacrum,
2908 5104 3151 5165 etiamsi
3172 5105 3369 5166 direc-

1805 5197 1870 5252 to
1893 5191 2227 5252 voluntatis
2251 5199 2393 5253 actu
2442 5193 2522 5253 sit
2569 5194 3012 5270 voluntarium,
3044 5205 3366 5274 peccatum

1807 5284 2156 5346 omissionis
2196 5292 2309 5361 est,
2352 5291 2424 5345 ut
2468 5305 2747 5368 suppono
2788 5307 2864 5349 ex
2900 5292 2957 5350 1.
3004 5291 3063 5364 2,
3106 5289 3369 5370 ideoque

1809 5379 1874 5438 in
1905 5378 2193 5457 praescnti
2221 5396 2471 5441 omnem
2528 5383 2947 5460 ignorantiam
2990 5385 3365 5460 negationis,

1807 5470 2365 5550 quomodocunque
2408 5471 2762 5534 voluntaria
2811 5475 2911 5548 sit,
2974 5477 3369 5539 omissionem

1809 5563 2225 5646 appellamns3
2300 5572 2624 5648 peccatum
2702 5585 2850 5647 ergo
2922 5568 3375 5634 commissionis
