3900 6217
625 525 790 576 SECT.
830 525 910 577 lv,
947 527 1030 577 ΑΝ
1065 525 1240 578 Fines
1273 525 1600 580 Ext‘mcrm
1634 529 1895 582 simeon
1931 531 2324 594 REQt'mA‘run
2360 529 2418 580 IN
2456 529 2614 581 LEGE
2646 528 2910 580 cunm.

283 628 334 685 7.
362 624 714 688 Declaratur
739 628 988 708 quinam
1005 629 1134 692 siat
1155 629 1407 692 articuli
1433 631 1501 691 de
1530 629 1736 693 Chris-

219 727 265 783 to
279 719 529 800 explicite
557 719 852 782 credendi.
883 721 1048 784 —In
1076 721 1338 784 secundo
1360 723 1574 784 ordine
1596 741 1737 784 con-

217 815 460 872 tinentur
513 811 807 892 mysteria
866 813 943 874 ad
998 813 1450 876 humanitatem
1509 815 1735 876 Christi

217 903 425 964 Domini
455 907 847 982 pertinentia,
887 925 1150 986 quorum
1182 907 1475 985 primum,
1508 915 1569 970 et
1603 927 1732 968 ma-

213 995 352 1056 xime
401 997 830 1072 substantiale,
889 1003 952 1058 et
1017 1002 1189 1078 quasi
1253 990 1732 1066 fundamentum

213 1089 468 1166 aliorum,
515 1097 607 1149 est
644 1089 952 1151 Christum
991 1111 1117 1152 esse
1160 1112 1375 1154 verum
1425 1095 1618 1156 Duum
1671 1100 1734 1156 et

210 1182 515 1255 hominem,
542 1187 604 1241 et
633 1201 758 1242 non
781 1184 980 1244 solum
1008 1204 1140 1248 esse
1159 1187 1376 1260 Deum,
1407 1185 1510 1246 sed
1546 1186 1732 1248 etiam

209 1293 318 1335 esse
341 1273 532 1334 filium
575 1275 708 1350 Dei,
747 1293 819 1336 ac
857 1279 1115 1356 proinde
1153 1279 1506 1340 distinctum
1536 1298 1664 1340 esse
1692 1299 1731 1342 a

208 1367 379 1440 Patre,
408 1372 466 1428 et
493 1367 728 1442 Spiritu
763 1369 1007 1447 Sancte,
1045 1371 1110 1431 in
1145 1390 1266 1450 quo
1313 1373 1498 1432 etiam
1537 1373 1730 1432 conti·

204 1467 381 1533 netur,
437 1459 659 1520 Filium
697 1460 884 1522 fuisse
913 1465 1330 1538 incarnatum,
1363 1471 1423 1525 et
1463 1483 1586 1524 non
1615 1483 1730 1524 010-

204 1559 338 1612 teras
367 1569 676 1632 personas,
727 1555 862 1616 Non
908 1563 998 1616 051
1034 1562 1242 1617 01110111
1287 1558 1728 1632 11000550110111,

202 1651 256 1705 111
280 1645 494 1726 singuli
531 1645 744 1708 fideles
772 1649 910 1710 haec
939 1652 1149 1712 omnia
1179 1652 1264 1711 ita
1286 1651 1566 1713 distincte
1587 1670 1734 1714 con·

202 1739 421 1816 cipiant,
451 1747 523 1800 ut
547 1743 734 1802 etiam
772 1744 1132 1824 interrogati
1161 1745 1235 1806 ad
1277 1745 1448 1806 illam
1486 1764 1734 1826 respon-

199 1833 318 1893 dere
358 1834 579 1908 sciant,
629 1833 774 1896 licet
801 1837 879 1897 sit
899 1837 1049 1900 utile
1082 1844 1143 1900 et
1182 1837 1482 1918 optimum
1509 1861 1526 1914 ς
1560 1839 1626 1900 111
1652 1840 1734 1900 11-

199 1945 320 2002 gore
341 1931 550 1987 autem
576 1931 722 1990 satis
745 1937 835 1990 est
863 1936 934 1990 ut
954 1932 1150 1994 sciant
1172 1938 1233 1992 et
1251 1931 1504 1992 credant
1531 1931 1732 1994 solum

197 2017 366 2080 filium
397 2021 498 2081 Dei
537 2041 666 2082 csse
702 2041 916 2084 verum
943 2023 1283 2085 homiuem.
1315 2025 1620 2096 Secunde,
1653 2025 1730 2086 ad

199 2112 338 2172 hunc
365 2113 652 2174 ordinem
683 2117 949 2196 pertinet
977 2117 1130 2177 scire
1159 2117 1494 2196 Christum,
1527 2117 1729 2178 filium

195 2205 300 2280 Dei,
329 2224 452 2267 esse
493 2214 862 2288 conceptum
891 2209 967 2270 de
997 2209 1230 2290 Spiritu
1255 2211 1478 2272 Sancto
1505 2229 1578 2271 cx
1604 2211 1730 2272 Ma-

193 2298 270 2358 ria
309 2297 592 2378 Virgine,
646 2303 732 2363 ita
767 2301 934 2362 enim
986 2320 1264 2384 expresse
1319 2305 1384 2364 in
1435 2303 1730 2384 Symbolo

193 2393 514 2453 continetur
534 2410 556 2470 3
601 2401 666 2454 et
693 2395 899 2456 decuit
935 2397 1205 2460 maxime
1235 2403 1304 2458 ut
1343 2395 1552 2460 fideles
1598 2413 1730 2456 om·

191 2505 280 2545 nes
299 2487 548 2562 dignam
573 2487 655 2548 de
683 2485 922 2549 Christo
949 2495 1012 2550 et
1045 2497 1240 2551 matre
1263 2491 1398 2570 ejus
1425 2489 1728 2550 haberent

192 2579 690 2641 existimationem
731 2591 792 2641 et
819 2580 1027 2643 fidem.
1068 2583 1345 2643 Dubitari
1377 2586 1586 2644 autem
1631 2600 1730 2642 so-

191 2671 354 2731 letan
380 2677 720 2733 teneantur
745 2672 954 2748 fideles
986 2675 1172 2736 etiam
1209 2675 1496 2754 explicite
1525 2673 1730 2735 crede-

189 2781 262 2838 re,
289 2765 581 2826 mansisse
630 2765 890 2826 Matrem
925 2767 1034 2827 Dei
1075 2767 1396 2846 Virginem
1425 2774 1558 2846 post
1591 2785 1729 2848 par-

189 2863 321 2928 tum,
365 2875 433 2917 ac
475 2865 781 2937 perpetuo
804 2881 821 2934 ;
863 2859 1054 2939 aliqui
1105 2860 1270 2920 enim
1304 2878 1430 2920 non
1477 2865 1729 2920 censent

186 2951 463 3026 pertinere
483 2951 568 3011 ad
600 2952 892 3030 generale
924 2961 1323 3034 praeceptnm,
1349 2954 1496 3034 quia
1525 2972 1728 3032 neque

185 3047 260 3101 est
283 3062 383 3122 per
418 3062 485 3104 se
525 3047 948 3107 necessarium
985 3045 1060 3108 ad
1106 3053 1334 3108 rectam
1365 3047 1506 3108 vitae
1554 3047 1728 3107 insti-

187 3135 483 3212 tutionem,
517 3156 728 3217 neque
763 3140 949 3200 etiam
989 3141 1232 3200 videtur
1270 3147 1398 3200 tam
1447 3159 1726 3220 expresse

186 3227 248 3286 ab
275 3229 575 3308 Apostolis
599 3230 1026 3310 praedicatum,
1059 3239 1353 3313 tanquam
1376 3252 1486 3314 per
1505 3251 1568 3294 sc
1595 3251 1727 3294 om-

187 3319 340 3382 nibus
373 3321 670 3384 fidelibus
709 3325 1156 3402 necessarium3
1207 3327 1372 3388 unde
1423 3327 1611 3388 etiam
1660 3329 1728 3388 in

187 3415 470 3496 Scriptura
498 3435 638 3478 non
655 3417 974 3480 invenitur
995 3437 1370 3500 expressum,
1396 3427 1458 3481 et
1485 3435 1612 3481 non
1637 3425 1730 3481 est

187 3506 282 3567 hoc
324 3509 759 3590 improbabile.
783 3512 1195 3574 Nihilominus
1227 3512 1602 3592 probabilius
1624 3513 1730 3593 ju-

187 3601 300 3660 dico
317 3601 429 3663 hoc
452 3623 590 3665 esse
619 3623 698 3666 ex
722 3624 914 3684 praece
925 3613 1022 3686 pto
1040 3605 1118 3665 ab
1141 3605 1429 3666 omnibus
1445 3604 1730 3685 explicite

188 3695 564 3774 credendum,
600 3699 828 3776 quiain
862 3697 1157 3777 Symbolo
1176 3699 1602 3778 Apostolorum
1615 3699 1734 3758 hoc

188 3789 729 3868 satissignificatur,
760 3810 902 3851 cum
928 3792 1194 3852 dicitur:
1227 3793 1414 3854 Natus
1441 3812 1516 3854 ex
1539 3791 1734 3876 Maria

189 3879 410 3958 Virgine
427 3899 447 3962 3
481 3881 574 3943 ibi
607 3883 779 3944 enim
812 3889 874 3944 et
903 3883 1286 3963 significatur
1315 3885 1635 3964 virginitas
1663 3885 1732 3946 in

189 3981 363 4050 partu,
394 3981 586 4055 atque
617 3975 807 4037 ctiam
857 3983 1152 4058 perpetua
1181 3984 1318 4059 post
1339 3984 1614 4059 partum,
1662 3986 1733 4040 ut

190 4083 250 4123 ex
289 4068 566 4130 absoluta
615 4070 896 4149 Virginis
941 4071 1351 4150 appellatione
1395 4072 1728 4152 colligitur.

191 4157 250 4218 Et
303 4161 716 4224 confirmatur
767 4161 906 4240 hoc,
952 4165 1100 4245 qnia
1139 4165 1204 4226 in
1257 4165 1534 4226 articulis
1591 4163 1737 4226 fidei

191 4250 260 4309 ita
284 4270 564 4334 expresse
617 4255 997 4318 declaratum
1032 4261 1145 4332 est,
1173 4263 1234 4318 et
1264 4257 1354 4318 illi
1383 4276 1738 4338 proponun-

191 4347 274 4402 tur
313 4345 605 4407 omnibus
652 4347 957 4426 fidelibus,
996 4356 1068 4411 ut
1119 4350 1376 4412 materia
1420 4371 1546 4414 suae
1591 4351 1738 4414 fidei

193 4440 462 4516 explicita:
499 4459 516 4502 :
549 4441 676 4504 fuit
703 4445 891 4506 etiam
923 4443 1039 4506 hoc
1092 4445 1270 4508 valde
1326 4447 1736 4509 necessarium

191 4527 473 4612 fidelibus,
500 4539 646 4596 tum
675 4535 755 4596 ad
785 4536 1069 4598 vitandos
1099 4557 1336 4600 errores
1361 4540 1467 4619 qui
1511 4539 1576 4600 in
1630 4539 1738 4600 illa

193 4627 426 4687 materia
450 4627 638 4691 facile
670 4629 816 4690 oriri
857 4636 1137 4710 possunt,
1185 4637 1317 4690 tum
1363 4631 1442 4692 ad
1488 4632 1738 4693 illorum

191 4716 481 4797 pietatem,
513 4721 598 4782 ad
629 4741 815 4800 quam
848 4723 1119 4796 maxime
1148 4725 1439 4805 pertinet,
1485 4731 1557 4784 111
1601 4729 1739 4803 post

195 4809 386 4890 Deum,
422 4815 688 4892 diguam
721 4815 1241 4878 existimationem
1267 4817 1344 4878 de
1368 4815 1536 4878 illius
1553 4815 1740 4878 Sanc-

199 4903 404 4965 tissima
435 4907 642 4968 Matre
667 4907 960 4970 habeant.

262 5001 313 5059 8.
345 4999 620 5064 Articuli
643 5003 917 5065 credendi
943 5003 1011 5064 de
1031 5002 1336 5084 passione,
1359 5007 1549 5066 morte
1568 5007 1625 5067 et
1652 5020 1744 5064 re·-

3262 521 3379 580 373

1816 631 1928 692 toli
1951 631 2068 692 1100
2092 632 2361 712 primum
2392 628 2830 708 praedicabant,
2878 627 3054 708 juxta
3082 625 3231 686 illud
3256 626 3379 706 pri-

1817 742 1934 786 mae
1969 725 2045 786 ad
2078 723 2333 786 Corinth
2362 727 2399 786 2
2433 740 2451 784 ι
2489 722 2905 786 Proedicamus
2960 719 3289 792 Christum,
3320 723 3380 781 et

1817 817 1973 882 hunc
1994 818 2397 893 crucifixum,-
2424 822 2486 878 et
2512 817 2591 877 ad
2630 815 2807 876 Rom.
2841 817 2880 875 4
2916 833 2929 874 ε
2968 813 3263 878 Traditus
3290 817 3381 875 est

1807 917 2063 994 propter
2114 912 2333 976 delicta
2392 915 2622 973 nostra.
2684 909 2795 970 Per
2851 915 3115 970 mortem
3169 913 3377 966 autem

1813 1013 2236 1064 consummata
2254 1011 2343 1064 est
2359 1002 2725 1082 redempti0‚
2749 1009 2809 1061 et
2831 1003 3021 1079 janua
3040 999 3179 1060 coeli
3203 1017 3379 1078 aper·

1814 1105 1876 1160 ta
1921 1103 2033 1158 est.
2084 1097 2257 1160 Unde
2307 1095 2529 1158 Paulus
2572 1096 2758 1156 etiam
2810 1095 3015 1174 posuit
3062 1093 3178 1154 1100
3214 1093 3378 1154 inter

1813 1190 2009 1269 prima
2047 1189 2373 1258 credenda,
2429 1193 2457 1250 1
2518 1187 2597 1248 ad
2626 1185 2899 1250 Corinth.
2956 1187 3074 1248 15:
3120 1182 3380 1250 Tradidi

1811 1284 1978 1346 eof-is
2039 1281 2343 1364 imprimis
2404 1282 2683 1363 quoniam
2756 1280 3036 1344 Christus
3102 1283 3379 1340 mortuas

1811 1383 1924 1452 est,
1984 1381 2100 1436 cte..
2159 1379 2239 1436 De
2284 1376 2733 1436 resurrectione
2786 1375 2972 1434 etiam
3024 1371 3172 1432 (11011
3220 1371 3375 1430 Pau-

1809 1470 1930 1541 lus,
1974 1471 2053 1530 ad
2076 1471 2253 1532 Rom.
2294 1473 2377 1532 4:
2444 1470 2810 1532 Rem-rescit
2854 1469 3102 1548 propter
3132 1464 3376 1544 justifi-

1812 1564 2103 1626 cationem
2136 1569 2451 1636 nostram,·
2496 1561 2662 1622 unde
2706 1561 2779 1620 ad
2820 1561 3080 1624 Roman.
3134 1559 3229 1630 10,
3260 1555 3377 1615 hoc

1811 1658 2001 1716 etiam
2032 1658 2399 1734 mysterium
2448 1657 2621 1734 ponit
2660 1655 2825 1716 inter
2870 1651 3213 1712 necessaria
3248 1666 3378 1709 cre-

1813 1749 2015 1810 denda
2040 1767 2055 1822 ;
2086 1755 2147 1810 et
2175 1749 2473 1810 Actorum
2500 1752 2531 1812 1
2571 1755 2633 1810 01
2666 1750 2729 1823 2,
2759 1741 3035 1824 Apostoli
3062 1741 3237 1822 quasi
3269 1757 3375 1820 per

1813 1843 2303 1902 antonomasiam
2330 1842 2621 1902 dicuntur
2650 1847 2832 1902 testes
2886 1833 3371 1908 resurrectionis,

1813 1942 1876 1995 et
1901 1934 2043 1996 ideo
2070 1934 2175 1996 illa
2225 1935 2341 1996 tria
2372 1935 2655 1996 distincte
2686 1939 3117 2012 proponuntur
3148 1928 3215 1988 in
3243 1944 3377 1985 om·

1811 2028 1997 2088 nibus
2035 2027 2333 2107 symbolis
2371 2033 2433 2088 et
2480 2025 2754 2087 articulis
2803 2023 2969 2084 fidei.
3016 2023 3181 2082 Inter
3209 2037 3374 2080 mor-

1811 2127 1936 2180 tem
1960 2127 2167 2182 antem
2212 2126 2270 2180 et
2298 2119 2814 2182 resurrectionem
2856 2113 3198 2176 intercessit
3240 2110 3375 2172 des-

1809 2230 2027 2274 census
2052 2211 2131 2274 ad
2157 2212 2384 2274 interos
2401 2211 2469 2272 in
2497 2213 2708 2272 anima
2730 2206 3039 2272 divinitati
3069 2206 3266 2279 unita,
3298 2204 3375 2262 de

1811 2323 1935 2384 quo
1968 2305 2231 2366 articulo
2270 2306 2469 2384 majus
2507 2303 2765 2366 dubium
2811 2307 2903 2362 est
2930 2319 3011 2362 an
3042 2299 3220 2359 cadat
3258 2295 3375 2356 snb

1810 2403 2207 2478 praeceptum.
2240 2398 2356 2458 Sed
2392 2396 2587 2458 videri
2618 2397 2694 2458 de
2727 2413 2801 2457 eo
2836 2400 3091 2473 possunt
3115 2391 3277 2451 (11010
3305 2391 3373 2451 111

1809 2497 1961 2553 10111.
2017 2493 2055 2552 2
2102 2490 2297 2552 tertiae
2326 2489 2537 2570 partis,
2598 2489 2757 2569 disp.
2815 2489 2929 2563 47,
2981 2491 3131 2546 sect.
3187 2487 3248 2561 2,
3293 2481 3373 2544 ad

1809 2583 2019 2645 finem.

1889 2677 1950 2736 9.
1978 2673 2251 2740 Articuli
2272 2677 2341 2738 de
2362 2674 2723 2740 Ascensione
2748 2673 3075 2753 etjudicio.
3092 2670 3373 2731 —Deni-

1809 2787 1928 2847 que
1958 2767 2037 2828 ad
2060 2769 2227 2830 hunc
2253 2769 2537 2830 ordinem
2561 2765 3146 2848 pertinet-articulus
3170 2763 3246 2826 de
3266 2765 3373 2824 ad-

1808 2869 1999 2922 ventu
2030 2861 2253 2923 Christi
2284 2861 2359 2922 ad
2396 2861 2724 2942 judicium,
2753 2866 2899 2922 01110
2938 2877 3123 2938 quem
3147 2858 3373 2918 articu-

1807 2953 1941 3014 lum
1994 2953 2246 3032 ponitur
2296 2955 2484 3016 ctiam
2538 2955 2905 3032 mysterium
2962 2949 3367 3024 Ascensionis‚

1807 3047 1974 3128 quod
1996 3047 2183 3108 etiam
2214 3047 2482 3108 Ecclesia
2510 3045 2751 3126 publice
2798 3044 3087 3120 celebrat,
3128 3051 3190 3104 et
3235 3041 3373 3103 ideo

1808 3158 1883 3200 ex
1909 3139 2214 3201 sententia
2242 3140 2517 3200 omnium
2550 3137 2833 3218 explicite
2858 3137 3230 3200 credendum
3257 3137 3371 3196 est.

1807 3233 1986 3310 Quod
2008 3251 2153 3294 vero
2180 3231 2272 3294 illi
2291 3231 2563 3306 additur,
2579 3231 2777 3295 sedere
2806 3229 3121 3296 Christum
3146 3230 3227 3294 ad
3238 3231 3379 3292 dex-

1809 3332 2003 3390 teram
2044 3325 2291 3400 Patris,
2326 3325 2527 3404 magis
2567 3323 2897 3386 obscurum
2934 3329 3027 3384 est
3073 3340 3260 3403 quam
3305 3327 3378 3382 ut

1809 3419 1987 3482 facile
2024 3419 2310 3499 possitab
2330 3419 2620 3482 omnibus
2662 3415 3043 3496 simplicibus
3084 3413 3371 3494 intelligi,

1810 3519 1874 3573 et
1894 3511 2031 3573 idco
2056 3511 2203 3574 satis
2232 3531 2361 3574 esse
2380 3511 2618 3592 judico,
2648 3513 2699 3572 si
2729 3510 2981 3572 credant
3000 3527 3130 3570 esse
3172 3507 3374 3568 Chris-

1811 3610 1946 3663 tum
1980 3604 2046 3665 in
2088 3606 2244 3666 coelo
2287 3606 2351 3667 in
2393 3623 2638 3667 summo
2676 3621 2749 3664 00
2789 3602 3152 3682 dignissimo
3178 3599 3379 3678 gradu

1812 3696 2233 3773 beatitudinis,
2264 3704 2336 3758 01
2376 3695 2563 3758 homo
2616 3703 2743 3774 est3
2795 3702 2859 3758 et
2902 3693 3152 3774 aequalis
3184 3694 3373 3766 Patri,

1814 3798 1883 3849 ut
1916 3792 2073 3852 Deus
2114 3795 2224 3852 est.
2281 3789 2589 3852 Articulus
2617 3795 2828 3850 autem
2868 3790 2945 3850 de
2994 3787 3264 3850 adventu
3296 3787 3379 3848 ad

1806 3883 2115 3963 judicium
2139 3883 2393 3944 omnino
2417 3883 2699 3962 explicite
2728 3881 3063 3944 credendus
3088 3888 3199 3952 est,
3231 3879 3382 3960 quia

1813 3982 1874 4036 et
1932 3973 2218 4056 explicite
2262 3975 2651 4056 proponitur,
2705 3981 2768 4035 et
2818 3971 2899 4035 ab
2946 3973 3253 4054 Apostolis
3303 3973 3383 4032 ab

1813 4068 1994 4130 initio
2038 4067 2403 4148 praedicatus
2428 4074 2543 4143 est,
2578 4075 2649 4128 ut
2678 4067 2947 4128 maxime
2976 4065 3380 4126 necessarius.

1817 4161 1992 4224 Unde
2043 4163 2277 4238 Petrus,
2344 4163 2635 4225 Actorum
2685 4165 2785 4237 10,
2841 4161 2992 4222 dicit
3040 4179 3104 4222 se
3157 4157 3386 4220 habere

1818 4262 2194 4336 praeceptum
2243 4255 2623 4336 praedicandi
2662 4253 3009 4336 specialiter
3042 4253 3210 4316 hunc
3234 4253 3387 4314 arti·

1817 4347 2053 4426 culumf,
2097 4355 2159 4408 et
2202 4349 2447 4424 Paulus»,
2490 4349 2782 4410 Actorum
2829 4349 2931 4422 17,
2970 4347 3114 4408 hinc
3158 4347 3389 4426 incepit

1817 4440 2327 4521 praedicationem
2372 4458 2593 4520 suam3
2649 4459 2721 4502 ac
2770 4439 3036 4521 denique
3096 4437 3389 4517 cogitatio

1817 4535 2005 4614 hujus
2040 4535 2320 4614 mysterii
2371 4535 2645 4598 maxime
2680 4536 3023 4598 necessaria
3050 4539 3143 4594 est
3170 4531 3247 4594 ad
3293 4531 3391 4592 vi-

1817 4634 1948 4688 tam
1999 4635 2165 4691 recte
2211 4629 2685 4707 instituendam,
2718 4636 2781 4690 et
2821 4627 2963 4688 ideo
3010 4625 3283 4704 cognitio
3329 4631 3395 4684 et

1818 4723 1972 4784 fides
1999 4722 2167 4782 illius
2199 4722 2422 4783 merito
2450 4722 2742 4784 omnibus
2770 4721 3143 4802 praecipitur.

1903 4817 2000 4878 10.
2048 4813 2367 4880 Aniculae
2418 4817 2486 4878 de
2530 4821 2748 4879 sancta
2786 4815 3072 4878 Ecclesia
3118 4816 3397 4898 eaplicite

1822 4911 2167 4973 credendas.
2226 4941 2307 4954 —
2358 4908 2625 4970 Additur
2680 4909 2931 4970 tandem
2978 4908 3271 4971 articulus
3318 4909 3397 4969 (10

1823 5001 2097 5064 Ecclesia
2122 5008 2337 5062 sancta
2366 5000 2697 5078 credenda,
2725 5000 2803 5062 de
2832 5018 2953 5080 quo
2984 5001 3181 5078 aliqui
3210 5000 3390 5060 dubi-

199 5097 552 5160 surrectione
625 5095 877 5160 Christi.
921 5131 1000 5140 —
1051 5097 1192 5156 Post
1233 5093 1346 5156 hos
1400 5103 1742 5175 sequuntur
1822 5101 1983 5170 tant,
2036 5101 2107 5154 ut
2134 5093 2341 5155 videre
2402 5100 2492 5154 est
2535 5094 2599 5153 in
2648 5093 2897 5154 Medina
2926 5099 2989 5152 et
3016 5092 3191 5166 aliis;
3229 5091 3389 5152 mihi

199 5186 418 5247 articuli
461 5189 540 5247 de
587 5188 897 5272 passione,
934 5193 1132 5249 morte
1188 5195 1249 5249 et
1300 5186 1744 5250 resurrectione
1825 5194 2037 5248 tamen
2088 5187 2333 5249 videtur
2377 5205 2475 5248 res
2527 5186 2799 5247 maxime
2844 5184 3203 5259 necessaria,
3258 5191 3397 5246 tum

199 5275 444 5357 Domini,
488 5285 570 5342 de
627 5282 849 5362 quibus
894 5301 1110 5344 omnes
1137 5280 1431 5361 Theologi
1474 5281 1749 5342 fatentur
1829 5284 1977 5362 quia
2015 5288 2078 5342 et
2126 5283 2195 5342 in
2241 5281 2536 5360 Symbolo
2585 5288 2649 5344 et
2695 5282 2763 5343 in
2812 5280 3086 5342 articulis
3114 5298 3403 5359 expresse

199 5391 306 5432 esse
325 5392 396 5433 ex
419 5382 732 5454 111-00001110
760 5375 1042 5455 explicite
1071 5373 1409 5438 credendos
1438 5374 1517 5436 ab
1550 5375 1751 5436 omni·
1832 5376 2205 5450 continetur,
2238 5381 2303 5435 et
2326 5375 2583 5436 materia
2611 5381 2705 5438 est
2744 5373 2919 5436 valde
2948 5373 3156 5452 gravis
3184 5380 3247 5433 et
3288 5391 3397 5434 ne·

201 5461 316 5526 bus.
370 5467 526 5527 Nam
581 5487 692 5546 per
745 5469 1090 5548 passionem
1143 5467 1420 5529 oblatum
1473 5475 1563 5529 est
1615 5485 1752 5546 pre·
1830 5469 2123 5544 cessaria;
2173 5475 2305 5528 tum
2354 5469 2503 5548 quia
2552 5468 2845 5538 Ecclesia,
2900 5466 3101 5545 quoad
3154 5483 3266 5528 nos
3310 5472 3405 5526 est

201 5559 336 5618 tium
353 5561 798 5641 redemptionis
815 5569 1066 5637 nostrae,
1088 5562 1272 5623 etilla
1289 5562 1558 5623 maxime
1571 5559 1752 5621 nobis
1833 5561 2114 5640 proxima
2145 5561 2362 5640 regula
2378 5561 2547 5637 fidei,
2577 5561 2655 5623 ad
2694 5577 2882 5640 quam
2924 5559 3151 5620 debent
3194 5577 3403 5621 recur-

205 5654 494 5734 proposita
515 5661 614 5716 est
653 5656 718 5718 in
746 5658 891 5719 vitm
923 5656 1316 5739 exemplum3
1349 5657 1517 5718 unde
1561 5654 1753 5738 Apos-
1831 5673 1970 5716 rere
2002 5671 2221 5716 omnes
2248 5653 2485 5729 fideles,
2521 5659 2584 5714 et
2609 5671 2745 5734 quae
2773 5653 3064 5733 ignorant
3086 5652 3153 5714 in
3180 5652 3301 5714 fide
3332 5653 3408 5714 il-
