3900 6217
1234 680 1924 777 1LLU's'rn1ssmo
1988 716 2059 775 n.
2117 714 2189 773 n.

95 982 1304 1275 JOANNI
1499 982 3315 1270 EMMANUEL

627 1472 911 1512 vrsutsttm
945 1475 1157 1512 rmum
1191 1474 1495 1525 ntrusstno,
1531 1472 1592 1510 Ac
1626 1473 1764 1510 urata
1791 1472 2047 1510 eunoun:
2078 1471 2383 1509 consummo
2416 1470 2794 1509 ΡΙΗΒΕΙΠΙΒΒΙΙΟ

347 1714 1014 1810 COLLEGIUM
1103 1702 1974 1809 CONIMBRICENSE
2070 1713 2688 1807 SOClETATlS
2777 1710 3059 1805 JESU.

1609 2034 2421 2097 Φ-’ὢοῷ--ὲ-

215 2384 438 2458 Serius
475 2386 772 2459 omnino
811 2408 1018 2481 quam
1057 2408 1177 2481 par
1223 2396 1388 2464 erat,
1429 2381 1686 2455 Praesul
1722 2380 2218 2469 illustrissime,
2260 2404 2509 2455 munus
2554 2383 2686 2456 hoc
2710 2438 2729 2475 ,
2776 2395 3109 2481 quantum
3162 2382 3330 2457 illud

147 2496 268 2571 est,
311 2496 572 2581 prmat
597 2482 970 2555 Societatis
1003 2494 1251 2555 nostrae
1289 2483 1310 2577 (
1339 2504 1417 2553 ac
1453 2480 1679 2552 multis
1729 2479 1930 2551 etiam
1970 2478 2353 2553 nominibus
2394 2482 2563 2573 tuae)
2607 2481 3155 2557 Conimbricense
3180 2482 3333 2556 Col-

141 2583 402 2675 legium,
449 2582 636 2677 quod
691 2592 1054 2677 perspecte
1105 2581 1363 2653 noverit
1397 2580 1468 2649 in
1521 2590 1586 2649 te
1621 2598 1832 2649 unum
1867 2578 2158 2649 maxime
2206 2582 2591 2674 conspirare
2617 2582 2909 2653 rationes
2953 2581 3327 2673 universas,

139 2680 362 2774 quibus
387 2681 768 2775 scriptores
808 2680 896 2751 ad
936 2678 1008 2749 id
1041 2701 1253 2773 genus
1287 2676 1595 2771 obsequii
1633 2698 1785 2769 erga
1825 2674 2000 2746 bene
2038 2675 2125 2747 de
2160 2698 2233 2747 se
2266 2688 2604 2749 merentes
2652 2679 3021 2773 permoveri
3061 2677 3277 2751 solent
3308 2706 3325 2751 ε

139 2779 402 2847 acuminis
439 2799 532 2847 ac
585 2778 944 2871 sanguinis
991 2776 1192 2872 plane
1224 2775 1386 2870 regii
1435 2773 1938 2859 claritudinem,
1983 2772 2359 2846 Pontificiae
2418 2775 2758 2869 dignitatis
2804 2775 3075 2863 insulaS‚
3116 2774 3337 2849 bona-

145 2898 274 2945 rum
315 2875 708 2947 litterarum
744 2875 1106 2960 culturam,
1159 2887 1228 2945 et
1262 2874 1380 2967 qui
1421 2869 1644 2943 titulos
1679 2893 1914 2943 omnes
1963 2872 2317 2943 antevertit
2354 2894 2435 2943 ac
2472 2894 2647 2967 pene
2693 2871 2939 2959 obruit,
2986 2874 3339 2945 admiran-

155 2974 296 3043 dum
329 2973 664 3045 virtutum
717 2973 1048 3060 omnium,
1089 2994 1243 3066 quae
1290 2971 1664 3066 principem
1711 2968 1930 3039 virum
1985 2969 2350 3057 decorant,
2402 2984 2831 3043 concentum.
2876 2972 3111 3067 Neque
3154 2972 3337 3044 enim

149 3071 428 3143 homnae
469 3071 496 3164 (
531 3083 614 3142 ut
667 3082 918 3143 caetera
950 3070 1250 3164 prudens
1280 3066 1868 3163 praetermittam),
1908 3067 2031 3138 sed
2074 3066 2321 3139 divinae
2353 3068 2707 3161 cujusdam
2763 3069 3021 3141 virtutis
3052 3091 3201 3141 esse
3234 3070 3341 3142 vi-

145 3170 336 3257 detur,
373 3169 614 3241 modis
651 3168 971 3239 omnibus
1015 3166 1539 3262 praecellentem,
1578 3166 1734 3237 vitae
1771 3165 2171 3236 modestiam
2226 3166 2541 3255 retinere,
2586 3190 2721 3239 non
2767 3165 2995 3239 extolli
3044 3167 3341 3262 dignita-

149 3266 345 3350 :ihu33
397 3265 857 3359 amicorum(
899 3265 1100 3337 etiam
1152 3262 1560 3356 humilium)
1593 3264 1662 3334 in
1709 3261 1972 3333 excelso
2009 3262 2267 3357 lastigie
2312 3284 2450 3334 non
2502 3264 2781 3359 pudere.
2826 3262 2935 3337 Ob
2984 3262 3109 3336 has
3156 3276 3340 3337 certe

58 3378 60 3383 ’
145 3388 354 3435 causas
401 3365 698 3459 agnovit
733 3366 884 3457 jam
919 3360 1108 3449 olim,
1143 3361 1308 3433 dum
1344 3362 1415 3432 in
1451 3360 1616 3433 vivis
1647 3370 1823 3431 esset
1863 3358 2064 3432 Pater
2088 3358 2489 3431 Franciscus
2535 3359 2831 3447 SoariuS,
2874 3363 3049 3433 inter
3088 3363 3339 3457 primos

147 3484 466 3557 quosque,
531 3460 842 3534 debitam
893 3460 1010 3531 tibi
1067 3458 1472 3553 singularem
1522 3456 1944 3553 gratitudinis
2000 3457 2580 3552 significationem,
2618 3459 2861 3555 insigni
2904 3461 3203 3554 quodam
3236 3459 3341 3531 sui

143 3563 366 3655 ingenii
423 3582 650 3655 opere
687 3558 959 3630 ostendi
993 3570 1344 3654 oportere:
1383 3556 1559 3643 haec,
1601 3567 1833 3641 testor,
1872 3552 1999 3626 fuit
2026 3556 2204 3626 illius
2242 3566 2564 3651 perpetua
2604 3568 3060 3652 constansque
3099 3556 3337 3629 volun-

147 3672 240 3746 tas,
277 3659 421 3730 hoc
473 3658 736 3729 ardens
787 3656 1110 3745 studium,
1160 3657 1358 3749 cujus
1411 3653 1745 3749 supremis
1791 3652 1961 3725 votis
2015 3652 2290 3725 minime
2343 3666 2697 3748 parentare
2736 3656 2927 3727 nefas
2971 3656 3334 3740 duximus;

143 3757 510 3849 praesertim
559 3776 727 3827 cum
773 3776 998 3849 neque
1037 3754 1404 3849 aequiorem
1475 3774 1616 3823 suae
1649 3751 1977 3823 doctrinae
2030 3761 2412 3845 patronum,
2456 3774 2679 3847 neque
2729 3755 3211 3848 promptiorem
3242 3753 3339 3825 la-

139 3856 360 3926 barum
417 3852 742 3925 nancisci
791 3851 1085 3946 potuerit
1124 3861 1716 3946 propugnatorem.
1763 3848 2011 3921 Verum
2057 3848 2239 3943 quod
2288 3847 2421 3920 hoc
2467 3849 2537 3919 in
2578 3872 2849 3944 genere,
2888 3848 3100 3923 debiti
3135 3849 3342 3922 officii

138 3974 446 4023 umeros
497 3950 810 4045 expleret
843 3970 1105 4038 omneS,
1136 3947 1370 4044 Teque
1405 3946 1685 4043 dignum
1710 3968 1959 4017 munus
1989 3945 2354 4034 videretur,
2400 3946 2665 4019 nullum
2702 3948 3160 4021 succurrebat.
3202 3947 3342 4020 Sed

139 4074 272 4121 ecce
323 4070 532 4120 nunc
565 4070 608 4119 e
665 4047 926 4141 superis
956 4068 1128 4118 unus
1169 4045 1448 4141 quidam
1482 4045 1735 4139 (credo
1775 4044 2115 4115 neminem
2152 4044 2283 4115 nisi
2307 4056 2647 4117 auctorem
2680 4046 2702 4140 )
2736 4074 2751 4117 ε
2788 4047 2895 4119 Ad
2924 4068 3190 4136 manuS,
3230 4046 3343 4117 in·-

136 4150 292 4243 quit,
329 4145 569 4219 hahes
611 4143 1168 4239 'theologicarum
1219 4143 1544 4214 virtutum
1601 4151 2038 4214 monumenta
2088 4139 2337 4237 quibus
2386 4141 2601 4215 Soarii
2643 4153 2791 4216 vota
2845 4144 3143 4240 expleaS,
3186 4166 3343 4239 quae

133 4247 306 4342 apud
363 4244 776 4315 visensium
827 4241 1196 4315 Prtesulem
1268 4239 1794 4312 illustrissimum
1857 4239 2147 4311 colloces
2181 4242 2339 4333 jure
2389 4240 2680 4336 optimo;
2734 4252 2811 4314 ut
2878 4264 3163 4337 quarum
3226 4242 3345 4313 diu

135 4344 582 4437 multumque
628 4339 844 4411 cultor
898 4340 1138 4429 extitit,
1175 4360 1410 4411 earum
1461 4337 1666 4410 etiam
1709 4337 2062 4425 doctrinae,
2099 4360 2235 4433 qua
2292 4338 2679 4411 mortalium
2729 4340 2936 4411 animi
2988 4337 3349 4411 conciliau-

137 4457 256 4525 ηπ,
313 4440 558 4513 {autor
613 4439 878 4509 existat.
914 4425 1190 4509 Viderat
1219 4436 1539 4507 nimirum
1583 4434 1858 4507 Soarius
1906 4436 2089 4507 hanc
2120 4436 2302 4533 apud
2341 4458 2465 4507 nos
2496 4436 2601 4508 sui
2627 4437 2877 4532 ingenii
2913 4437 3347 4532 posthumam

133 4540 424 4633 prolem,
461 4558 736 4631 suoque
772 4532 1076 4607 orbatam
1109 4546 1414 4630 parente,
1455 4544 1570 4604 tuo
1608 4554 1804 4627 egere
1849 4532 2191 4629 praesidio,
2231 4544 2301 4605 et
2333 4533 2567 4619 tutela,
2610 4534 2739 4606 sub
2774 4558 2937 4631 qua,
2968 4534 3350 4607 invidorum

135 4638 422 4708 tortasse
475 4633 635 4705 telis
683 4632 1006 4727 exposita,
1065 4644 1391 4727 tanquam
1439 4629 1612 4702 vallo
1673 4642 2032 4725 tegeretur.
2085 4630 2382 4704 Tametsi
2430 4632 2611 4703 enim
2662 4631 2775 4705 ille
2832 4644 3065 4705 auctor
3122 4644 3299 4704 esset
3323 4687 3341 4713 ,

137 4758 342 4830 quem
395 4736 557 4828 jam
607 4728 918 4826 publicus
969 4728 1152 4802 orbis
1185 4728 1466 4826 plausus
1498 4750 1702 4823 super
1739 4751 2013 4800 omnem
2058 4728 2377 4802 invidiam
2412 4728 2767 4819 extulerat,
2818 4730 3182 4803 feliciorem
3242 4744 3352 4803 ta-

139 4856 292 4905 men
331 4830 564 4917 illam,
611 4839 678 4899 et
711 4827 798 4900 ab
843 4827 1140 4900 humana
1173 4825 1662 4899 consuetudine
1703 4824 1902 4921 longe
1939 4838 2265 4899 remotam
2290 4838 2551 4901 ‘nactus
2601 4826 2964 4917 fortunam,
3007 4827 3273 4900 nonnisi
3314 4850 3353 4899 a

141 4944 198 5001 te
245 4928 710 5015 validissimo,
759 4926 1000 5021 suique
1049 4924 1510 4997 amantissimo
1559 4922 1939 5013 defensore,
1979 4946 2213 4997 curam
2262 4924 2441 4997 hanc
2491 4924 2708 5021 potuit
2762 4947 3063 4998 exorare.
3104 4924 3357 4997 Verum

138 5029 318 5098 enim
365 5048 538 5097 vero
595 5023 708 5096 illa
757 5045 1033 5118 quoque
1084 5023 1253 5095 ratio
1299 5033 1605 5093 nostrum
1639 5019 2010 5117 Collegium
2045 5021 2473 5118 perurgebat,
2512 5033 2587 5095 ut
2616 5034 2729 5095 tuo
2772 5024 3192 5119 potissimum
3227 5044 3360 5093 no-

139 5126 308 5196 mini
355 5145 540 5219 opus
575 5121 712 5195 hoc
748 5120 1222 5209 ascriberetur,
1263 5119 1451 5215 quod
1485 5118 1648 5189 hinc
1684 5119 1739 5190 si
1776 5142 1913 5192 non
1946 5120 2321 5193 referendae
2342 5123 2573 5217 gratiae
2604 5144 2759 5217 spes
2794 5130 3047 5217 optata,
3084 5131 3155 5191 at
3187 5120 3364 5192 scin-

145 5224 284 5294 tilla
331 5222 572 5315 aliqua
612 5228 972 5316 appareret
1004 5219 1215 5291 nostri
1250 5217 1554 5291 omnium
1588 5215 1660 5287 in
1705 5225 1770 5289 te
1826 5217 2033 5289 animi
2069 5219 2383 5290 testandi.
2430 5218 2506 5290 In
2556 5241 2692 5314 quo
2721 5218 2845 5291 etsi
2875 5219 3189 5313 exiguum
3226 5228 3355 5305 est,

143 5320 326 5415 quod
379 5340 619 5415 operae
675 5327 928 5390 nostrae
983 5326 1335 5413 acceptum
1379 5314 1658 5403 referaS,
1711 5313 1770 5385 is
1815 5325 2041 5386 tamen
2078 5327 2223 5387 erat
2278 5327 2511 5390 auctor
2572 5337 2695 5411 pro
2735 5339 2873 5411 quo
2922 5339 3057 5388 non
3115 5316 3365 5388 infruc-

147 5431 336 5490 tuose
365 5412 1178 5586 videbimurvillaborasse
1210 5445 1228 5499 ;
1261 5415 1321 5487 is
1348 5424 1447 5503 tu,
1485 5412 1746 5485 Praesul
1771 5412 2213 5509 amplissime,
2254 5414 2364 5486 cui
2400 5426 2560 5487 ante
2588 5413 2753 5487 alios
2786 5415 3076 5486 auctoris
3109 5414 3366 5487 fructus

143 5516 356 5587 dicari
391 5524 700 5611 possent.
867 5534 933 5585 e.

467 5652 574 5696 Xtt.
3008 5653 3046 5694 a
