3900 6217
545 330 666 398 382

546 440 635 503 bit
657 456 768 502 nos
783 463 812 512 ;
837 444 900 501 et
929 437 1074 502 ideo
1101 437 1261 501 dixit
1297 440 1374 502 ad
1414 443 1726 504 Romanos
1752 443 2053 522 vigesimo
2084 460 2105 506 z

552 532 742 596 eorde
776 533 1043 597 creditur
1083 534 1168 596 ad
1201 533 1522 612 justitian
1536 583 1554 610 ,
1599 552 1697 599 ore
1735 540 1952 600 autem-
1970 555 2110 601 con-

546 624 728 703 sessio
752 627 832 703 fit
868 627 951 688 ad
993 626 1278 700 salutem,
1330 627 1439 690 ubi
1475 631 1732 692 nomine
1765 631 1891 691 oris
1919 649 2107 694 omne

549 719 796 798 signum
825 725 1152 782 externum
1191 720 1664 801 intelligendum
1705 729 1818 799 est,
1845 730 1916 785 ut
1943 725 2109 786 infra

549 811 844 873 dicemus.
899 810 1073 874 Unde
1110 813 1342 892 optime
1379 815 1784 878 confirmatur
1825 817 1960 882 baec
2004 837 2109 880 ve·-

547 905 700 968 ritas
743 925 820 966 ex
879 905 1043 968 facto
1096 907 1590 972 Machabaeorum
1611 955 1632 988 ,
1687 913 1796 990 qui
1843 919 2105 975 mortem

545 999 976 1060 sustinuerunt
1018 1017 1100 1060 ne
1139 1018 1319 1062 suam
1347 1001 1536 1066 fidem
1573 1012 1912 1084 negarent3
1939 1005 2107 1086 qnod

543 1091 598 1154 si
627 1091 692 1154 id
715 1092 834 1156 suit
861 1094 1272 1156 necoesarium
1312 1093 1379 1157 in
1410 1095 1546 1176 lege
1575 1099 1794 1174 veteri,
1829 1101 2105 1178 profecto

545 1185 744 1246 multo
765 1186 962 1265 magis
980 1186 1046 1247 in
1071 1205 1252 1250 nova.
1280 1186 1457 1250 Unde
1485 1191 1676 1252 etiam
1694 1191 2105 1271 intelligimus

543 1279 664 1340 boc
689 1297 816 1340 non
841 1297 972 1340 esse
993 1277 1254 1356 malum,
1281 1281 1431 1360 quia
1461 1283 1806 1362 specialiter
1833 1283 2104 1364 probibi-

542 1379 678 1434 tum
705 1373 772 1432 in
816 1370 952 1450 lege
979 1387 1164 1448 nova,
1207 1372 1309 1434 sed
1342 1375 1548 1454 potius
1581 1394 1694 1456 per
1713 1395 1802 1451 se,
1841 1395 1915 1438 ac
1941 1396 2103 1440 sem·-

543 1485 655 1546 per
703 1465 890 1529 fuisse
935 1464 1342 1545 prohibitum,
1393 1469 1708 1550 supposita
1746 1468 1892 1530 fidei
1939 1471 2102 1532 veri·

547 1567 691 1622 tate.

626 1655 686 1717 3.
730 1654 1039 1721 Probatur
1061 1655 1320 1726 assertio
1336 1672 1415 1720 ec·
1434 1656 1730 1720 communi
1747 1675 1864 1721 m
1887 1657 2102 1722 Beda

543 1745 674 1810 εἰσ.
707 1781 788 1796 -
833 1747 1111 1820 Secundo
1157 1748 1322 1810 banc
1389 1749 1716 1811 veritatem
1777 1750 2105 1816 confirmat

543 1839 892 1902 eommunis
943 1859 1299 1917 consensus,
1329 1849 1392 1903 et
1423 1843 1682 1921 antiqua
1719 1842 1973 1904 traditio
1992 1845 2105 1906 Ec·

543 1935 769 2012 clesiae,
818 1952 956 2014 quae
1011 1934 1129 1996 boc
1176 1933 1472 1998 delictum
1505 1953 1748 2017 semper
1793 1939 2106 2018 reputavit

543 2044 873 2107 maguum,
903 2033 967 2088 et
1014 2026 1104 2090 ita
1135 2026 1289 2089 illud
1319 2028 1590 2108 punivit,
1621 2036 1695 2090 ut
1738 2036 1980 2092 constat
2024 2049 2103 2094 ex

543 2137 786 2182 canone
817 2120 1198 2200 sexagesimo
1241 2122 1444 2202 primo
1489 2123 1946 2203 Apostolorum,
1990 2125 2102 2186 ubi

540 2213 886 2295 specialiter
911 2215 1190 2295 loquitur
1214 2215 1292 2278 de
1317 2214 1556 2276 clericis
1581 2216 1768 2280 fidem
1815 2217 2101 2296 neganti·

539 2306 680 2370 bus.
715 2306 833 2370 Sed
857 2307 936 2370 de
962 2307 1254 2370 omnibus
1283 2307 1566 2370 fidelihus
1590 2309 1868 2389 loquitur
1885 2311 2099 2372 Conci·

539 2400 700 2462 lium
725 2401 1068 2476 Nicaenum,
1103 2417 1324 2464 canon.
1355 2403 1458 2476 10,
1489 2406 1556 2464 1¹
1592 2410 1656 2465 et
1692 2406 1806 2480 ¹23
1853 2410 1918 2465 et
1941 2405 2100 2465 Con·

539 2493 758 2554 cilium
789 2494 1170 2556 Anciranum
1204 2495 1335 2558 fere
1363 2500 1564 2556 totum
1607 2503 1703 2558 est
1730 2497 1808 2558 de
1837 2497 1957 2558 hac
1990 2513 2097 2574 re3

539 2594 604 2648 et
651 2586 994 2650 Concilium
1033 2587 1508 2664 Eliberitanum,
1562 2607 1800 2652 canone
1835 2595 1860 2650 l
1918 2598 1983 2653 et
2024 2595 2095 2668 23

539 2681 738 2761 deque
791 2681 924 2761 ipso
971 2682 1232 2744 Summo
1265 2681 1562 2746 Pontifice
1593 2683 1898 2746 habemus
1943 2687 2104 2766 opti-

538 2791 713 2834 mum
743 2774 1094 2856 exemplum
1123 2775 1190 2837 in
1247 2775 1626 2850 Marcellino,
1657 2777 1790 2856 qui,
1816 2795 1965 2840 cum
2026 2797 2105 2842 cx

535 2866 812 2937 humana
839 2866 1176 2946 fragilitate
1197 2866 1386 2930 fidem
1421 2869 1489 2928 in
1527 2871 1854 2932 tormentis
1882 2889 2104 2950 negas-

534 2967 650 3036 set,
693 2961 1036 3024 Concilium
1095 2963 1334 3040 coegit,
1380 2962 1448 3024 in
1501 2981 1626 3042 quo
1675 2969 1740 3023 et
1803 2963 2100 3028 delictum

541 3073 726 3116 suum
755 3055 1066 3133 cognovit,
1086 3073 1410 3135 poenaeque
1433 3073 1500 3117 se
1529 3056 1888 3136 subjecit,ut
1911 3059 2101 3120 habe-

535 3155 642 3210 tur
664 3148 731 3210 in
766 3149 970 3228 primo
997 3157 1168 3210 tomo
1212 3147 1654 3226 Conciliorum,
1680 3158 1742 3211 et
1779 3153 1969 3214 refert
1999 3155 2046 3215 N
2053 3154 2102 3214 i-

537 3240 744 3304 colaus
759 3242 962 3322 Papa,
983 3242 1052 3302 in
1070 3241 1426 3322 Q2·ano
1451 3246 1673 3319 autem,
1689 3244 1961 3307 distinct.
1995 3247 2094 3308 21.

619 3334 684 3396 4.
721 3332 830 3396 Em
851 3335 1214 3398 auctoritato
1249 3335 1850 3414 Pam-Tertio,
1873 3339 2100 3400 docent

543 3425 710 3488 banc
729 3427 1056 3490 veritatem
1081 3427 1278 3490 sancti
1307 3427 1548 3503 Patres3
1579 3429 1989 3507 Augustinus,
2022 3431 2103 3492 dc

535 3519 686 3582 Fide
715 3526 777 3585 et
797 3519 1106 3601 symbolo,
1121 3522 1318 3601 capite
1335 3523 1540 3602 primo
1567 3543 1582 3583 ε
1609 3525 1794 3586 Fides
1821 3524 2103 3601 officim

535 3631 576 3675 a
601 3614 770 3678 nobis
791 3615 986 3697 eoeiqit
1003 3621 1064 3679 ot
1081 3615 1282 3681 corais
1307 3619 1368 3678 et
1387 3616 1616 3698 linqua
1629 3642 1657 3689 ,·
1677 3624 1742 3678 et
1768 3617 1930 3678 libro
1945 3619 2101 3680 Con-

539 3713 638 3768 tra
663 3707 1080 3782 mendacium,
1110 3725 1242 3787 cap.
1267 3710 1332 3784 6,
1359 3707 1512 3770 dicit
1541 3725 1680 3772 esse
1699 3711 2097 3786 perniciosis-

537 3801 764 3860 simum
792 3817 1026 3879 negare
1059 3799 1247 3862 fidem
1274 3816 1294 3878 ;
1321 3806 1383 3862 et
1410 3805 1672 3862 tractatu
1707 3801 1786 3862 66
1813 3803 1880 3862 in
1909 3803 2099 3863 Joan-

535 3899 704 3970 nem,
735 3894 842 3973 inq
850 3894 982 3954 uiti
1015 3893 1258 3968 Quanta
1280 3891 1408 3959 vita
1429 3899 1526 3958 est
1575 3894 1844 3974 confiteri
1890 3893 2096 3959 Chris·

535 3992 686 4063 tum,
717 3991 898 4052 tanta
920 4003 1086 4048 mors
1135 3992 1226 4050 est
1277 4004 1497 4070 mayaco
1547 3985 1899 4061 Christum;
1923 3994 1987 4050 et
2028 3989 2097 4048 in

535 4086 802 4142 tractatu
839 4080 1173 4140 centesimo
1207 4079 1448 4140 decimo
1475 4081 1682 4155 tertio,
1727 4082 1963 4160 optime
1992 4081 2099 4142 de·-

533 4175 728 4244 clarat
757 4191 884 4238 non
905 4172 1108 4236 solum
1139 4191 1368 4253 negare
1395 4175 1730 4250 Christum,
1775 4177 1955 4237 illum
1987 4177 2097 4256 qni

535 4275 724 4348 negat
751 4269 958 4352 ipsum
979 4286 1110 4331 esso
1137 4269 1330 4330 neum
1357 4276 1469 4333 aut
1483 4269 1790 4345 Messium,
1823 4269 1918 4330 vel
1947 4269 2098 4348 quid

535 4359 761 4436 simile,
783 4361 890 4422 sed
919 4361 1274 4424 etiam-eum
1299 4361 1407 4440 qui
1433 4367 1622 4440 negat
1651 4379 1718 4423 se
1743 4379 1877 4423 esse
1896 4362 2100 4423 Chris-

535 4455 822 4527 tianum;
856 4469 1004 4517 nam
1044 4454 1266 4515 Petrus
1303 4453 1506 4516 solum
1562 4455 1817 4532 negavit
1859 4471 1924 4513 se
1968 4471 2095 4515 esse

535 4546 908 4627 discipulum
955 4545 1202 4620 Christi,
1237 4553 1300 4606 et
1349 4545 1756 4607 nihilominus
1803 4544 1893 4607 illi
1939 4563 2096 4626 proe-

533 4640 694 4703 dixit
740 4639 1016 4702 Christus
1047 4640 1204 4702 :Ter
1243 4658 1336 4702 me
1362 4638 1626 4722 negabis,
1657 4640 1806 4718 quia
1833 4640 1940 4718 qui
1988 4657 2098 4702 ne-

533 4739 722 4812 gatse
743 4731 1140 4812 discipulum,
1157 4739 1345 4812 negat
1372 4733 1762 4811 magistrum,
1787 4732 1936 4811 quia
1964 4749 2098 4793 cor-

535 4825 796 4888 relativa
827 4831 996 4897 sunt,
1025 4829 1090 4885 et
1113 4825 1200 4888 ita
1233 4841 1312 4886 ex
1339 4824 1456 4886 hoc
1503 4825 1664 4886 facto
1695 4824 1860 4886 Petri
1897 4824 2099 4886 obiter

535 4919 726 4980 ctiam
749 4917 1156 4978 confirmatur
1181 4915 1484 4982 catholica
1511 4918 1760 4980 veritas.
1799 4918 2101 4979 Eamdem

537 5011 864 5075 veritatem
891 5015 1109 5071 contra
1143 5009 1379 5072 dictum
1414 5027 1686 5074 errorem
1731 5010 1942 5072 docuit
1968 5011 2101 5072 Ori-

535 5121 748 5182 genes,
799 5105 1020 5164 citatus
1061 5101 1142 5164 ab
1185 5103 1448 5166 Eusebio
1505 5119 1646 5166 cum
1689 5102 1800 5164 illo
1843 5121 2102 5165 consen-

534 5195 728 5261 tiente
763 5196 834 5256 in
869 5196 1060 5259 citato
1087 5193 1224 5257 loco
1234 5211 1254 5272 3
1288 5195 1378 5258 sic
1423 5195 1615 5262 etiam
1649 5195 2095 5271 Nazianzenus,

535 5288 814 5350 oratione
839 5287 1318 5367 quadragesima
1330 5289 1516 5350 tertia
1537 5288 1605 5348 in
1633 5305 1868 5351 nonam
1891 5288 2099 5354 Domi-

535 5381 764 5455 nicam‚
798 5379 956 5442 dixit
991 5381 1060 5440 in
1094 5379 1218 5444 fide
1247 5397 1374 5444 non
1409 5397 1542 5442 esse
1571 5385 1838 5459 utroque
1863 5378 2097 5460 poplite

537 5473 1033 5538 claudicandum.
1053 5474 1297 5554 Optime
1315 5491 1462 5536 vero
1483 5481 1544 5535 et
1559 5473 1914 5554 frequenter
1934 5474 2099 5536 hanc

1287 341 1525 398 mst‘n'r.
1561 345 1690 398 XIV.
1721 345 1806 399 BE
1835 343 2175 400 rnAEcssPTo
2206 345 2409 402 Acws
2440 345 2809 402 ammonis
2836 347 3024 402 mot-21.

2185 445 2515 509 veritatem
2542 427 2815 508 inculcat
2850 447 3215 527 Cyprianus,
3244 449 3487 528 epistole
3532 458 3599 518 lo
3624 460 3689 522 ad

2186 538 2457 616 clerum,
2482 545 2545 602 et
2572 543 2641 601 ll
2678 539 2759 601 ad
2806 540 3133 620 Martyres,
3162 547 3225 600 et
3250 543 3327 602 Β
3352 545 3427 605 ad
3454 546 3690 627 plebem,

2186 632 2298 694 nbi
2357 639 2680 713 peccatum
2741 632 3012 711 negandi
3074 631 3255 695 iidem
3308 653 3599 702 summum
3635 663 3695 705 ac

2188 727 2627 803 gravissimum
2682 726 2991 808 appellat3
3022 731 3085 786 et
3117 728 3183 786 in
3240 727 3485 807 epistola
3520 737 3591 794 '12
3632 737 3696 797 ad

2188 817 2571 898 Stephanum
2612 820 2818 899 inquit
2863 838 2878 881 :
2926 817 3095 892 Quia
3144 823 3342 902 majus
3380 827 3561 902 pouit
3594 847 3697 890 esso

2186 912 2489 986 delictum,
2526 918 2637 976 aut
2666 931 2801 994 quoe
2824 914 3070 976 macula
3108 913 3379 988 deterior,
3424 935 3587 997 quam
3614 923 3699 983 ad»

2187 1023 2397 1070 versus
2440 1005 2755 1071 Christum
2776 1012 2969 1070 stare.
2962 1008 2985 1052 ²
3015 1013 3079 1067 et
3100 1009 3167 1068 in
3222 1008 3467 1090 epistola
3490 1012 3699 1090 trigesi-

2186 1117 2313 1176 ma,
2336 1117 2478 1180 quae
2504 1107 2599 1162 est
2622 1099 2771 1160 cleri
2797 1099 3063 1161 Romani
3080 1099 3159 1162 ad
3182 1101 3465 1164 eiimdcm
3484 1103 3699 1183 Cypria·

2184 1210 2363 1267 num,
2396 1192 2625 1254 dicitur
2670 1191 2791 1253 boc
2834 1207 2965 1254 esse
3000 1192 3223 1271 ingens
3274 1199 3337 1253 et
3366 1193 3700 1260 immensum

2183 1285 2505 1347 delictum.

2264 1380 2324 1440 5.
2370 1379 2685 1443 Probatur
2702 1379 2921 1442 cumo
2947 1379 3207 1444 ratim.
3220 1411 3308 1426 -·
3322 1379 3603 1441 Probamr
3626 1383 3702 1442 ul-

2182 1471 2339 1534 timo
2360 1473 2623 1548 ratione,
2651 1473 2797 1552 quia
2814 1472 3067 1550 negatio
3088 1472 3235 1533 fidei
3260 1474 3521 1536 exterior.
3532 1475 3623 1534 vel
3646 1475 3704 1536 fit

2183 1583 2261 1626 ex
2274 1566 2487 1627 animo
2500 1565 2778 1628 interiori
2808 1565 3197 1646 relinquendi
3222 1565 3523 1628 internam
3533 1567 3705 1629 fidem

2183 1665 2246 1720 et
2264 1657 2599 1720 confitendi
2622 1658 2795 1720 illam
2816 1677 2947 1722 esse
2977 1659 3221 1734 falsam,
3248 1665 3313 1720 et
3348 1660 3432 1719 sic
3473 1666 3559 1720 est
3578 1677 3700 1739 pro-

2182 1751 2491 1831 priissime
2542 1750 2895 1828 infidelitas,
2952 1751 3033 1812 de
3076 1753 3253 1831 cujus
3304 1751 3535 1812 malitia
3566 1753 3704 1814 infra

2186 1844 2521 1906 dicendum
2551 1852 2667 1920 est,
2688 1846 2833 1925 quia
2848 1845 3165 1926 potissime
3204 1846 3271 1907 in
3290 1852 3435 1906 actu
3458 1847 3707 1906 interiori

2186 1937 2465 2000 consistit
2495 1953 2513 1998 ε
2545 1940 2645 2000 vel
2670 1938 2743 2000 fit
2760 1941 2977 2000 animo
3000 1938 3171 2016 ficto,
3203 1945 3269 2000 et
3294 1937 3383 2000 sic
3426 1941 3601 1998 etiam
3632 1945 3711 2000 est

2193 2049 2307 2112 per
2332 2050 2397 2092 se
2426 2032 2612 2108 mala,
2642 2039 2707 2094 et
2732 2031 2869 2094 ideo
2892 2049 3137 2112 semper
3162 2039 3224 2092 et
3254 2047 3367 2110 pro
3384 2047 3613 2110 semper
3634 2037 3710 2092 est

2182 2124 2495 2205 prohibita
2528 2144 2543 2187 :
2577 2143 2900 2204 nunquam
2934 2143 3083 2204 ergo
3124 2123 3305 2198 lice13
3338 2131 3401 2184 et
3440 2125 3711 2203 imprimis

2181 2219 2233 2278 si
2262 2218 2327 2279 id
2354 2219 2465 2280 fiat
2498 2219 2747 2299 propria
2780 2223 3021 2298 sponte,
3052 2217 3183 2278 sive
3218 2235 3363 2278 cnm
3402 2215 3713 2293 interroga·

2180 2312 2369 2388 tione,
2406 2313 2537 2374 sive
2564 2313 2793 2392 absque
2822 2311 2955 2387 illa,
2989 2311 3227 2372 nullam
3272 2309 3461 2370 habet
3496 2308 3587 2370 vel
3622 2325 3713 2386 ap-

2178 2410 2497 2484 parentem
2548 2408 3029 2480 excusationem,
3058 2411 3131 2465 ut
3184 2421 3224 2465 a
3264 2403 3507 2464 fortiori
3546 2419 3616 2462 cx
3640 2403 3717 2462 di-

2178 2499 2387 2560 cendis
2410 2499 2685 2579 patebit;
2708 2500 2928 2560 sivero
2948 2498 3059 2558 fiat
3080 2515 3197 2578 per
3222 2503 3543 2558 externam
3570 2513 3715 2556 coac·

2185 2592 2447 2669 tionem,
2496 2594 2897 2672 quantumvis
2950 2591 3176 2652 acerba
3210 2591 3317 2666 sit,
3352 2607 3479 2650 non
3522 2588 3718 2649 sufficit

2182 2685 2261 2746 ad
2290 2685 2731 2747 excusandum.
2766 2685 2947 2745 Ratio
2986 2693 3099 2760 est,
3140 2685 3293 2763 quia
3320 2683 3465 2743 talis
3508 2681 3716 2742 coactio

2183 2797 2257 2839 ex
2289 2785 2463 2858 parte
2490 2778 2749 2856 subjecti
2800 2795 2907 2839 seu
2948 2777 3265 2857 operantis
3288 2793 3419 2838 non
3445 2774 3637 2836 aufert
3656 2771 3719 2833 li·

2181 2870 2483 2934 bertatem
2514 2872 2919 2934 sufficientem
2950 2871 3027 2932 ad
3056 2869 3473 2951 peccandum,
3498 2867 3591 2929 vel
3616 2885 3721 2928 ser·

2182 2965 2455 3026 vandum
2476 2972 2876 3045 praeceptum,
2900 2972 2973 3026 ut
2984 2968 3227 3025 constat
3252 2981 3332 3024 ex
3346 2966 3386 3023 ,ἱ
3401 3009 3416 3023 .
3450 2964 3511 3036 Ξ,
3530 2971 3717 3040 quaest.

2182 3060 2246 3134 6,
2285 3065 2404 3120 art.
2442 3061 2691 3136 530130
2712 3075 2790 3120 ex
2818 3058 2935 3119 bac
2960 3063 3135 3138 parte
3176 3075 3316 3116 non·
3334 3061 3600 3116 excusat.
3630 3055 3721 3114 De·

2182 3151 2325 3213 inde
2374 3151 2455 3213 ab
2526 3152 2765 3231 objecto
2812 3169 2940 3212 non
3004 3149 3211 3212 aufert
3260 3148 3720 3222 demi-mitatem,

2182 3243 2331 3323 quia
2368 3251 2461 3306 est
2488 3244 2583 3306 illi
2624 3245 2715 3305 ita
2737 3243 3095 3316 intrinseca,
3125 3247 3199 3302 ut
3226 3241 3309 3302 sit
3348 3241 3430 3302 ab
3457 3240 3565 3300 illo
3584 3241 3724 3299 inse·

2180 3337 2510 3417 parabilis:
2538 3355 2691 3416 crgo
2708 3353 2956 3416 semper
2980 3335 3125 3396 talis
3152 3335 3411 3412 negatio
3454 3331 3616 3394 mala
3646 3335 3727 3392 est

2182 3434 2244 3491 et
2264 3429 2593 3510 prohibita,
2619 3430 3140 3509 etiamsipropter
3156 3427 3419 3488 vitanda
3439 3441 3724 3505 quaecum-

2182 3541 2303 3603 que
2329 3523 2495 3586 mala
2517 3539 2719 3604 poenae
2750 3521 2880 3582 fiat.

2262 3619 2323 3679 6.
2378 3615 2525 3691 Quoe
2548 3615 2797 3680 malitia
2828 3617 2916 3678 sit
2938 3613 3007 3676 in
3034 3615 3141 3678 hoc
3174 3619 3449 3696 peccaro.
3469 3645 3549 3660 --
3574 3611 3725 3685 Quod

2178 3709 2230 3771 si
2258 3711 2673 3789 interrogetur
2700 3726 2839 3788 quse
2862 3709 2939 3770 sit
2964 3707 3097 3768 hoec
3118 3707 3389 3782 malitia,
3420 3703 3727 3786 responde·

2182 3810 2283 3864 tur
2326 3803 2633 3884 imprimis
2678 3821 2813 3866 esse
2842 3800 3083 3864 malitia
3112 3797 3453 3875 mendacii,
3496 3817 3629 3878 qnoe
3654 3799 3729 3857 ita

2176 3902 2271 3958 est
2315 3895 2767 3975 inseparabilis,
2798 3901 2871 3956 ut
2911 3899 3163 3973 propter
3200 3891 3449 3952 nullam
3502 3907 3729 3952 causam

2176 3990 2428 4051 mentiri
2478 3989 2679 4064 liceat,
2720 3994 2791 4048 ut
2847 3985 2970 4046 late
3012 3985 3287 4047 ostendit
3332 3985 3726 4063 Augustinus,

2173 4083 2332 4143 libro
2358 4088 2573 4143 contra
2598 4079 3013 4154 Mendacium,
3046 4077 3245 4158 capite
3271 4077 3602 4156 vigesimo.
3627 4075 3726 4135 Ne·

2176 4193 2295 4256 que
2316 4180 2519 4254 potest
2546 4174 2822 4235 excusari
2842 4190 2879 4232 a
2910 4171 3239 4233 mendacio
3260 4169 3405 4231 talis
3434 4169 3731 4248 responsio

2180 4275 2429 4348 propter
2472 4265 2998 4348 amphibologiam
3044 4282 3155 4342 per
3201 4261 3397 4323 verba
3449 4259 3730 4323 subintel·-

2178 4361 2355 4434 lecta,
2388 4361 2547 4441 quod
2568 4377 2683 4422 non
2736 4363 2935 4422 teneor
2957 4359 3327 4436 respondere,
3360 4358 3513 4434 qnia
3536 4371 3731 4415 revera

2174 4462 2427 4530 teneor;
2465 4471 2636 4528 nam,
2669 4460 2739 4513 ut
2766 4451 2929 4512 infra
2952 4451 3301 4524 ostendam,
3346 4450 3417 4510 in
3454 4448 3563 4508 tali
3606 4463 3733 4506 casu

2176 4547 2365 4608 etiam
2407 4544 2715 4608 occultare
2758 4544 3085 4606 veritatem
3132 4541 3375 4602 malum
3440 4547 3565 4616 est3
3600 4555 3732 4613 ergo

2177 4639 2427 4718 signum
2456 4643 2550 4700 est
2582 4635 2957 4698 intervenire
3001 4633 3453 4714 obligationem
3490 4630 3732 4694 manife-

2178 4731 2383 4793 standi
2426 4732 2769 4793 veritatem.
2816 4728 3049 4790 Deinde
3093 4726 3234 4788 talis
3274 4726 3581 4804 obligatio
3621 4741 3735 4782 non

2176 4831 2341 4885 recte
2388 4829 2779 4904 comparatur
2818 4838 2963 4889 cum
2992 4818 3375 4897 obligatione
3406 4819 3501 4880 rei
3524 4817 3599 4878 ad
3624 4833 3733 4876 ms-

2182 4916 2579 4996 pondendum
2606 4915 2804 4996 judici
2840 4912 3279 4992 interroganti3
3306 4928 3461 4972 nam
3492 4911 3559 4970 in
3578 4907 3734 4986 jndi-

2182 5011 2275 5070 cio
2302 5009 2599 5089 obligatio
2624 5008 2873 5087 respicit
2886 5011 2990 5086 jus
3032 5005 3229 5084 ipsius
3258 5003 3619 5084 superioris,
3644 4997 3738 5058 vel

2174 5101 2403 5180 judicis
2426 5099 2889 5180 interrogantis,
2924 5108 2989 5160 et
3028 5098 3171 5162 ideo
3194 5097 3245 5158 si
3274 5097 3379 5158 ille
3410 5113 3541 5157 non
3562 5092 3738 5154 habet

2180 5200 2547 5274 potestatem
2579 5193 3029 5270 interrogandi,
3060 5209 3177 5252 nec
3204 5209 3346 5252 reus
3367 5190 3565 5250 babet
3594 5187 3737 5248 obli·

2176 5287 2493 5366 gationem
2536 5283 2971 5365 respondendi.
3010 5285 3093 5346 At
3137 5300 3285 5344 vero
3339 5284 3409 5343 in
3455 5277 3737 5362 praesenti

2175 5380 2309 5444 haec
2337 5379 2637 5458 obligatio
2662 5397 2789 5442 non
2820 5377 3119 5445 fundatur
3170 5377 3239 5438 in
3293 5381 3597 5456 potestate
3639 5379 3733 5450 ty·

2178 5473 2367 5534 ranni
2395 5473 2853 5551 interrogantis,
2884 5470 2991 5532 sed
3020 5471 3089 5531 in
3110 5489 3257 5549 Jure
3282 5469 3478 5548 ipsius
3506 5467 3635 5540 Dei,
3664 5463 3735 5526 de
