3900 6217
838 411 1008 465 smr.
1043 411 1126 466 111.
1163 413 1420 477 QuAnun
1450 415 1664 468 mmm
1694 413 1872 468 muns
1903 414 2128 468 Ful-:arr
2160 413 2223 468 m
2254 414 2609 478 pimenem,
2643 413 2779 468 mc.

217 516 479 579 maxime
503 515 678 580 fidei.
721 515 846 578 Nec
888 520 1088 594 potest
1117 515 1242 577 dici
1273 517 1438 598 quod
1463 517 1770 597 pertineat

214 611 406 672 solum
431 612 512 672 ad
541 609 962 672 collectionem
1007 617 1458 690 praeceptorum
1505 610 1770 672 aliarum

215 704 508 766 virtutum
531 725 549 778 3
598 709 736 764 tum
767 702 914 782 quia
935 701 1040 762 hic
1069 711 1162 764 est
1190 704 1470 785 specialis
1489 711 1682 780 actus,
1709 711 1770 766 et

214 795 393 857 habet
419 796 736 878 propriam
775 800 839 856 et
863 795 1191 874 specialem
1245 795 1656 871 honestatem,
1709 803 1773 858 et

211 887 517 950 rationem
576 894 828 969 propter
891 907 1083 968 quam
1140 891 1577 970 praecipiatur3
1632 897 1769 952 tum

214 981 396 1042 etiam
429 982 580 1064 qnia
601 981 954 1062 ignorantia
989 981 1136 1045 fidei
1167 984 1355 1046 etiam
1383 985 1586 1064 quoad
1607 987 1770 1048 hanc

209 1081 448 1154 partem
501 1082 594 1136 est
641 1074 904 1156 speciale
945 1083 1292 1154 peccatum,
1339 1095 1488 1138 nam
1534 1078 1604 1139 in
1653 1079 1768 1140 hac

211 1166 393 1228 etiam
411 1169 676 1230 materia
703 1168 926 1229 morali
951 1175 1151 1248 potest
1173 1176 1496 1250 peccatum
1515 1169 1770 1234 haeresis

209 1260 514 1320 committi
529 1277 552 1339 3
579 1279 730 1340 ergo
761 1263 953 1323 etiam
980 1262 1115 1325 haec
1146 1263 1444 1342 obligatio
1466 1265 1664 1326 oritur
1692 1283 1770 1328 ex

208 1353 454 1432 speciali
488 1361 798 1438 praecepto
825 1354 996 1418 fidei.

279 1447 344 1507 7.
385 1444 642 1528 Satisfit
690 1449 924 1512 rationi
985 1451 1300 1514 dubitandi
1353 1452 1422 1513 iu
1463 1451 1771 1534 principio

203 1541 441 1617 poritoe.
475 1571 557 1586 -
583 1541 678 1602 Ad
691 1543 1002 1604 rationem
1024 1543 1351 1605 dubitandi
1377 1545 1444 1606 in
1465 1544 1770 1626 principio

207 1633 496 1711 positam,
515 1635 829 1715 imprimis
855 1654 1018 1715 nego
1044 1637 1464 1716 ignorantiam
1491 1657 1620 1699 non
1643 1657 1770 1700 esse

207 1725 470 1800 speciale
512 1735 861 1808 peccatum,
897 1728 974 1790 de
1003 1748 1128 1810 quo
1169 1730 1332 1793 infra
1377 1749 1456 1792 cx
1499 1731 1768 1810 professo

206 1817 544 1882 dicendum
573 1829 684 1884 est.
725 1823 957 1884 Deinde
977 1841 1139 1902 nego
1161 1824 1228 1884 in
1251 1824 1472 1886 ordine
1499 1826 1770 1888 naturali

207 1929 328 1972 non
381 1913 522 1975 dari
547 1915 810 1994 speciale
837 1923 1210 1998 proeceptum
1240 1916 1522 1998 obligans
1553 1918 1630 1980 ad
1657 1918 1768 1979 ali-

203 2023 390 2082 quam
424 2007 754 2068 scientiam
798 2009 894 2069 vel
930 2010 1349 2088 cognitionem
1377 2009 1763 2074 habendam:

204 2117 378 2174 nam,
405 2105 485 2160 ut
507 2119 698 2180 supra
735 2101 890 2177 dixi,
918 2102 1110 2164 homo
1150 2104 1341 2165 etiam
1363 2104 1430 2164 in
1457 2105 1629 2184 puris
1658 2123 1765 2166 na·

206 2191 506 2254 turalibus
533 2201 772 2256 creatus
798 2195 1056 2258 haberet
1091 2203 1472 2278 praeceptum
1509 2215 1765 2276 cognos-

203 2285 382 2346 cendi
409 2288 610 2349 Deum
635 2307 878 2360 verum,
917 2296 980 2350 et
1025 2289 1312 2352 similiter
1333 2289 1590 2352 haberet
1613 2291 1765 2352 obli-

204 2379 522 2456 gationem
546 2381 776 2444 sciendi
806 2382 1112 2444 naturalia
1130 2389 1434 2464 praecepta
1459 2384 1762 2464 Decalogi,

204 2475 361 2534 sicut
387 2493 566 2536 nunc
582 2474 760 2536 illam
779 2473 1012 2538 habent
1037 2475 1328 2550 Gentiles,
1355 2477 1598 2538 etiamsi
1624 2496 1771 2540 con-

206 2566 406 2644 tingat
431 2567 878 2630 invincibiliter
913 2568 1206 2648 ignorare
1249 2569 1440 2632 fidem
1481 2571 1769 2632 Christia-

203 2677 372 2734 nam,
407 2661 698 2740 quamvis
728 2662 797 2722 in
823 2659 941 2724 hoc
977 2661 1189 2742 aliqua
1215 2662 1570 2725 differentia
1603 2664 1769 2726 inter

205 2753 558 2815 naturalem
584 2755 1000 2834 cognitionem
1026 2763 1088 2816 et
1105 2755 1296 2818 fidem
1320 2758 1526 2818 notari
1549 2757 1760 2836 possit.

280 2847 342 2907 8.
383 2845 584 2912 Actus
626 2848 966 2912 intellectus
1003 2867 1126 2912 aaut
1172 2850 1339 2912 cadit
1385 2851 1494 2914 sub
1539 2868 1768 2932 praece-

195 2947 393 3020 ptum,
425 2943 559 3005 misi
586 2944 673 3007 sit
693 2943 894 3024 aliquo
919 2945 1086 3008 modo
1111 2945 1282 3008 liber.
1305 2943 1502 3008 -Au
1528 2946 1767 3010 laabim

200 3034 318 3111 ρέα,-
343 3037 698 3116 affectionis
746 3055 786 3100 a
823 3038 1048 3102 virtuto
1089 3039 1505 3102 studiositatis
1549 3041 1767 3102 dietin-

203 3134 448 3207 quatur.
473 3159 557 3174 --
583 3129 758 3192 Unde
773 3129 1054 3208 ulterius,
1077 3137 1152 3193 ut
1173 3131 1499 3194 difficultas
1513 3131 1623 3193 illa
1638 3150 1768 3196 me·-

203 3219 319 3280 lius
349 3219 766 3301 intelligatur,
799 3223 1248 3288 advertendum
1273 3231 1367 3286 est
1394 3231 1565 3288 actus
1589 3225 1769 3287 intel-

207 3313 391 3374 lectus
417 3332 550 3376 non
579 3316 792 3378 cadere
843 3316 960 3378 suh
989 3325 1385 3398 praeceptum,
1441 3319 1560 3380 nisi
1589 3323 1770 3399 prout

209 3407 436 3469 habent
463 3408 738 3490 aliquem
757 3411 1042 3472 ordinem
1063 3413 1142 3474 ad
1162 3419 1368 3475 actum
1393 3411 1728 3474 voluntatis
1745 3427 1766 3490 3

212 3501 342 3578 quia
383 3501 604 3564 nullus
647 3509 818 3566 actus
869 3505 1248 3585 praecipitur,
1293 3507 1414 3568 nisi
1465 3513 1770 3586 quatenus

215 3600 399 3672 potest
427 3614 561 3657 esse
592 3595 772 3673 liber,
801 3597 960 3660 sicut
985 3617 1112 3660 non
1131 3600 1580 3680 praecipiuntur
1595 3605 1772 3660 actus

215 3689 580 3750 exteriorum
629 3691 1058 3754 membrorum
1079 3737 1099 3770 ,
1153 3693 1278 3754 nisi
1333 3701 1640 3774 quatenus
1693 3711 1772 3754 ex

217 3781 462 3862 imperio
499 3784 700 3846 libero
733 3787 1004 3848 exerceri
1031 3793 1322 3866 possunt3
1349 3793 1522 3850 actus
1557 3793 1771 3850 autem

215 3873 550 3941 intellectus
599 3896 728 3940 non
779 3886 873 3941 est
926 3897 1036 3960 per
1073 3899 1138 3943 se
1183 3879 1368 3956 liber,
1409 3881 1517 3942 sed
1569 3879 1772 3940 solum

215 3975 380 4044 prout
413 3987 456 4030 a
480 3969 804 4034 voluntate
846 3972 1142 4053 imperari
1173 3980 1404 4060 potest:
1459 3990 1606 4052 ergo
1633 3989 1763 4033 non

220 4066 294 4121 est
326 4065 590 4126 materia
611 4066 925 4145 praecepti,
951 4066 1070 4128 nisi
1099 4071 1284 4146 prout
1309 4066 1457 4128 dicit
1479 4064 1762 4128 ordinem

219 4152 282 4212 ad
325 4154 735 4236 voluntatem,
768 4159 836 4220 id
863 4164 978 4236 est,
1021 4165 1328 4239 quatenus
1354 4178 1432 4220 ex
1461 4158 1596 4237 ejus
1635 4177 1766 4220 mo-

220 4245 363 4308 tione
389 4248 590 4310 libere
611 4249 748 4312 fieri
773 4257 1008 4332 potest3
1053 4251 1294 4314 duobus
1331 4257 1541 4314 autem
1565 4251 1765 4313 modis

221 4347 396 4416 potest
421 4343 772 4406 intellectus
801 4345 1072 4425 pendere
1099 4363 1140 4406 a
1184 4345 1503 4406 voluntate
1541 4346 1608 4406 in
1655 4363 1768 4406 suo

219 4439 372 4494 actu:
393 4435 601 4515 primo
619 4436 690 4496 in
715 4437 1118 4516 acquisitione
1135 4438 1406 4500 scientiae
1437 4438 1532 4500 vel
1553 4437 1769 4516 cogni-

221 4525 406 4600 tionis,
440 4534 506 4590 et
525 4529 598 4590 in
624 4547 742 4592 usu
770 4547 883 4592 seu
905 4531 1198 4592 exercitio
1245 4532 1380 4610 ejus
1396 4552 1416 4606 ;
1467 4530 1762 4607 secundo,

221 4621 404 4696 quoad
449 4622 750 4702 speciem,
784 4643 912 4686 non
969 4632 1100 4707 tam
1145 4643 1224 4686 ex
1282 4629 1455 4704 parte
1511 4623 1762 4702 obJecti,

221 4730 388 4789 quam
410 4733 490 4776 ex
515 4722 694 4796 parte
723 4723 922 4794 aetus,
951 4718 1156 4798 quoad
1187 4716 1770 4782 determinationem

221 4806 356 4883 ejus.
387 4809 584 4872 Priori
613 4811 800 4872 modo
833 4811 1066 4891 pendet
1081 4830 1121 4872 a
1144 4810 1462 4872 voluntate
1485 4828 1616 4872 non
1636 4816 1774 4870 tan·-

225 4903 340 4961 tum
385 4902 536 4966 fides
563 4905 936 4983 Christiana,
978 4905 1085 4968 sed
1123 4903 1639 4968 etiamnaturalis
1671 4922 1772 4966 co-

219 4996 396 5070 gnitio
424 5005 490 5060 et
511 4999 792 5076 scientia,
826 5009 896 5060 ut
927 5017 1038 5080 per
1069 5018 1137 5061 se
1159 5006 1380 5062 notum
1415 5004 1544 5070 est3
1569 5003 1766 5078 poste-

219 5088 352 5150 riori
367 5099 578 5154 autem
597 5093 786 5154 modo
806 5093 1034 5173 pendet
1056 5112 1094 5154 a
1117 5092 1436 5154 voluntate
1459 5090 1612 5152 fides
1639 5089 1767 5151 sive

219 5179 566 5261 Christiana,
595 5187 726 5248 sive
756 5203 1164 5267 quoecumque
1187 5185 1335 5262 alia,
1365 5190 1439 5246 ut
1477 5185 1544 5244 in
1585 5201 1766 5262 supe·

214 5273 464 5340 rioribus
492 5280 734 5342 dictum
764 5285 875 5342 est.
907 5279 1070 5342 Hine
1109 5280 1290 5342 divus
1317 5277 1586 5340 Thom‘as
1609 5279 1668 5338 2.
1695 5279 1759 5353 2,

213 5371 532 5443 quaestione
589 5375 742 5448 166,
809 5371 1140 5452 specialem
1193 5372 1371 5453 ponit
1424 5372 1718 5433 virtutem
1741 5413 1761 5446 ‚

213 5475 386 5536 quam
432 5465 882 5528 studiositatem
921 5472 1126 5541 vocat,
1159 5466 1259 5544 cuj
1267 5483 1340 5526 us
1367 5463 1646 5526 officinm
1673 5468 1766 5524 est

214 5567 430 5628 ponere
455 5559 734 5622 medium
775 5560 844 5620 in
888 5559 986 5620 his
1029 5577 1170 5639 quae
1203 5560 1520 5638 pertinent
1560 5555 1638 5618 ad
1663 5573 1764 5618 co-

1850 515 2222 595 gnitionem,
2270 523 2343 578 nt
2386 535 2591 597 neque
2630 517 2821 579 homo
2856 515 2937 576 sit
2975 515 3301 594 negligens
3342 519 3411 582 in

1849 609 2237 688 procuranda
2266 611 2619 688 cognitione
2636 610 2777 672 utili
2798 610 2896 672 vel
2924 611 3289 688 necessaria,
3320 630 3413 674 se-

1851 703 2123 764 cundum
2151 709 2379 765 rectam
2406 705 2736 780 rationem,
2766 722 2968 783 neque
2996 703 3183 764 nimis
3210 705 3412 766 curio·

1851 813 1955 854 sus
1987 795 2053 855 iu
2082 797 2439 876 cognitione
2458 817 2669 860 rerum
2697 797 3017 858 inutilium
3033 813 3052 874 3
3092 796 3225 858 haec
3264 815 3412 876 ergo

1849 888 2051 949 virtus
2078 890 2267 951 etiam
2300 890 2367 950 in
2392 890 2607 952 ordine
2638 891 2717 951 ad
2746 889 3279 969 supernaturalem
3304 908 3373 952 co
3394 925 3411 937 ·

1849 983 2198 1060 gnitionem
2227 982 2433 1044 locum
2463 983 2671 1060 habet,
2704 985 2943 1062 eritque
2975 983 3171 1043 virtus
3210 1001 3321 1062 per
3348 1002 3413 1046 se

1847 1075 2077 1152 infusa,
2112 1076 2271 1138 sicut
2306 1095 2435 1139 esse
2466 1083 2723 1157 possunt
2742 1076 2883 1137 aliae
2920 1076 3179 1138 virtutes
3211 1094 3414 1138 mora·

1849 1167 1964 1246 les,
1996 1175 2302 1249 quatenus
2338 1171 2729 1232 connaturali
2768 1169 2997 1249 reguloe
3026 1188 3415 1232 commensu-

1849 1267 2069 1324 rantur
2083 1279 2105 1340 3
2136 1264 2272 1324 haec
2314 1271 2521 1325 autem
2559 1263 2753 1325 virtus
2792 1263 2957 1326 circa
2992 1264 3412 1342 cognitionem

1851 1356 2127 1418 scientioe
2170 1357 2241 1418 in
2266 1357 2483 1418 ordine
2504 1358 2583 1418 ad
2612 1357 3089 1437 acquisitionem
3116 1358 3251 1435 ejus
3278 1376 3415 1419 ver-

1851 1451 1974 1510 sari
1997 1455 2233 1530 potest3
2264 1457 2486 1530 praeter
2512 1451 2673 1512 hanc
2698 1468 2841 1512 vero
2868 1451 3211 1512 neccssaria
3234 1450 3413 1512 estin

1851 1541 1975 1604 fide
2009 1544 2285 1623 specialis
2332 1545 2529 1606 virtus
2567 1543 2925 1618 voluntatis,
2972 1561 3110 1622 quae
3152 1542 3415 1604 inclinat

1850 1636 1928 1698 ad
1958 1637 2395 1716 captivandum
2445 1636 2849 1713 intellectum,
2898 1655 3087 1716 quam
3116 1635 3414 1715 Theologi

1849 1737 2077 1792 vocant
2110 1732 2280 1812 piam
2309 1731 2698 1794 affectionem
2730 1731 3087 1803 voluntatis
3127 1737 3191 1792 et
3228 1749 3415 1810 supra

1849 1825 2125 1886 diximus
2148 1843 2279 1886 esse
2304 1826 2369 1886 in
2390 1825 2706 1886 voluntate
2731 1843 2861 1886 non
2878 1830 3123 1886 tantum
3150 1823 3213 1886 in
3243 1829 3409 1896 actu,

1849 1919 1955 1978 sed
1986 1919 2173 1982 etiam
2204 1919 2270 1980 in
2306 1917 2544 1980 habitu.
2580 1917 2967 1998 speculativa
2988 1917 3245 1998 quoestio
3283 1935 3413 1979 csse

1851 2015 2069 2090 potest,
2103 2030 2184 2072 an
2206 2011 2287 2072 sit
2314 2012 2509 2075 virtus
2536 2011 2829 2073 distincta
2854 2031 2893 2074 a
2912 2011 3297 2073 studiositate
3318 2011 3413 2074 in-

1849 2105 2021 2179 fusa3
2053 2103 2452 2184 probabiliter
2480 2105 2652 2166 enim
2679 2105 2977 2184 distingui
3014 2109 3233 2190 potest,
3264 2105 3415 2184 quia

1853 2204 2052 2278 potest
2078 2198 2303 2278 aliquis
2332 2217 2465 2260 esse
2498 2198 2765 2277 diligens
2793 2199 2860 2259 in
2902 2197 3277 2278 acquirenda
3312 2215 3415 2258 co-

1851 2291 2133 2372 gnitione
2150 2310 2364 2354 rerum
2388 2290 2559 2369 fidei,
2588 2298 2651 2352 et
2674 2311 2804 2354 esse
2828 2309 3051 2372 parum
3074 2290 3339 2352 affectus·
3351 2295 3414 2351 et

1852 2384 1989 2464 pius
2012 2385 2079 2447 in
2098 2384 2403 2446 credendo
2424 2400 2446 2462 3
2478 2384 2659 2446 facile
2680 2386 2869 2446 etiam
2896 2384 3187 2446 sustineri
3214 2390 3415 2464 potest

1849 2495 1979 2540 esse
2008 2477 2299 2540 eumdem
2326 2477 2633 2554 habitum,
2674 2477 2782 2558 qui
2806 2478 2943 2538 haec
2966 2476 3177 2539 omnia
3211 2476 3413 2538 officia

1847 2579 2089 2635 exercet
2114 2573 2274 2634 circa
2303 2573 2628 2634 materiam
2662 2572 2811 2636 fidei
2827 2596 2847 2648 3
2876 2590 3036 2652 saepe
3063 2572 3233 2634 enim
3262 2589 3411 2633 con·-

1848 2667 2037 2747 tingit
2062 2668 2345 2730 eamdem
2376 2667 2671 2729 virtutem
2702 2685 2833 2729 esse
2856 2667 3055 2746 magis
3075 2667 3174 2728 vel
3202 2666 3415 2728 minus

1847 2761 2181 2839 perfectam
2210 2760 2373 2822 circa
2398 2759 2641 2822 diversa
2666 2777 2925 2822 munera
2938 2777 3087 2834 sua3
3110 2757 3414 2839 quidquid

1847 2871 1995 2914 vero
2030 2853 2111 2914 sit
2138 2854 2213 2917 de
2246 2851 2579 2916 habituum
2608 2852 3029 2927 distinctione,
3058 2851 3137 2914 de
3164 2869 3289 2931 qua
3316 2870 3412 2911 su-

1848 2964 1983 3026 pra,
2018 2946 2181 3026 disp.
2211 2949 2272 3021 7,
2298 2952 2447 3010 sect.
2480 2950 2545 3022 2,
2578 2965 2645 3008 n.
2673 2947 2737 3020 9,
2762 2945 2843 3006 ad
2866 2943 2983 3006 has
3003 2945 3263 3016 virtutes
3288 2949 3415 3004 stu·

1847 3039 2151 3101 diositatis
2178 3039 2399 3102 infusae
2418 3047 2479 3102 et
2509 3041 2625 3121 piae
2652 3037 2990 3102 affectionis
3015 3039 3081 3099 in
3106 3037 3413 3100 credendo

1849 3133 2163 3212 pertinent
2190 3133 2479 3215 specialia
2509 3137 2834 3212 praecepta,
2874 3150 2981 3195 seu
3010 3130 3416 3210 obligationes

1849 3223 1995 3287 fidei
2032 3249 2049 3301 3
2104 3246 2257 3290 nam
2318 3227 2397 3288 ad
2452 3228 2621 3306 piam
2675 3224 3068 3286 affectionem
3145 3223 3417 3303 pertinet

1847 3318 2145 3398 obligatio
2175 3319 2440 3381 firmiter
2466 3317 2781 3394 credendi,
2824 3323 2889 3380 et
2912 3315 3249 3396 abjiciendi
3276 3332 3417 3376 om-

1849 3431 2000 3474 nem
2046 3412 2502 3474 dubitationem
2536 3413 2633 3474 vel
2678 3429 2957 3474 errorem
2993 3409 3413 3484 contrarium;

1849 3505 1930 3566 ad
1956 3504 2410 3568 studiositatem
2438 3521 2585 3566 vero
2614 3505 2881 3584 pertinet
2908 3503 3203 3582 obligatio
3242 3500 3419 3562 adhi-

1850 3599 2040 3660 bendi
2069 3598 2457 3677 diligentiam
2500 3597 2581 3658 ad
2610 3597 2929 3662 sciendum
2970 3614 3045 3657 ea
3076 3613 3217 3677 quae
3239 3595 3318 3656 ad
3346 3593 3421 3654 fi-

1851 3690 1995 3754 dem
2026 3691 2379 3770 pertinent3
2411 3695 2597 3770 atque
2626 3691 2739 3766 ita,
2782 3689 2928 3751 licet
2959 3688 3113 3750 fides
3138 3686 3419 3748 formali-

1851 3791 1946 3846 ter
1994 3786 2075 3845 sit
2124 3787 2319 3848 virtus
2360 3785 2734 3862 intellectus,
2782 3789 3088 3864 quatenus
3144 3798 3286 3844 vero
3326 3787 3419 3842 est

1853 3885 2023 3940 actus
2053 3878 2208 3941 liber
2228 3879 2295 3940 in
2315 3879 2607 3942 exercitio
2634 3883 2697 3940 et
2724 3877 3206 3958 specificatione,
3225 3891 3420 3955 capax

1853 3978 1943 4034 est
1970 3971 2205 4052 proprii
2249 3972 2540 4054 praecepti
2566 3971 2931 4045 formaliter,
2963 3975 3033 4032 ut
3061 3970 3146 4032 sic
3188 3967 3413 4042 dicam,

1845 4065 2213 4144 pertinentis
2246 4066 2327 4128 ad
2381 4066 2677 4128 virtutem
2716 4063 3075 4141 voluntatis,
3106 4067 3177 4124 ut
3222 4059 3417 4142 expli-

1845 4170 2055 4218 catum
2082 4163 2194 4220 est.

2072 4255 2089 4282 t

2462 4385 2677 4438 SEcho
2712 4385 2796 4438 m.

1854 4567 2123 4642 Quarum
2150 4585 2353 4632 rmum
2371 4571 2523 4650 fides
2548 4571 2741 4651 sum-it
2758 4570 2827 4631 in
2853 4573 3152 4650 pra-cepto
3179 4567 3246 4631 in
3290 4565 3417 4649 layo

2352 4669 2596 4728 natum·
2618 4669 2678 4727 et
2698 4664 2885 4727 veteri
2893 4709 2906 4723 .

1937 4907 1996 4966 1.
2044 4903 2313 4978 Quaestio
2332 4901 2465 4964 haec
2494 4903 2626 4966 fere
2654 4903 2957 4984 explicata
2982 4908 3079 4964 est
3102 4902 3173 4964 in
3208 4901 3419 4981 dispu-

1847 4997 2083 5059 tatione
2139 4996 2545 5076 praeeedenti3
2605 5003 2817 5058 tamen
2874 4997 3025 5077 quia
3070 4993 3420 5076 specialiter

1847 5089 2017 5154 illam
2060 5089 2268 5168 attigit
2294 5090 2365 5153 D.
2398 5089 2691 5167 Thomas,
2723 5094 2784 5152 2.
2814 5095 2879 5168 2,
2906 5095 3126 5170 quaest.
3163 5089 3261 5164 16,
3294 5093 3413 5148 art.

1849 5187 1907 5258 1,
1939 5190 2003 5246 et
2028 5184 2175 5264 quia
2220 5182 2700 5245 fundamentum
2748 5201 2876 5244 esse
2928 5188 3129 5262 potest
3174 5197 3415 5256 eorum,

1845 5295 1985 5357 quae
2025 5278 2093 5336 in
2140 5277 2407 5338 sectione
2454 5276 2735 5355 sequenti
2762 5275 3027 5337 dicenda
3063 5280 3233 5350 sunt,
3258 5279 3321 5336 et
3345 5278 3419 5332 ut

1845 5371 2095 5449 integra
2160 5368 2445 5430 doctrina
2514 5369 2799 5430 omnium
2869 5367 3178 5428 habeatur
3210 5411 3229 5441 ,
3274 5381 3417 5428 cam

1845 5463 2117 5524 breviter
2170 5461 2589 5541 expediemus.
3132 5515 3137 5525 ,

1903 5559 1964 5617 2.
1992 5554 2211 5618 Prima
2228 5551 2486 5618 assertio
2512 5580 2532 5614 .·
2548 5558 2917 5636 paeceptum
2936 5553 3209 5618 credendi
3224 5553 3417 5614 Deum
