3900 6217
479 486 628 540 sset.
663 485 744 537 vl.
781 485 862 536 AN
897 483 1226 537 onucsslo
1259 481 1576 535 PnAEcnvn
1611 481 1774 536 Fmsst
1807 481 1906 536 sn·
1938 485 2221 547 AEQUAMS
2255 487 2317 538 m
2348 485 2615 538 ommes
2648 487 2685 538 1²
2688 485 2983 542 mannus.

213 597 266 657 ad
309 593 448 654 illum
485 592 670 647 artum
728 584 838 664 qui
891 585 1168 645 consistit
1217 584 1285 644 in
1320 583 1664 663 apprehen-

209 691 332 750 sione
350 729 364 756 ,
398 699 486 742 seu
523 676 924 758 applicatione
961 676 1227 755 objecti,
1262 682 1325 738 et
1365 677 1508 737 ideo
1549 677 1667 736 im-

209 780 406 842 mediate
426 771 634 848 ohligat
659 769 778 831 hoc
814 775 1190 850 praeceptum
1225 771 1304 831 ad
1348 787 1485 831 eam
1527 770 1668 830 dili-

203 871 411 952 gentiam
453 863 801 932 faciendam
845 879 982 942 quae
1035 863 1298 924 suffic-iat
1332 863 1412 923 ad
1459 863 1666 942 aequi-

203 963 366 1026 rendas
387 965 440 1019 et
463 957 532 1016 ad
564 955 916 1018 retinendas
943 955 1170 1035 species
1197 956 1416 1017 talium
1455 973 1664 1017 rerum

197 1063 276 1118 ant
314 1052 617 1112 verborum.
663 1049 754 1108 Ad
803 1049 963 1110 hanc
1011 1054 1224 1108 autem
1273 1047 1663 1126 diligentiam

197 1149 437 1222 obligatur
476 1144 652 1204 bomo
703 1159 892 1220 quam
937 1141 1210 1219 primum
1261 1146 1482 1221 potest,
1515 1141 1664 1220 quia

193 1247 260 1302 est
297 1236 580 1298 neccssaria
619 1234 698 1294 ad
743 1251 995 1294 omnem
1047 1251 1232 1294 usum
1277 1232 1422 1294 fidei
1439 1251 1460 1312 ;
1501 1239 1665 1313 post·

193 1350 334 1413 quam
369 1347 498 1390 vero
536 1328 722 1387 homo
769 1325 1093 1404 acquisivit
1135 1325 1296 1386 hanc
1345 1327 1663 1401 notitiam,

191 1423 436 1486 tenebitur
469 1425 668 1500 postea
707 1417 946 1498 aliquos
986 1423 1162 1478 actus
1199 1418 1511 1480 interdum
1553 1418 1668 1480 ite-

189 1535 308 1586 rare,
335 1524 609 1592 quantum
651 1511 746 1572 illi
775 1511 1188 1572 necessarium
1217 1511 1429 1587 fuerit,
1461 1530 1541 1573 ne
1569 1529 1668 1574 res

186 1609 276 1670 ill-‘e
311 1605 574 1667 memoria
615 1604 922 1665 excidant.
955 1603 1130 1664 Unde
1165 1602 1238 1664 fit
1259 1609 1330 1664 ut
1355 1603 1498 1665 talis
1517 1604 1670 1665 obli-

183 1702 310 1779 gatio
347 1715 455 1758 non
505 1697 584 1757 sit
636 1695 890 1776 oequalis
933 1697 1002 1756 in
1043 1695 1357 1772 omnibus,
1387 1697 1493 1758 sed
1539 1710 1668 1758 esse

181 1793 356 1872 poterit
391 1791 578 1869 major
613 1789 716 1850 vel
753 1789 982 1864 minor,
1021 1805 1130 1850 seu
1172 1787 1558 1868 frequentior
1597 1789 1667 1850 in

181 1901 273 1944 uno
305 1899 470 1961 quam
497 1883 562 1942 in
609 1881 755 1959 alio,
792 1882 974 1960 juxta
1007 1882 1308 1961 cujusque
1357 1883 1662 1961 capacita-

179 1983 272 2038 tem
307 1983 360 2037 et
381 1975 813 2037 necessitatem.

712 2203 927 2257 SEC'I'IO
959 2203 1037 2256 vt.

177 2389 346 2454 Utrum
388 2384 667 2467 obliffatio
723 2386 909 2469 hujus
957 2385 1250 2470 proeoepti
1288 2386 1374 2449 sit
1413 2385 1664 2468 aequalis

526 2481 596 2541 in
641 2482 911 2543 omnibus
950 2479 1248 2557 fidelibus.

229 2727 272 2782 1.
309 2722 590 2804 Proeoopti
635 2721 912 2803 negativi
950 2720 1232 2802 obliquato
1279 2719 1530 2802 aequalis
1577 2725 1668 2784 cst

165 2818 212 2876 in
249 2815 510 2878 omnibus.
535 2849 614 2862 —
637 2815 901 2877 Materia
926 2815 1114 2894 hujus
1137 2812 1564 2888 dubitationiS,
1593 2820 1667 2874 ut

173 2931 224 2970 ex
247 2913 350 2990 ejus
379 2911 656 2972 discursu
691 2911 1019 2986 constabit,
1049 2929 1176 2970 non
1203 2914 1294 2971 est
1321 2909 1508 2988 hujus
1544 2908 1664 2970 loci

171 3005 373 3083 propria,
405 3005 509 3065 sed
537 3004 618 3066 ad
667 3005 993 3065 materiam
1041 3004 1117 3064 de
1171 3001 1428 3064 statibus
1469 3001 1666 3080 magis

165 3101 369 3174 pertinet
400 3115 420 3176 3
447 3104 684 3172 tamen,
733 3099 883 3176 quia
907 3097 1108 3158 caeteri
1153 3097 1442 3157 Doctores
1490 3093 1664 3156 illam

157 3189 232 3249 hie
261 3193 584 3271 attingunt,
617 3197 685 3252 et
717 3199 812 3252 est
852 3189 1130 3266 moralis,
1161 3206 1422 3268 raroque
1447 3188 1524 3248 de
1547 3194 1666 3248 sta-

157 3283 285 3344 tibus
323 3285 382 3344 in
423 3284 652 3346 scholis
705 3289 1002 3345 tractatur
1017 3328 1040 3359 ,
1090 3282 1447 3345 brevissime
1495 3279 1668 3341 illam

149 3377 526 3456 expediemus.
595 3378 1022 3458 Supponimus
1093 3383 1305 3438 autem
1357 3392 1483 3437 non
1539 3393 1668 3438 esse

147 3487 442 3532 sermonem
469 3473 550 3534 de
577 3471 964 3550 obligatione
992 3471 1284 3550 negativa
1325 3487 1434 3532 seu
1461 3472 1666 3550 priva-

143 3562 242 3621 tiva
286 3563 464 3642 hujus
517 3567 864 3646 praecepti3
923 3581 1072 3625 nam
1117 3565 1250 3624 haec
1294 3564 1428 3626 sine
1473 3564 1664 3626 dubio

143 3653 202 3712 de
241 3673 296 3715 se
341 3657 598 3736 aequalis
649 3663 748 3718 est
795 3655 1090 3718 omnibus
1139 3656 1471 3733 fidelibus3
1513 3675 1661 3718 nam

141 3763 316 3809 omnes
357 3755 650 3812 tenentur
697 3749 922 3829 (equali
967 3749 1342 3810 certitudine
1387 3750 1659 3824 credere,

141 3857 249 3916 quae
283 3861 524 3904 omnem
577 3843 1041 3904 dubitationem
1107 3841 1507 3902 deliberatam
1556 3859 1663 3903 ex-

139 3931 324 4010 cludat,
355 3941 416 3996 et
441 3935 774 4016 aequaliter
793 3941 1086 3997 tenentur
1111 3953 1364 3996 omnem
1391 3953 1664 3997 errorem

137 4031 312 4086 contra
348 4027 535 4089 fidem
587 4045 833 4090 cavere.
875 4030 1022 4090 Dico
1055 4035 1287 4103 autem,
1317 4027 1660 4108 oequaliter,

137 4127 396 4194 quantum
424 4122 502 4182 ad
535 4121 953 4184 substantiam
994 4121 1392 4200 obligationis
1421 4126 1482 4181 et
1512 4139 1664 4200 prae·

132 4213 301 4290 cepti3
339 4203 484 4276 iiam
549 4216 766 4297 quoad
831 4215 1345 4288 circumstantias,
1423 4215 1664 4276 ratione

131 4303 284 4365 officii
309 4307 402 4367 vel
431 4309 766 4386 doetrinae,
805 4309 1032 4390 poterit
1073 4325 1204 4370 esse
1249 4309 1314 4368 in
1355 4323 1483 4368 uno
1523 4325 1665 4386 gra-

131 4396 238 4456 vior
279 4400 600 4478 obligatio,
632 4417 826 4484 quam
872 4403 944 4462 in
989 4400 1135 4462 alio.
1175 4401 1328 4460 Item
1387 4417 1512 4460 non
1571 4405 1666 4460 est

131 4493 348 4564 qnaestio
373 4494 450 4554 de
463 4494 856 4573 obligatione
876 4494 1052 4574 quasi
1077 4493 1498 4574 hypothetica,
1513 4509 1659 4572 qna,

131 4585 398 4660 supposita
422 4586 772 4648 sufficiente
795 4587 1209 4666 propositione
1253 4585 1424 4660 fidei,
1458 4585 1664 4646 crede-

131 4689 178 4732 re
201 4681 488 4740 tenemur.
511 4681 679 4742 Nam
706 4680 837 4742 haec
852 4680 1110 4758 oligatio
1130 4679 1319 4740 etiam
1334 4684 1430 4740 est
1445 4678 1663 4739 eadem

131 4765 176 4826 in
217 4772 497 4833 omnibus
533 4817 558 4849 ,
627 4774 916 4852 quamvis
957 4773 1024 4832 in
1075 4773 1206 4851 ipsa
1247 4770 1664 4852 propositione

131 4864 281 4936 possit
316 4882 442 4926 esse
471 4865 893 4946 inaequalitas,
925 4866 1178 4944 quando
1219 4864 1328 4924 uni
1359 4863 1538 4943 plura
1563 4879 1664 4924 re-

131 4952 376 5017 velantur
411 4975 525 5018 seu
575 4967 1031 5040 proponuntur,
1077 4973 1264 5036 qnam
1305 4957 1507 5018 alteri.
1554 4957 1664 5018 So-

131 5042 234 5104 lum
261 5065 402 5126 ergo
431 5057 720 5130 superest
761 5051 1020 5130 quaestio
1045 5050 1124 5110 de
1162 5049 1540 5126 obligatione
1584 5050 1664 5110 ad

131 5135 443 5201 habendam
485 5148 554 5202 et
591 5141 1050 5222 procurandam
1093 5144 1382 5204 notitiam
1419 5141 1667 5222 explici·

131 5235 228 5288 *am
269 5235 710 5310 mysteriorum
759 5233 924 5295 fidei.
1147 5246 1156 5254 ’

181 5325 235 5384 2.
263 5325 465 5388 Error
493 5328 944 5391 koeroticormn.
959 5327 1291 5393 -Galvini
1313 5329 1666 5404 mauman·

131 5417 246 5476 tum.
263 5447 342 5462 -—
363 5419 432 5478 In
461 5437 596 5498 quo
626 5426 853 5499 puncto
882 5421 1101 5482 referri
1132 5428 1332 5502 potest
1355 5421 1665 5501 imprimis

131 5525 265 5568 error
291 5509 738 5572 hereticorum
763 5511 950 5592 hujus
975 5515 1294 5594 temporie,
1319 5513 1665 5575 dicentium

131 5603 432 5680 {uemlibet
478 5603 797 5682 fidelium,
849 5609 1247 5688 qutmtumvis
1291 5606 1658 5686 simplicem,

3184 483 3305 544 379

1745 589 1806 644 et
1830 584 2086 662 laicum,
2118 587 2316 648 teneri
2367 585 2445 647 ad
2484 587 2731 648 scienda
2754 589 2965 648 omnia
3012 590 3307 668 mysteria

1743 677 1913 752 fidei,
1972 683 2035 740 et
2074 681 2153 740 ad
2208 681 2537 760 legendam
2592 683 2999 762 Scripturam,
3048 690 3120 743 ut
3162 683 3306 745 inde

1745 771 1936 850 possit
1956 773 2303 853 intelligere
2322 786 2463 854 quae
2489 775 2606 836 sibi
2634 776 2939 837 credenda
2958 777 3101 837 sint.
3128 777 3306 841 Unde

1745 863 2036 928 Calvinus
2100 866 2400 928 irridebat
2456 867 2911 930 distinctionem
2966 871 3307 950 Theologo-

1743 973 1910 1032 rum,
1935 977 2060 1037 qua
2082 961 2178 1020 usi
2208 977 2419 1020 sumus
2446 959 2525 1021 de
2548 961 2669 1022 fide
2698 960 2985 1041 explicita
3014 970 3075 1024 et
3102 965 3309 1044 impli-

1743 1053 1886 1124 cita,
1913 1055 2061 1133 quia
2082 1053 2270 1115 fidem
2298 1054 2663 1134 implicitam
2686 1056 2928 1118 dicebat
2949 1059 3151 1138 potius
3176 1077 3306 1121 esse

1741 1144 2163 1223 ignorantium
2178 1148 2535 1226 quamdam,
2562 1149 2823 1228 ideoque
2846 1151 3005 1211 nihil
3026 1151 3306 1212 conferre

1745 1238 1824 1298 ad
1850 1239 2136 1300 salutem.
2163 1241 2251 1300 Ita
2284 1239 2472 1300 refert
2494 1241 2821 1320 Gregorius
2841 1243 2916 1302 de
2938 1243 3211 1318 Valent„
3238 1243 3309 1304 in

1747 1347 1860 1391 suo
1887 1331 2073 1392 tertio
2120 1337 2271 1392 tom.
2281 1377 2302 1407 ,
2331 1333 2487 1414 disp.
2543 1337 2601 1409 1,
2637 1341 2855 1414 quaest.
2892 1338 2955 1411 2,
3004 1343 3215 1416 punct.
3244 1337 3304 1398 3.

1747 1423 2187 1486 Verumtamen
2208 1425 2275 1486 hi
2304 1426 2573 1488 haeretici
2602 1427 2930 1508 imponunt
2950 1428 3308 1491 hominibus

1747 1533 1906 1578 onus
1951 1517 2367 1598 importabile,
2398 1525 2461 1580 et
2504 1520 2831 1582 destruunt
2856 1519 3067 1597 fidem,
3096 1529 3309 1600 qnate-

1747 1625 1868 1670 nus
1889 1627 2404 1692 unumquemque
2422 1612 2742 1674 hominem
2764 1613 3003 1674 faciunt
3026 1613 3308 1691 regulam

1745 1718 1874 1764 suae
1897 1703 2068 1778 fidei,
2100 1704 2267 1783 quod
2289 1703 2438 1764 alibi
2460 1723 2499 1766 a
2526 1705 2705 1766 nobis
2728 1704 3163 1784 impugnatum
3191 1719 3304 1768 est.

1827 1799 1885 1859 3.
1931 1796 2207 1860 Assertio
2238 1799 2573 1862 catholica:
2614 1805 2987 1880 proeceptum
3023 1802 3166 1881 fidei
3207 1819 3309 1863 etv-

1739 1891 1974 1973 plicitoe
2014 1907 2134 1951 noos
2171 1908 2370 1954 omnes
2410 1907 2571 1974 (eque
2620 1892 2864 1974 oblique.
2910 1925 2991 1939 --
3028 1893 3120 1954 Sit
3158 1911 3309 1971 ergo

1745 1991 1985 2044 certum
2028 2001 2157 2044 non
2208 2001 2428 2044 omnes
2478 1983 2690 2045 fideles
2736 1985 2934 2046 teneri
2988 1986 3309 2065 aequaliter

1745 2076 1822 2136 ad
1862 2075 2217 2154 explicitam
2262 2077 2549 2138 notitiam
2578 2077 2723 2138 fidei
2760 2077 3134 2138 habendam.
3180 2079 3310 2139 Hoc

1746 2175 1915 2247 patet
1964 2168 2187 2246 primo,
2234 2169 2383 2248 qnia
2430 2169 2656 2229 nullibi
2707 2170 2773 2229 in
2815 2170 3131 2250 Scriptura
3169 2171 3308 2231 talis

1743 2261 2045 2338 obligatio
2102 2261 2443 2340 imponitur
2486 2262 2777 2323 omnibus
2826 2261 3140 2336 fidelibus,
3200 2263 3307 2324 sed

1746 2354 1944 2414 solum
1978 2353 2082 2414 illa
2110 2371 2299 2433 quam
2326 2355 2392 2414 in
2420 2355 2839 2434 superioribus
2877 2355 3304 2435 explicuimus,

1745 2452 1817 2506 ut
1845 2465 1922 2507 ex
1950 2446 2107 2507 locis
2134 2446 2367 2507 ibidem
2396 2446 2677 2526 allegatis
2704 2455 2961 2510 cdnstat.
2997 2449 3304 2523 Secundo,

1745 2539 1911 2600 idem
1954 2539 2272 2620 probatur,
2299 2541 2447 2618 quia
2493 2559 2617 2601 non
2642 2541 2853 2602 omnia
2890 2541 3170 2603 membra
3198 2541 3309 2602 Ec·

1747 2632 1944 2693 clesioe
1968 2639 2111 2692 sunt
2136 2633 2422 2712 aequalia,
2459 2640 2528 2695 ut
2556 2634 2715 2695 dixit
2742 2635 2983 2709 Paulus,
3014 2635 3095 2695 ad
3124 2636 3302 2697 Rom.

1749 2728 1827 2786 12
1848 2745 1860 2786 :
1888 2723 2033 2790 Non
2052 2724 2253 2787 mnia
2268 2728 2529 2790 membra
2550 2729 2809 2791 eumdem
2831 2732 3041 2790 actum
3070 2729 3304 2792 habent.

1745 2818 1914 2882 Nam
1946 2821 2005 2881 si
2033 2824 2225 2882 cotum
2254 2819 2503 2898 (inquit)
2528 2837 2744 2902 eorpus
2771 2827 2923 2885 esset
2952 2822 3179 2895 oculus,
3204 2821 3309 2884 ubi

1746 2917 1903 2990 essct
1915 2913 2161 2975 auditus
2176 2913 2205 2972 ,ἓ
2234 2931 2305 2974 ac
2331 2913 2383 2972 si
2406 2913 2636 2974 diceret
2652 2932 2778 2974 non
2792 2915 3004 2975 omnia
3026 2914 3309 2976 membra

1745 3004 2029 3067 Ecclesiae
2052 3005 2313 3084 obligari
2328 3005 2407 3065 ad
2424 3006 2744 3084 aequaliter
2760 3007 3097 3068 videndum
3118 3026 3132 3078 ;
3158 3023 3309 3084 ergo

1745 3117 1948 3180 neque
1972 3115 2186 3159 omnes
2215 3098 2570 3176 obligantur
2601 3099 2679 3158 ad
2710 3099 3008 3178 oequalem
3035 3099 3177 3160 fidei
3198 3117 3309 3162 no·

1745 3195 1974 3254 titiam.
2008 3193 2239 3268 Tertio,
2270 3192 2418 3252 hinc
2456 3192 2614 3253 dixit
2654 3194 3057 3270 Augustiana,
3092 3200 3311 3254 contra

1749 3285 2083 3365 Epistolam
2106 3285 2541 3360 Fundamenti‚
2572 3304 2626 3346 e.
2657 3287 2727 3346 4:
2762 3285 3309 3367 Mbamfidelium

1747 3397 1868 3441 non
1891 3376 2272 3462 intelliqendi
2292 3376 2610 3451 vivacitas,
2640 3381 2751 3441 sod
2770 3379 3044 3442 credendi
3072 3379 3311 3461 simpli-

1745 3471 1902 3535 citas
1925 3470 2307 3534 notissimam
2346 3471 2541 3550 facin
2580 3477 2643 3532 et
2692 3471 2757 3530 in
2782 3470 2889 3533 lib.
2942 3471 3021 3532 de
3060 3471 3209 3532 Fide
3246 3477 3310 3532 et

1743 3564 2061 3645 Symbolo,
2094 3583 2147 3625 c.
2184 3567 2247 3639 1,
2288 3565 2437 3624 dicit
2468 3565 2537 3624 in
2562 3563 2673 3624 illo
2704 3563 3005 3625 contineri
3036 3563 3143 3624 illa
3168 3581 3309 3642 quoe

1743 3659 1890 3719 satis
1914 3665 2060 3718 sunt
2078 3657 2511 3736 insipientibus
2528 3662 2592 3717 et
2616 3656 2911 3734 rudibus;
2933 3657 3099 3736 quod
3118 3658 3306 3718 etiam

1745 3753 1903 3812 dixit
1921 3751 2189 3831 cyrillus
2210 3749 2829 3830 Hierosolymitanus‚
2856 3750 3090 3812 catech.
3118 3752 3178 3825 5,
3200 3749 3309 3810 ad-

1743 3845 1918 3920 denS,
1969 3850 2031 3905 et
2063 3844 2307 3920 merit0,
2340 3861 2465 3902 non
2496 3859 2669 3922 posse
2694 3859 2909 3903 omnes
2942 3841 3152 3904 fideles
3178 3859 3309 3904 esse

1743 3937 1811 3999 in
1839 3937 2173 4017 scripturis
2194 3944 2487 3997 versatos.
2514 3937 2619 3996 Est
2641 3935 2828 3996 etiam
2850 3933 3019 4015 apud
3042 3934 3309 3997 scholas·

1743 4033 1898 4092 ticos
1925 4031 2005 4091 de
2040 4031 2157 4092 hac
2182 4030 2439 4090 veritate
2466 4027 2724 4090 celebris
2760 4029 3040 4091 doctrina
3078 4030 3307 4107 Grego—

1742 4125 1844 4200 rii,
1876 4125 1941 4185 in
1970 4127 2008 4186 2
2038 4123 2280 4198 Moral„
2314 4139 2447 4202 cap.
2490 4123 2592 4195 25,
2640 4121 2799 4182 circa
2830 4121 2939 4182 illa
2964 4121 3155 4184 verba
3188 4121 3306 4184 Job

1745 4221 1775 4277 1
1807 4235 1823 4276 z
1860 4217 2055 4280 Boves
2090 4217 2370 4288 arabant,
2411 4221 2466 4278 ct
2490 4215 2682 4277 asem
2695 4215 3309 4297 pascebanturjuoeta

1744 4329 1842 4372 eor
1857 4335 1884 4383 ;
1927 4309 2040 4370 ubi
2066 4327 2179 4390 per
2216 4308 2405 4368 boves
2450 4307 2604 4368 dicit
2628 4307 2963 4386 significari
2992 4307 3318 4370 ministros

1743 4403 2055 4476 Ecclesiae,
2110 4419 2221 4482 per
2276 4401 2483 4461 asinos
2536 4417 2683 4462 vero
2727 4415 3121 4462 communem
3176 4401 3309 4481 ple·

1744 4494 1925 4572 bem3
1956 4501 2019 4556 et
2046 4494 2121 4554 ad
2146 4494 2459 4555 ministros
2481 4493 2632 4555 dicit
2661 4494 2968 4574 pertinere
2984 4493 3309 4574 perfectio-

1743 4605 1890 4648 nem
1919 4587 2065 4648 fidei
2096 4593 2156 4648 et
2184 4587 2503 4660 doctrinas,
2534 4587 2612 4646 ad
2642 4585 2951 4667 simplices
2978 4604 3125 4647 vero
3159 4585 3310 4648 flde-

1744 4680 1832 4741 les
1875 4680 2044 4760 pasci
2076 4697 2153 4741 ex
2206 4697 2419 4742 eorum
2452 4679 2755 4741 doctrina.
2773 4696 2799 4712 ·
2815 4679 2993 4741 Ratio
3042 4679 3310 4759 denique

1743 4779 1836 4833 est
1867 4773 2213 4846 manifesta,
2253 4773 2400 4851 quia
2432 4773 2781 4834 communis
2807 4771 2980 4852 plebs
3026 4772 3310 4834 fidelium

1743 4851 1947 4946 neque
1977 4873 2071 4927 est
2096 4883 2289 4946 capax
2313 4865 2599 4946 perfectae
2624 4863 3057 4944 intelligentias
3078 4870 3309 4945 myste-

1741 4961 1978 5020 riorum
2024 4959 2191 5034 fidei,
2224 4975 2421 5036 neque
2448 4975 2564 5038 per
2600 4973 2667 5018 se
2696 4965 2897 5036 potest
2924 4957 3309 5036 scripturam

1745 5051 2117 5130 intelligere,
2166 5057 2279 5111 aut
2311 5052 2445 5130 ejus
2488 5051 2695 5111 studio
2730 5067 2973 5112 vacare.
3031 5051 3205 5111 Unde
3231 5067 3311 5110 ex

1745 5145 2057 5205 contrario
2084 5161 2295 5204 errore
2318 5143 2565 5204 infinita
2600 5143 2883 5204 confusio
2910 5149 2975 5202 et
3013 5142 3310 5204 dissensio

1745 5237 1908 5297 inter
1929 5237 2099 5317 ‘ipsos
2128 5236 2343 5297 fideles
2370 5237 2659 5310 oriretur,
2692 5241 2763 5296 ut
2791 5236 2856 5295 in
2882 5235 3035 5315 ipsis
3060 5235 3311 5297 hoereti-

1747 5329 1838 5389 cis
1855 5329 2006 5391 satis
2034 5329 2241 5389 docuit
2264 5327 2669 5408 experientia.

1823 5424 1886 5481 4.
1932 5419 2035 5484 Aa
2055 5436 2237 5503 quam
2272 5422 2417 5499 fidei
2444 5419 2729 5484 notitiam
2760 5426 3081 5485 {mountm-
3106 5419 3313 5502 fideles

1743 5513 1888 5577 laici
1916 5531 1992 5576 em
2009 5520 2331 5596 proeeepto.
2349 5547 2433 5560 --
2452 5516 2561 5577 Aa
2574 5515 3035 5592 fundamentum
3068 5512 3311 5578 Calvisi

1740 5607 1810 5670 in
1842 5623 1906 5669 π.
1949 5609 2009 5670 2.
2054 5635 2137 5654 ··-
2175 5607 2283 5669 Est
2326 5623 2477 5686 ergo
2514 5607 2771 5668 assertio
2812 5603 3143 5682 Catholica,
3182 5621 3311 5666 non
