3900 6217
568 404 738 460 SECT.
775 407 856 460 IV.
893 403 974 459 AN
1009 406 1149 460 com
1183 402 1435 459 Possim·
1468 398 1792 458 INFIDELES
1824 398 1908 458 Ab
1943 394 2344 459 DEPONENDOS
2377 408 2673 469 ERRORE&
2710 410 2845 461 ETC.

165 518 298 579 libus
327 508 416 571 vel
456 505 710 569 subditis
747 505 1192 585 temporaliter,
1239 502 1336 566 vel
1364 522 1491 565 non
1527 502 1670 565 sub-

168 610 280 673 ditis
311 600 590 677 Ecclesiae,
621 618 730 661 seu
757 599 1139 680 principibus
1159 598 1531 660 christianis

227 706 276 763 2.
302 698 496 761 Prima
522 694 840 768 sententia,
863 694 1045 756 etiam
1067 693 1135 755 da
1155 710 1270 753 non
1296 689 1556 754 subditis
1577 695 1670 768 as-

162 782 1421 877 firmat.—Fundame·ntum.—Oonfirmatwr
1439 783 1661 863 primo.

165 922 226 937 -
251 884 512 950 Secundo.
542 913 623 926 —
651 880 876 943 Tertio.
901 913 981 925 —
1011 880 1187 939 Circa
1212 896 1338 939 non
1367 877 1663 951 subditoS,

167 983 324 1059 Major
339 984 392 1039 et
421 975 752 1057 Sepulveda
787 992 972 1055 supra
1013 978 1455 1053 consequenter
1489 972 1666 1033 dixe-

165 1082 283 1138 runt
317 1070 562 1151 gentiles
613 1069 968 1130 idololatras
1009 1068 1147 1147 cogi
1201 1084 1382 1148 posse
1432 1065 1512 1126 ab
1555 1068 1664 1125 Ec-

165 1168 329 1241 clesia,
357 1170 420 1223 ut
451 1180 644 1223 unum
685 1162 882 1222 Deum
913 1160 1138 1235 colant,
1171 1168 1232 1222 et
1276 1161 1432 1221 ritus
1471 1158 1669 1219 idolo-

163 1262 317 1323 latriae
374 1256 742 1336 relinquant,
789 1254 956 1335 quod
1005 1254 1060 1315 si
1097 1254 1434 1330 noluerint,
1493 1270 1667 1334 posse

78 1338 81 1349 ¹
165 1358 286 1435 juste
317 1350 534 1432 puniri,
587 1354 650 1409 et
702 1348 989 1409 libertate
1039 1353 1102 1408 et
1161 1348 1368 1427 regnis
1407 1348 1664 1427 privari.

165 1446 608 1509 Fundamentum
650 1458 780 1502 esse
835 1446 1067 1520 potest,
1122 1439 1268 1520 quia
1321 1438 1666 1521 respublica

167 1536 448 1601 christiana
459 1542 658 1615 potest
681 1533 1008 1596 defendere
1029 1532 1310 1595 divinum
1338 1533 1662 1608 honorem,

165 1640 210 1695 et
257 1628 644 1710 blasphemias
707 1634 924 1689 contra
974 1627 1167 1688 Deum
1217 1626 1558 1707 impedire,
1599 1645 1670 1687 ac

167 1724 422 1787 vindicare
451 1744 468 1797 ς
529 1721 641 1783 sed
694 1720 1044 1783 idololatria
1097 1727 1188 1781 est
1255 1739 1485 1799 magna
1562 1721 1668 1781 Dei

169 1819 370 1898 injuria,
393 1822 450 1877 et
468 1813 884 1895 blasphemias
901 1819 1114 1874 contra
1135 1812 1342 1892 ipsum
1369 1814 1667 1885 continet,

166 1924 216 1975 nt
237 1910 396 1973 tradit
419 1910 603 1971 Divus
631 1906 902 1969 Thomas
955 1909 1016 1968 2.
1061 1909 1121 1979 2,
1150 1913 1365 1987 quaest.
1421 1908 1524 1981 94,
1574 1925 1670 1968 ar-

167 2006 308 2069 ticulo
343 2004 539 2077 tertie,
594 2002 672 2063 ad
725 2004 748 2063 4
787 2016 806 2079 ;
857 2018 1028 2079 ergo,
1071 2008 1188 2061 etc.
1233 2002 1427 2079 Major
1480 2001 1671 2060 etiam

168 2101 376 2161 sumitur
427 2115 498 2158 ex
551 2096 702 2157 divo
745 2095 985 2155 Thoma
1012 2141 1030 2170 ,
1081 2094 1261 2169 ibid„
1327 2095 1669 2174 quaestione

166 2194 371 2267 decima,
387 2190 650 2252 articulo
671 2188 709 2249 8
733 2196 797 2250 et
832 2192 892 2251 >ll
907 2236 926 2265 ,
957 2189 1065 2248 uhi
1089 2187 1433 2267 specialiter
1456 2188 1670 2248 asserit

167 2306 296 2369 posse
329 2288 448 2364 cogi
499 2284 785 2345 infideles
829 2301 910 2343 ne
951 2300 1181 2357 nomen
1229 2281 1337 2341 Dei
1382 2278 1670 2359 blasphe-

170 2388 313 2443 ment.
371 2379 626 2441 Ratione
681 2376 831 2438 item
897 2374 1193 2453 probatur
1219 2420 1237 2447 ,
1303 2373 1450 2453 quia
1506 2390 1669 2433 unus

173 2476 308 2533 homo
355 2476 542 2551 potest
584 2469 758 2530 licite
819 2466 1150 2528 defendere
1213 2466 1517 2527 honorem
1568 2472 1677 2526 aut

176 2568 319 2625 utam
392 2562 647 2624 alterius
696 2583 709 2621 ε
788 2578 937 2640 ergo
1003 2559 1198 2620 multo
1277 2559 1475 2637 magis
1543 2559 1671 2620 Dei.

175 2656 527 2721 confirmatur
587 2656 820 2735 prim0,
867 2652 1016 2734 quia
1053 2652 1104 2713 si
1142 2651 1404 2729 gentiles
1444 2650 1678 2713 sacrifi-

173 2758 275 2813 cent
295 2750 556 2811 homines
589 2748 697 2809 vel
745 2746 1014 2809 infantes
1059 2748 1187 2807 Diis
1231 2746 1381 2821 suis,
1419 2752 1678 2825 possunt

181 2846 281 2923 cogi
315 2864 384 2905 ne
424 2844 484 2905 id
523 2842 786 2918 faciant,
826 2842 1044 2903 saltem
1074 2847 1328 2920 propter
1377 2839 1677 2901 defensio-

180 2956 286 2997 nem
313 2939 748 3009 innocentum3
793 2952 940 3013 ergo
971 2934 1137 2995 idem
1181 2934 1384 2996 facere
1425 2939 1678 3013 possunt

180 3031 412 3110 principes
443 3028 774 3092 christiani
813 3032 1091 3107 respectu
1137 3044 1668 3107 quorumcumque

173 3123 454 3200 gentilium,
487 3126 748 3203 propter
777 3120 1199 3182 defensionem
1257 3120 1507 3181 honoris
1539 3120 1660 3179 Dei.

169 3216 510 3277 confirmatur
532 3214 834 3287 secundo,
859 3214 1008 3294 quia
1027 3213 1290 3273 Romani
1312 3212 1665 3286 laudantur,

171 3328 224 3371 eo
265 3309 402 3389 quod
451 3314 676 3388 gentes
729 3306 1020 3369 barbaras
1083 3306 1200 3367 sibi
1269 3305 1664 3384 subjecerint,

171 3412 218 3463 ut
231 3404 290 3463 ad
309 3403 572 3464 meliores
601 3418 810 3461 mores
831 3398 968 3461 illas
999 3404 1382 3473 revocarent,
1405 3406 1474 3459 ut
1499 3403 1670 3478 patet

173 3515 226 3557 ex
247 3496 578 3575 Augustino,
613 3493 728 3553 lib.
763 3496 800 3553 ὃ
821 3493 897 3553 de
925 3492 1133 3567 civit„
1161 3510 1295 3570 cap.
1331 3492 1407 3551 12
1455 3504 1516 3551 ct
1565 3493 1665 3568 ⁴73

171 3598 212 3649 et
231 3591 284 3649 D.
319 3590 564 3662 Thema,
595 3585 744 3647 libr.
766 3588 802 3647 3
831 3586 908 3647 de
933 3585 1255 3663 Regimine
1289 3584 1663 3663 principum,

173 3702 206 3742 c.
239 3686 270 3742 4
311 3690 364 3745 et
411 3678 837 3761 sequentibus.
897 3679 1172 3759 Denique
1239 3676 1662 3753 confirmatur,

171 3778 276 3855 quia
323 3776 588 3857 quaedam
651 3780 865 3853 gentes
927 3779 1072 3832 sunt
1123 3772 1210 3833 ita
1266 3770 1546 3832 barbarae
1605 3777 1668 3833 et

173 3870 341 3949 ineptae
388 3870 462 3933 ad
515 3868 630 3931 Dei
693 3867 1112 3946 cognitionem
1178 3884 1289 3945 per
1370 3882 1434 3926 se
1511 3864 1669 3925 obti-

171 3964 402 4043 nendam,
433 3972 502 4025 ut
542 3962 879 4025 videantur
909 3961 1085 4041 quasi
1113 3978 1151 4019 a
1201 3964 1422 4018 natura
1445 3960 1669 4037 genitae

177 4056 230 4115 ad
261 4060 613 4133 servitutem,
653 4063 727 4115 ut
754 4055 913 4116 dixit
960 4051 1336 4127 Aristotelea,
1395 4055 1417 4113 4
1460 4052 1668 4128 ΡοΙιι.,

178 4168 271 4229 cap.
293 4155 316 4211 4
342 4158 398 4213 et
422 4154 481 4228 33
513 4168 670 4228 ergo
699 4148 800 4209 vel
842 4147 958 4208 hoc
1007 4146 1188 4208 titulo
1233 4146 1368 4225 cogi
1417 4153 1672 4227 possunt

180 4242 419 4304 adversm
443 4242 864 4323 cognitionem
891 4246 954 4301 et
971 4239 1259 4301 honestos
1289 4256 1516 4301 mores.

233 4338 277 4397 3.
305 4338 562 4402 Secunda
588 4342 648 4401 et
675 4354 818 4398 vera
843 4336 1142 4398 sententia
1185 4338 1388 4416 neyat.
1442 4366 1524 4381 —
1575 4334 1673 4395 Ni·

177 4426 448 4493 hilominus
471 4450 618 4493 vera
649 4438 712 4490 et
733 4436 899 4489 certa
926 4428 1231 4489 sententia
1256 4434 1369 4503 est,
1391 4426 1504 4487 hos
1536 4426 1674 4487 infi-

178 4522 300 4585 deles
323 4544 437 4586 non
454 4522 732 4585 subditos
755 4540 868 4603 per
893 4540 955 4582 se
976 4522 1284 4601 loquendo
1328 4538 1451 4580 non
1497 4538 1675 4600 posse

181 4618 277 4693 cogi
295 4620 460 4679 etiam
476 4618 552 4679 ad
583 4634 730 4677 suos
753 4632 988 4675 errores
1016 4612 1114 4674 vel
1139 4614 1297 4674 ritus
1318 4613 1672 4673 mutandos„

183 4708 242 4769 lta
265 4710 458 4773 docent
475 4709 894 4773 communiter
920 4707 1294 4787 expositores
1307 4706 1377 4766 D.
1399 4705 1674 4783 Thomas,

183 4802 228 4861 in
264 4806 314 4865 d.
361 4814 469 4868 art.
510 4812 550 4868 8
610 4812 675 4868 et
719 4808 818 4880 113
879 4812 941 4866 et
993 4805 1180 4883 Cajet.
1231 4806 1291 4865 2.
1345 4804 1407 4880 2,
1464 4822 1524 4883 q.
1571 4804 1674 4879 66,

182 4902 264 4957 art.
297 4901 350 4973 8,
410 4908 468 4962 et
491 4901 748 4975 Victor„
808 4900 975 4960 dicta
1034 4898 1388 4973 relectione,
1445 4918 1507 4961 ιι.
1544 4900 1674 4975 403

181 4990 309 5067 Soto,
331 4994 391 5053 in
408 4998 467 5069 4,
491 4994 634 5055 dist.
662 4996 750 5069 5.,
793 5000 911 5053 art.
956 4995 1056 5070 103
1087 4993 1328 5069 Covar„
1369 4994 1434 5053 in
1460 4991 1678 5071 Regul.

182 5093 385 5164 peccat„
435 5108 493 5169 p.
562 5090 626 5165 2,
678 5086 848 5167 ξιΟ,
890 5106 955 5149 ιι.
1004 5090 1088 5161 3;
1129 5089 1438 5163 Valentia,
1484 5106 1594 5148 suo
1645 5088 1683 5148 3

183 5182 321 5253 tom„
347 5180 492 5261 disp.
527 5185 586 5259 1,
611 5201 670 5261 q.
701 5186 800 5257 40,
832 5188 1043 5261 punct.
1077 5182 1116 5244 7
1138 5198 1160 5258 3
1194 5186 1494 5260 Aragon.,
1525 5182 1584 5242 2.
1617 5184 1681 5258 2,

185 5285 228 5347 q.
260 5274 360 5349 ¹0„
376 5280 489 5335 art.
511 5280 570 5337 8.
590 5276 668 5339 Et
683 5281 876 5355 potest
890 5276 1196 5355 imprimis
1218 5275 1460 5337 suaderi
1475 5294 1682 5336 exem·

187 5360 260 5437 plo
285 5366 494 5442 divin03
525 5386 674 5429 nam
723 5387 866 5430 cum
921 5372 1080 5431 Deus
1132 5369 1312 5431 vellet
1369 5368 1682 5431 destruere

189 5454 260 5515 vel
302 5461 503 5539 punire
555 5474 766 5541 gentes
831 5462 1179 5524 habitantes
1223 5464 1294 5524 in
1331 5469 1494 5523 terra
1545 5480 1684 5541 pro-

191 5548 472 5631 missionis,
535 5556 733 5617 noluit
783 5578 884 5620 eos
930 5557 1220 5620 debellari
1275 5556 1354 5619 ab
1395 5556 1686 5619 Israelitis

463 5676 559 5725 111.

3188 378 3309 467 449

1749 512 2002 587 propter
2042 506 2239 569 solam
2292 507 2727 583 idololatriam,
2774 509 2879 569 sed
2919 515 3169 589 propter
3205 510 3306 571 in·-

1744 599 1975 677 juriam
2024 601 2293 681 negandi
2347 600 2492 662 filiis
2541 601 2728 663 lsrael
2767 602 3095 682 pacificum
3140 610 3310 665 tran-

1751 692 1938 752 situm
1971 711 2081 773 per
2102 702 2293 755 terras
2320 713 2481 769 suaa,
2508 700 2569 755 et
2596 692 2749 755 alias
2766 694 3019 771 similcS,
3074 702 3141 756 ut
3184 697 3307 759 col-

1751 784 1966 865 ligitur
2004 805 2081 847 ex
2110 804 2163 847 c.
2197 789 2273 848 ΞΟ
2300 788 2511 859 Num.,
2544 794 2605 849 et
2631 788 2868 849 notavit
2896 788 3302 867 Augustinus,

1746 896 1808 957 q.
1850 880 1930 939 44
1986 880 2051 940 in
2100 880 2311 955 Num.,
2377 888 2438 941 et
2500 881 2822 960 quaestion.
2864 884 2941 943 lo
2984 884 3050 943 ιιι
3093 885 3301 957 Josue,

1746 976 1808 1033 et
1843 971 2108 1034 refertur
2152 974 2220 1033 in
2270 974 2451 1053 capit.
2486 976 2525 1033 2
2572 979 2631 1034 et
2672 976 2733 1049 3,
2764 980 2826 1035 et
2862 976 2964 1049 23,
2995 984 3207 1056 quaest.
3240 980 3305 1054 2,

1743 1066 1908 1127 unde
1936 1065 2022 1125 ibi
2050 1065 2359 1145 colligitur
2392 1067 2695 1143 generalis
2718 1067 2957 1145 regula,
2992 1087 3117 1129 non
3174 1089 3305 1132 esse

1749 1155 1987 1217 licitum
2018 1158 2284 1237 principi
2311 1158 2540 1220 bellum
2569 1159 2767 1221 facere
2808 1160 2903 1221 his
2930 1161 3299 1237 nationibus,

1750 1250 1873 1310 nisi
1925 1250 2005 1310 ad
2050 1250 2529 1331 propulsandam
2572 1253 2668 1314 vel
2722 1254 3159 1315 vindicandam
3212 1256 3307 1316 in-

1743 1343 1976 1421 juriam
2009 1343 2125 1403 sibi
2182 1348 2290 1404 aut
2321 1345 2447 1404 suis
2480 1343 2732 1422 factam;
2784 1363 2930 1427 ergo
2980 1348 3108 1408 sola
3148 1349 3308 1411 ratio

1749 1436 2009 1497 tollendi
2064 1436 2472 1498 idololatriam
2556 1457 2681 1498 non
2737 1445 2829 1499 est
2887 1440 3191 1502 sufficiens
3229 1442 3309 1503 ad

1743 1532 1974 1609 justam
2015 1532 2413 1592 coactionem.
2464 1532 2639 1595 Unde
2672 1533 2957 1594 Nicolaus
2998 1536 3185 1615 Papa,
3230 1538 3310 1599 ad

1747 1624 2265 1703 interrogationes
2287 1625 3103 1706 BulgarorumrespondenS,
3128 1629 3307 1693 dixit:

1749 1718 1841 1779 De
1865 1714 1967 1791 iis,
1996 1716 2102 1799 qui
2130 1718 2308 1780 idolis
2344 1718 2681 1795 immolant,
2723 1720 2884 1782 nihil
2919 1721 3092 1785 aliud
3122 1723 3313 1787 dicero

1746 1830 2093 1893 possumus,
2148 1813 2275 1875 nisi
2319 1814 2479 1893 quod
2502 1812 2736 1877 ratione
2758 1816 2963 1894 potius
3011 1834 3192 1897 quam
3252 1816 3314 1879 vi

1751 1906 2133 1968 convincendi
2160 1911 2325 1969 sunt.
2380 1906 2559 1967 Ratio
2578 1912 2788 1968 autem
2818 1914 2909 1968 est
2931 1908 3146 1970 eadem
3172 1929 3309 1989 quoe

1751 1995 1818 2056 in
1869 1998 2287 2077 superioribus
2330 2005 2489 2060 tacta
2536 2006 2690 2075 est,.
2733 2001 2879 2080 quia
2926 2002 2993 2062 in
3046 2003 3314 2065 Ecclesia

1729 2096 1879 2151 'non
1900 2098 1989 2151 est
2008 2092 2352 2172 jurisdictio
2381 2110 2563 2171 super
2594 2092 2709 2153 hos
2750 2093 3051 2170 infideleS,
3097 2101 3161 2157 et
3212 2116 3312 2157 co-

1749 2184 1909 2245 actio
1942 2186 2037 2245 vel
2100 2186 2343 2265 punitio
2393 2186 2525 2245 sine
2574 2185 3007 2266 jurisdictione
3058 2207 3181 2249 non
3223 2196 3315 2251 est

1744 2278 1945 2357 justa3
1978 2286 2310 2359 utrumque
2339 2281 2507 2339 enim
2535 2288 2848 2340 ostensum
2876 2286 2987 2343 est.
3020 2282 3317 2355 Quocirca

1754 2372 1916 2430 sicut
1946 2390 2107 2432 unus
2150 2371 2338 2431 homo
2386 2372 2660 2452 privatus
2714 2391 2839 2432 non
2888 2380 3088 2452 potest
3119 2374 3313 2436 alium

1756 2464 1944 2525 etiam
1999 2464 2314 2548 privatum
2364 2468 2587 2545 punire
2650 2466 2745 2526 vel
2800 2484 3016 2545 cogere
3042 2513 3062 2544 ,
3112 2487 3315 2547 neque

1755 2576 1917 2618 unus
1959 2577 2069 2619 rex
2108 2558 2307 2619 fidelis
2336 2559 2415 2619 ab
2448 2558 2573 2619 alio
2596 2558 2789 2637 fideli,
2819 2578 3019 2640 neque
3052 2560 3318 2623 infidelis

1757 2652 1836 2712 ab
1865 2651 2125 2729 infideli,
2155 2653 2244 2713 ita
2272 2670 2472 2735 neque
2523 2653 2865 2732 respublica
2913 2654 3199 2730 infidelis,
3250 2656 3318 2715 in

1759 2766 1868 2807 suo
1893 2746 2109 2808 ordine
2138 2765 2451 2829 suprema,
2492 2754 2692 2827 potest
2746 2748 2957 2827 puniri
3000 2748 3082 2809 ab
3118 2749 3318 2810 Eccle-

1757 2842 1846 2901 sia
1869 2848 2123 2921 propter
2152 2860 2262 2902 sua
2301 2840 2548 2917 delicta,
2568 2842 2810 2903 etiamsi
2865 2851 3081 2903 contra
3132 2845 3321 2904 ratio-

1756 2952 1899 2994 nem
1931 2933 2276 2996 naturalem
2303 2935 2428 2995 sint
2442 2950 2464 3011 3
2495 2953 2644 3013 ergo
2685 2952 2798 2995 nec
2826 2941 3025 3015 potest
3046 2936 3205 3015 cogi.
3250 2946 3319 2999 ut

1756 3026 2197 3104 idololatriam,
2224 3026 2319 3088 vel
2340 3027 2569 3088 similes
2586 3028 2744 3088 ritus
2770 3027 3031 3091 auferat.

1827 3124 1888 3181 4.
1934 3120 2036 3185 Ad
2054 3122 2508 3200 fundamentum
2528 3122 2751 3202 primoe
2781 3124 3105 3184 sentenciae.
3129 3122 3325 3187 —Ad

1741 3218 2010 3297 primam
2042 3214 2561 3295 confirmationem.
2584 3217 2886 3294 —Neque
2918 3216 3107 3277 refert
3138 3218 3316 3294 (utin

1753 3310 1954 3389 primo
1968 3309 2373 3371 fundamento
2395 3307 2813 3389 oinciehatur)
2834 3310 2999 3389 quod
3022 3310 3166 3371 talssa
3180 3330 3319 3391 pec·

1749 3410 1883 3463 cata
1923 3404 2049 3463 sint
2093 3408 2305 3462 contra
2335 3402 2524 3463 Deum
2540 3417 2561 3479 3
2608 3420 2777 3478 nam,
2831 3410 2899 3462 ut
2944 3420 3132 3482 supra
3162 3406 3314 3481 dixi,

1752 3498 1905 3555 Deus
1933 3513 2059 3556 non
2089 3496 2403 3555 constituit
2422 3494 2708 3555 homines
2741 3496 2978 3573 judices
3004 3497 3083 3557 ad
3112 3499 3316 3559 vindi-

1748 3588 1975 3651 candas
2021 3608 2161 3649 suas
2187 3590 2444 3667 injurias
2473 3588 2538 3649 in
2567 3589 2852 3649 omnibus
2875 3600 3150 3671 respectu
3181 3611 3317 3653 om·

1749 3683 1924 3742 nium
1974 3681 2325 3757 hominum,
2385 3681 2485 3742 sed
2537 3682 2604 3742 in
2649 3680 2765 3743 hoc
2794 3682 2987 3743 voluit
3031 3684 3316 3747 ordinem

1747 3780 2005 3853 servari,
2039 3783 2108 3838 ut
2134 3775 2359 3837 subditi
2376 3776 2757 3857 principibus
2785 3785 3092 3856 parerent,
3110 3796 3320 3859 supre-

1750 3889 1883 3932 mos
1912 3878 2123 3932 autem
2148 3870 2451 3951 principes
2481 3888 2591 3930 suo
2604 3870 2841 3948 judicio
2887 3874 3223 3933 reservavit
3252 3874 3317 3933 in

1751 3964 1848 4026 his
1880 3982 2020 4043 quae
2042 3963 2119 4023 ad
2138 3963 2482 4023 naturalem
2512 3963 2793 4024 ordinem
2814 3966 3145 4043 pertinent,
3174 3969 3320 4045 quia

1754 4058 1991 4136 maj0ra
2012 4056 2175 4117 mala
2198 4074 2276 4117 ex
2302 4056 2580 4135 opposito
2598 4065 3020 4135 sequerentur.
3054 4059 3145 4118 Ad
3164 4058 3317 4119 illud

1753 4149 1963 4210 autem
1983 4150 2147 4231 quod
2169 4148 2244 4209 de
2275 4148 2656 4229 blasphemia
2678 4152 3153 4228 proponebatur,
3178 4152 3325 4213 diei-

1751 4250 1855 4304 tur
1879 4244 2185 4323 imprimis
2234 4241 2643 4303 idololatriam
2685 4262 2813 4304 non
2841 4261 2969 4305 esse
3010 4246 3322 4325 propriam

1755 4335 2230 4417 blasphemiam,
2260 4336 2366 4397 sed
2394 4339 2637 4397 tautum
2670 4336 2917 4397 virtuali
2946 4344 3006 4398 et
3026 4340 3325 4399 eminenti

1755 4430 1970 4502 mod03
2013 4430 2234 4491 deinde
2278 4429 2504 4491 dicitur
2556 4434 2707 4489 tunc
2757 4448 2929 4509 posse
2980 4432 3323 4512 principem

1755 4522 2159 4583 christianum
2190 4540 2409 4603 cogere
2457 4521 2569 4582 hos
2602 4521 2879 4583 infideles
2920 4542 3000 4585 ne
3042 4522 3323 4604 blasphe-

1759 4621 1952 4693 ment,
1986 4616 2233 4696 quando
2278 4615 2343 4675 id
2393 4614 2627 4675 iaciunt
2655 4616 2722 4676 in
2766 4622 3187 4697 contemptum
3216 4620 3327 4691 Ec-

1757 4710 1980 4784 clesiae,
2007 4715 2069 4771 et
2098 4709 2392 4789 injuriam
2423 4707 2737 4787 religionis
2763 4710 3146 4788 christianoe;
3178 4714 3328 4793 quia

1759 4810 1905 4863 tunc
1937 4804 2075 4883 J‘am
2107 4804 2255 4887 inde
2285 4802 2483 4864 oritur
2522 4804 2732 4864 titulus
2777 4806 2934 4884 justi
2973 4804 3138 4882 belli,
3171 4810 3329 4867 sicut

1758 4898 1946 4959 etiam
1973 4898 2111 4977 cogi
2156 4904 2413 4977 possunt
2440 4916 2518 4959 ne
2556 4898 2916 4960 Christianis
2943 4900 3067 4960 sint
3094 4900 3323 4975 infesti,

1764 5008 1962 5072 neque
1986 4993 2121 5053 illos
2153 4994 2219 5052 in
2240 5010 2513 5053 errorem
2543 4991 2860 5069 inducant,
2891 5000 2998 5054 aut
3020 4992 3204 5055 fidem
3225 4994 3329 5055 de-

1765 5104 1967 5147 serere
2001 5090 2227 5162 cogant
2237 5100 2259 5162 3
2289 5102 2461 5146 secus
2498 5102 2645 5146 vero
2698 5092 2813 5161 est,
2843 5086 3090 5166 quando
3118 5104 3333 5147 eorum

1762 5184 2014 5260 peccata
2048 5178 2236 5239 etiam
2292 5178 2581 5258 religioni
2609 5182 2917 5241 contraria
2941 5180 3142 5240 solum
3189 5186 3335 5240 sunt

1763 5281 1979 5334 contra
1994 5272 2207 5333 Deum.
2240 5272 2419 5332 Etita
2448 5272 2943 5352 patetgesponsio
2966 5272 3043 5332 ad
3066 5274 3333 5352 primam

1763 5364 2322 5441 confirmationem,
2356 5374 2605 5445 propter
2645 5384 2832 5444 quam
2886 5366 2950 5425 in
3001 5366 3334 5427 assertione

1763 5458 1917 5535 dixi,
1945 5477 2057 5541 per
2090 5478 2151 5523 se
2174 5458 2492 5538 loqueum·
2518 5476 2665 5519 nam
2695 5457 2774 5519 ad
2797 5458 3211 5521 defendendos
3240 5460 3336 5520 in-

1764 5562 2083 5631 nocentes,
2115 5552 2354 5614 licitum
2382 5558 2475 5615 est
2522 5555 2650 5613 vim
2676 5552 2907 5613 inferre
2935 5551 3032 5612 his
3065 5550 3333 5614 infideli-

2940 5666 3013 5723 aa
