3900 6217
1047 325 1218 378 SECT.
1255 327 1378 379 Vm.
1417 325 1498 377 AN
1531 324 1772 378 SEDITIO
1804 323 1900 378 SIT
1935 325 2296 379 INTRlNSECE
2330 326 2515 381 mm.

3284 329 3407 388 759

161 418 560 480 diffidentia.
623 421 782 498 Lege-
837 419 1212 484 Abulensem
1263 428 1291 483 1
1344 423 1584 504 Regum
1638 423 1760 500 28,
1837 422 2005 502 juste
2044 442 2287 486 movere
2328 425 2555 484 bellum
2580 429 3233 508 aggressivum‚atque
3254 429 3409 491 illud

187 533 262 592 q.
307 516 404 574 ⁴7.

783 719 998 772 SECTIO
1035 721 1157 772 vlu.

384 889 603 952 Utrum
645 891 858 954 seditio
897 888 980 954 sit
1021 892 1348 956 intrinsece
1389 895 1578 956 mala.
1689 940 1692 942 v

277 1081 336 1138 1.
391 1075 624 1141 seditio
659 1078 822 1156 quid.
853 1113 934 1125 —
961 1079 1186 1142 Prima
1212 1079 1525 1144 conclusio,
1564 1116 1639 1126 —
1659 1081 1764 1142 Se-

181 1169 354 1231 ditio
395 1171 618 1232 dicitur
657 1171 890 1232 bellum
923 1191 1249 1234 commune
1288 1175 1452 1236 intra
1478 1177 1762 1237 eamdem

177 1264 671 1344 rempublicam,
701 1265 867 1344 quod
895 1267 1026 1346 geri
1063 1273 1256 1346 potest
1291 1267 1386 1328 vel
1415 1268 1579 1329 inter
1605 1268 1758 1330 duas

183 1363 408 1436 partes
438 1360 596 1435 ejuS,
630 1358 724 1418 vel
752 1359 914 1420 inter
949 1361 1290 1440 principem
1328 1367 1390 1421 et
1422 1360 1757 1441 rempubli-

191 1469 372 1511 cam.
422 1451 571 1512 Dico
611 1452 854 1532 primo:
900 1453 1119 1514 seditio
1160 1453 1322 1515 inter
1365 1455 1516 1516 duas
1560 1461 1763 1536 partes

184 1545 559 1624 reipublicae
591 1565 835 1628 semper
871 1555 961 1608 est
995 1549 1158 1610 mala
1194 1567 1271 1610 ex
1309 1556 1481 1629 parte
1517 1569 1762 1628 aggres-

190 1639 390 1708 soris3
431 1658 508 1702 ex
545 1646 718 1720 parte
763 1659 910 1702 vero
948 1641 1334 1710 defendentis
1360 1661 1422 1704 se
1448 1643 1619 1722 justa
1647 1655 1757 1707 est.

189 1731 330 1792 Hoc
387 1733 726 1806 secundum
790 1752 900 1814 per
955 1753 1018 1796 se
1067 1741 1154 1795 est
1201 1743 1439 1798 notum.
1485 1735 1759 1796 Primum

191 1823 576 1902 ostenditur,
615 1827 762 1906 qnia
805 1827 978 1888 nulla
1033 1829 1307 1890 cernitur
1355 1828 1440 1889 ibi
1486 1828 1765 1908 legitima

189 1920 534 1980 auctoritas
581 1920 655 1981 ad
688 1921 1083 1985 indicendum
1126 1921 1396 1998 bellum3
1429 1921 1566 1983 haec
1595 1923 1761 1984 enim

189 2007 431 2073 residet
455 2013 520 2074 in
549 2031 839 2094 supremo
870 2015 1168 2096 principe,
1221 2021 1290 2075 nt
1331 2016 1598 2076 vidimus
1638 2033 1765 2077 see·

192 2103 375 2166 tione
405 2106 692 2168 secunda.
728 2109 930 2168 Dices:
973 2108 1283 2169 interdum
1322 2109 1545 2188 poterit
1595 2108 1765 2188 prin-

196 2217 348 2278 ceps
375 2217 510 2259 eam
559 2202 990 2266 auctoritatem
1041 2201 1394 2280 concedere,
1427 2203 1478 2263 si
1534 2202 1767 2280 magna

194 2295 536 2354 necessitas
577 2293 824 2374 publica
866 2305 1104 2374 urgeat.
1156 2297 1235 2357 At
1271 2303 1420 2358 tnnc
1457 2297 1589 2376 jam
1635 2315 1763 2360 non

202 2392 498 2448 censetur
539 2388 796 2466 aggredi
833 2408 974 2468 pars
1001 2389 1354 2470 reipublicae
1383 2436 1398 2463 ,
1447 2390 1549 2450 sed
1601 2390 1769 2468 prin-

204 2495 352 2557 ceps
384 2478 536 2558 ipse,
569 2481 777 2562 sicque
802 2482 974 2542 nulla
1002 2483 1119 2542 erit
1151 2482 1369 2542 seditio
1403 2483 1477 2542 de
1519 2500 1642 2562 qna
1683 2482 1770 2542 lo-

203 2573 484 2652 quimur.
530 2572 646 2634 Sed
681 2575 828 2652 qnid
869 2576 917 2636 si
961 2576 1066 2638 illa
1105 2575 1453 2656 reipublicae
1502 2595 1644 2656 pars
1692 2576 1770 2636 sit

201 2684 352 2726 vere
394 2665 628 2728 offensa
670 2668 748 2728 ab
777 2667 946 2744 alia,
1000 2688 1200 2748 neque
1241 2670 1430 2748 possit
1455 2688 1566 2750 per
1603 2669 1774 2750 prin-

201 2760 404 2838 cipem
473 2761 569 2837 jus
623 2779 804 2820 snum
873 2763 1187 2824 obtinerc?
1228 2763 1587 2843 Respondeo
1643 2782 1772 2824 non

203 2870 381 2930 posse
416 2852 552 2931 plus
579 2851 840 2929 efficere,
871 2873 1060 2934 quam
1098 2856 1290 2936 possit
1341 2875 1600 2936 persona
1643 2856 1771 2936 pri-

205 2950 378 3018 vata,
429 2950 498 3005 nt
549 2964 627 3006 ex
667 2947 1083 3026 superioribus
1119 2954 1398 3010 constare
1435 2949 1616 3010 facile
1663 2968 1772 3030 po·-

201 3041 350 3096 test.

290 3133 349 3191 2.
403 3131 684 3196 Secunda
715 3135 1013 3199 conclusio
1044 3137 1112 3200 dc
1153 3155 1272 3218 qua
1310 3137 1376 3200 in
1399 3137 1442 3198 l.
1473 3139 1511 3198 6
1551 3137 1770 3215 Defen-

201 3223 397 3287 sionis
428 3227 595 3304 fidei,
628 3245 680 3289 c.
709 3229 770 3288 4.
796 3228 1031 3289 —Dico
1055 3229 1355 3291 secundo:
1389 3229 1623 3292 bellum
1657 3231 1772 3292 rei-

203 3318 469 3396 publicae
497 3326 710 3380 contra
733 3313 1100 3400 principem,
1140 3323 1381 3382 etiamsi
1422 3324 1501 3384 sit
1524 3343 1772 3403 aggres-

201 3413 434 3486 sivnm,
462 3431 588 3472 non
617 3419 707 3473 est
761 3413 1092 3476 intrinsece
1121 3414 1388 3492 malum3
1419 3416 1644 3478 habere
1676 3424 1770 3479 ta-

202 3523 351 3566 men
381 3504 564 3565 debet
601 3505 983 3567 conditiones
1007 3508 1154 3586 justi
1181 3507 1332 3568 alias
1355 3507 1524 3583 belli,
1556 3515 1626 3569 ut
1657 3509 1772 3570 ho-

201 3603 502 3658 nestetur.
536 3599 858 3660 Conclusio
881 3600 1079 3662 solum
1105 3601 1292 3662 habet
1319 3603 1547 3676 locum,
1570 3621 1769 3682 qnan-

201 3691 285 3750 do
308 3691 590 3772 princeps
617 3697 706 3752 est
725 3705 1032 3772 tyrannus
1048 3709 1067 3771 3
1093 3695 1257 3774 quod
1298 3695 1538 3756 duobus
1567 3698 1766 3760 modis

201 3785 532 3862 contingit,
555 3789 625 3843 ut
657 3785 985 3864 Cajetanns
1013 3793 1187 3848 notat
1214 3789 1272 3848 2.
1305 3791 1368 3861 2,
1401 3794 1619 3866 quaest.
1658 3789 1760 3863 64,

199 3876 461 3936 articulo
503 3879 728 3957 primo,
761 3878 839 3937 ad
873 3879 1146 3941 tertium.
1196 3881 1418 3952 Prim0,
1455 3882 1505 3940 si
1551 3887 1763 3960 tyran-

199 3988 320 4028 nus
346 3971 422 4031 sit
449 3971 650 4048 quoad
677 3969 1022 4031 dominium
1052 3978 1113 4032 et
1129 3979 1522 4052 potestatcm3
1547 3993 1762 4035 secun-

198 4061 300 4133 do,
343 4062 542 4122 solnm
569 4063 772 4142 quoad
803 4066 1100 4144 regimen.
1135 4067 1391 4140 Quando
1424 4069 1609 4146 priori
1635 4087 1765 4128 mo-

199 4155 280 4215 do
316 4156 536 4218 accidit
554 4160 860 4236 tyrannis,
888 4165 1017 4220 tota
1061 4161 1428 4239 respublica,
1465 4172 1525 4222 et
1562 4161 1760 4241 qnod-

196 4248 347 4308 libet
392 4251 526 4328 ejus
555 4251 904 4312 membrum
933 4252 1036 4330 jus
1081 4252 1268 4313 habet
1302 4259 1516 4314 contra
1546 4255 1759 4316 illum:

197 4343 365 4402 unde
393 4344 653 4422 quilibet
691 4351 888 4424 potest
914 4363 977 4406 se
1017 4363 1090 4406 ac
1124 4345 1569 4428 rempublicam
1599 4366 1638 4408 a
1666 4355 1764 4429 ty-

197 4435 456 4497 rannide
513 4437 858 4498 vendicare.
893 4439 1072 4499 Ratio
1127 4444 1239 4513 est,
1273 4438 1416 4517 qnia
1459 4447 1764 4518 tyrannus

197 4527 300 4588 ille
359 4549 682 4609 aggressor
727 4538 852 4605 est,
901 4537 962 4592 et
1005 4530 1215 4611 inique
1265 4531 1496 4592 bellum
1557 4542 1765 4595 movet

194 4630 404 4682 contra
425 4625 888 4704 rempublicam,
907 4633 968 4684 et
982 4625 1224 4704 singula
1257 4625 1565 4700 membr-223
1599 4629 1763 4690 unde

195 4717 483 4777 omnihus
513 4723 807 4798 competit
852 4720 958 4797 jus
981 4717 1375 4779 defensionis.
1412 4723 1499 4782 lta
1531 4722 1761 4800 Cajeta·

195 4831 312 4871 nus
343 4829 416 4872 eo
446 4811 578 4871 loco
593 4827 615 4890 3
645 4811 1152 4899 sumiquehpotest
1187 4831 1262 4872 ex
1305 4814 1454 4872 Divo
1493 4815 1754 4891 Thema,

195 4906 256 4966 in
283 4903 576 4979 secundO,
603 4903 994 4965 distinctione
1016 4905 1489 4984 quadragesima
1509 4915 1748 4986 quarta,

195 5005 401 5078 quaest.
430 4999 492 5072 2,
524 5003 639 5060 art.
675 5000 737 5058 2.
796 4999 879 5058 De
907 4999 1230 5078 posteriori
1275 5005 1543 5078 tyranno
1586 5001 1752 5062 idem

195 5091 400 5152 docuit
439 5092 661 5154 Joann.
723 5091 875 5166 Ilus,
918 5091 1042 5151 imo
1079 5092 1153 5152 de
1190 5093 1359 5151 omni
1391 5093 1603 5172 iniquo
1648 5112 1754 5153 su-

197 5186 453 5266 periore,
485 5185 648 5265 quod
679 5185 1040 5246 damnatum
1082 5183 1258 5244 estin
1297 5184 1564 5246 Concilio
1601 5187 1754 5246 Con-

196 5285 376 5341 stant.
385 5326 406 5356 ,
435 5277 684 5340 session.
721 5279 759 5340 8
782 5283 843 5340 ct
868 5282 964 5342 15.
990 5275 1166 5339 Unde
1193 5284 1362 5339 certa
1388 5282 1612 5339 veritas
1637 5285 1749 5354 est,

195 5379 405 5432 contra
438 5371 796 5451 hujusmodi
817 5377 1155 5451 tyrannum
1186 5371 1420 5432 nullam
1449 5371 1752 5450 privatam

197 5481 544 5548 personam,
575 5469 682 5524 aut
711 5469 1074 5548 potestatem
1103 5463 1554 5546 imperfectam,
1580 5481 1755 5544 posse

1845 524 2002 577 esset
2040 517 2283 597 proprie
2311 519 2549 579 seditio.
2584 521 2904 594 Probatur,
2938 522 3231 600 qnoniam
3280 523 3409 598 illc,

1843 616 1914 670 ut
1937 611 2327 691 supponitur,
2359 629 2540 672 verus
2574 619 2665 674 est
2712 613 3037 688 dominus;
3084 614 3408 675 inferiores

1845 710 2053 762 autem
2098 704 2201 782 jus
2230 723 2355 764 non
2405 705 2637 766 habent
2665 705 2979 768 indicendi
3011 707 3267 782 bellum,
3301 707 3408 768 sed

1845 798 2217 859 defendendi
2240 819 2301 860 se
2331 807 2599 872 tantum,
2632 801 2795 881 qnod
2829 821 2956 862 non
2984 802 3169 864 habet
3200 803 3407 863 locum

1811 903 1816 908 '
1843 892 1912 952 in
1939 891 2058 952 hoc
2081 897 2373 972 tyranno,
2401 894 2681 972 Namque
2711 895 2812 954 ille
2844 913 2971 955 nou
3018 914 3259 974 semper
3284 897 3405 956 sin-

1844 985 2003 1064 gulis
2034 985 2177 1046 facit
2202 985 2521 1066 injuriam,
2552 994 2739 1066 atque
2770 986 2821 1048 si
2852 987 3315 1061 invaderentur,
3340 989 3401 1047 id

1842 1077 2037 1138 solum
2080 1084 2323 1158 possent
2362 1079 2603 1140 efficere
2643 1080 2807 1160 qnod
2863 1081 2941 1142 ad
2987 1099 3162 1140 suam
3193 1081 3403 1141 defen-

1841 1172 2078 1233 sionem
2108 1171 2432 1232 snfficeret.
2466 1173 2545 1234 At
2574 1191 2717 1234 vero
2746 1179 2874 1234 tota
2904 1174 3246 1251 respublica
3268 1192 3410 1254 pos-

1843 1273 1935 1328 set
1963 1263 2123 1325 bello
2142 1267 2458 1344 insurgere
2473 1272 2687 1327 contra
2714 1265 3015 1346 ejusmodi
3038 1273 3403 1344 tyrannum,

1843 1376 2043 1438 neque
2092 1365 2238 1418 tunc
2287 1361 2659 1420 excitaretur
2704 1359 2953 1438 propria
3014 1357 3409 1436 seditio(‚hoc

1842 1450 2145 1532 siqnidem
2171 1471 2399 1516 nomen
2432 1453 2497 1514 iu
2528 1451 2751 1536 malam
2786 1459 3023 1534 partem
3065 1453 3223 1511 sumi
3264 1471 3409 1511 con-

1843 1547 2105 1624 suevit).
2151 1547 2333 1608 Ratio
2377 1553 2490 1622 est,
2523 1547 2670 1626 quia
2714 1553 2864 1606 tunc
2890 1551 3018 1605 tota
3064 1545 3407 1624 respublica

1841 1640 2119 1718 superior
2147 1645 2243 1727 est·
2268 1657 2454 1718 rege;
2508 1657 2654 1699 nam
2686 1657 2831 1699 cnm
2872 1638 3008 1717 ipsa
3048 1637 3288 1698 dederit
3318 1637 3408 1697 illi
3502 1675 3517 1687 -

1841 1740 2229 1813 potestatem,
2267 1752 2341 1793 ea
2365 1731 2717 1794 conditione
2736 1730 2974 1793 dedisse
2997 1739 3302 1806 censetur,
3329 1743 3400 1791 ut

1843 1826 2112 1906 politice,
2143 1845 2270 1886 nou
2310 1825 2631 1904 tyrannice
2658 1829 2919 1904 regeret,
2952 1825 3102 1884 alias
3148 1824 3227 1884 ab
3264 1825 3393 1900 ipsa

1841 1938 2015 2000 posse
2048 1919 2292 2002 deponi.
2319 1919 2422 1980 Est
2448 1925 2658 1980 tamen
2692 1917 3169 1990 observandum,
3210 1923 3280 1977 ut
3306 1916 3404 1978 ille

1844 2030 1990 2074 vere
2013 2019 2075 2074 et
2107 2013 2433 2074 manifeste
2458 2011 2781 2092 tyrannice
2800 2018 2967 2090 agat,
3007 2017 3406 2071 concurrant-

1844 2124 1965 2185 que
1995 2107 2133 2168 alioe
2168 2105 2549 2167 conditiones
2588 2106 2667 2165 ad
2690 2103 3075 2166 honestatem
3116 2103 3265 2165 belli
3295 2123 3404 2184 po-

1844 2201 2011 2262 sitas.
2055 2201 2215 2280 Lege
2254 2200 2472 2260 Divum
2522 2197 2847 2274 Thomam,
2894 2201 2922 2256 1
2967 2197 3043 2258 de
3082 2197 3405 2277 Regiminc

1847 2293 2222 2373 principum,
2254 2312 2305 2354 c.
2347 2293 2407 2354 6.

1867 2375 1870 2377 Α
1929 2391 1991 2452 3.
2039 2385 2248 2450 Tertia
2296 2385 2613 2451 conclusio.
2637 2385 2871 2446 —Dico
2921 2385 3139 2448 tertio:
3170 2381 3403 2445 bellum

1848 2481 2203 2562 reipublicae
2230 2487 2443 2541 contra
2463 2498 2671 2559 regem
2711 2485 2932 2541 neutro
2972 2479 3151 2538 modo
3191 2487 3403 2556 tyran·

1850 2593 2028 2650 num,
2070 2579 2163 2634 est
2203 2574 2619 2653 propriissime
2676 2573 2917 2648 seditio,
2968 2563 3029 2632 et
3079 2571 3404 2631 intrinseco

1855 2667 2111 2730 malum.
2136 2668 2238 2726 Est
2266 2673 2453 2740 certa,
2486 2672 2546 2725 et
2577 2665 2721 2726 iude
2767 2671 3027 2739 constat,
3057 2664 3219 2744 qnod
3243 2663 3411 2723 deest

1851 2766 2002 2822 tunc
2039 2767 2101 2820 et
2124 2777 2304 2819 causa
2323 2760 2493 2837 Justa
2509 2765 2571 2820 et
2598 2763 2886 2838 potestas,
2942 2759 3029 2817 Ex
3057 2772 3181 2836 qno
3222 2757 3407 2816 etiam

1851 2873 1886 2916 e
1923 2853 2229 2914 contrario
2285 2858 2543 2926 constat,
2599 2851 2829 2912 bellum
2864 2851 3161 2930 principis
3197 2858 3411 2909 contra

1849 2946 2295 3027 rempublicam
2316 2946 2429 3006 sibi
2455 2945 2790 3018 subditam,
2823 2962 2896 3005 ex
2935 2951 3109 3022 parte
3148 2948 3412 3021 potesta-

1848 3041 1930 3100 tis
1969 3059 2145 3120 posse
2192 3058 2323 3100 esse
2373 3041 2633 3118 justum,
2671 3037 2721 3099 si
2769 3037 2977 3098 >adsint
3023 3036 3161 3096 aliae
3203 3035 3415 3096 condi-

1851 3135 2050 3194 tiones
2066 3149 2088 3211 3
2117 3134 2167 3195 si
2196 3151 2341 3194 vero
2372 3133 2599 3207 desint,
2641 3133 2941 3210 injustum
2970 3131 3226 3191 omniuo
3254 3147 3404 3191 esse.

2390 3361 2606 3416 ssseTlo
2632 3361 2883 3414 ULTfflA.

1863 3521 2083 3587 Utrum
2095 3520 2406 3604 picatum
2431 3517 2647 3580 bellum
2669 3535 2772 3579 seu
2790 3515 3051 3580 duellum
3081 3515 3165 3579 sit
3190 3513 3412 3579 intrin-

2420 3628 2543 3674 seco
2589 3608 2837 3674 malum.

1927 3799 1985 3858 1.
2031 3793 2251 3859 Prima
2278 3793 2596 3856 conclusio.
2630 3827 2708 3838 —-
2732 3793 3172 3872 Hujnscemodi
3208 3794 3406 3874 priva-

1845 3893 1981 3950 tum
2002 3893 2340 3961 certamen,
2376 3887 2537 3966 quod
2572 3904 2772 3964 graece
2815 3885 3225 3948 monomachia
3257 3885 3411 3946 dici-

1847 3987 1972 4056 tur,
2002 3979 2330 4059 dupliciter
2376 3979 2679 4039 committi
2716 3984 2935 4058 potest,
2970 3979 3065 4038 vel
3096 3979 3270 4058 quasi
3312 3997 3407 4038 re·-

1843 4081 2027 4154 pente
2058 4078 2119 4133 et
2166 4091 2336 4146 casu,
2381 4077 2443 4133 et
2485 4071 2561 4132 dc
2594 4071 2699 4132 illo
2739 4072 2857 4132 hoc
2908 4071 3093 4132 modo
3134 4077 3405 4150 spectato

1843 4185 2027 4245 agere
2052 4167 2319 4245 pertinet
2346 4164 2419 4226 ad
2449 4164 2772 4225 materiam
2796 4165 2870 4224 de
2901 4165 3235 4224 homicidio
3251 4180 3272 4240 3
3308 4164 3405 4224 vel

1843 4265 2044 4340 potest
2066 4257 2198 4319 fieri
2222 4276 2298 4318 ex
2324 4258 2593 4336 partium
2618 4257 3026 4317 conventione
3054 4261 3116 4315 et
3145 4275 3404 4316 consen-

1845 4373 1941 4428 su,
1969 4360 2154 4431 atque
2180 4351 2227 4410 si
2258 4350 2344 4410 sic
2374 4349 2481 4410 fiat
2515 4368 2659 4410 cum
2698 4348 3067 4428 quibusdam
3108 4349 3403 4410 conditio-

1843 4446 2027 4506 nibus
2054 4443 2332 4523 pnbliciS,
2371 4449 2625 4503 vocatur
2665 4443 2979 4516 ‹luellum3
3012 4444 3061 4502 si
3108 4460 3254 4502 vero
3283 4443 3403 4521 pri-

1843 4539 2059 4610 vatim,
2091 4544 2345 4596 vocatur
2384 4535 2705 4608 diffidatio,
2736 4535 2831 4595 vel
2858 4534 3171 4612 singulare
3207 4541 3402 4594 certa·

1843 4649 2013 4706 mon,
2039 4629 2224 4706 vulgo
2252 4629 2485 4708 desasto.
2522 4629 2665 4688 Dico
2699 4629 2935 4707 primo:
2964 4627 3012 4686 si
3039 4627 3193 4687 desit
3222 4645 3405 4688 cansa

1840 4724 2027 4802 justa,
2060 4740 2299 4800 semper
2323 4720 2594 4781 duellum
2626 4727 2716 4780 est
2760 4719 3027 4780 malum:
3058 4719 3188 4780 haec
3216 4738 3403 4780 asscr-

1843 4817 1928 4874 tio
1968 4819 2181 4892 patens
2225 4819 2336 4886 est,
2370 4831 2509 4874 cnm
2542 4813 2661 4874 hoc
2701 4813 3007 4892 quoddam
3050 4813 3398 4884 sitbellum,

1839 4927 1910 4968 ac
1945 4907 2135 4986 possit
2178 4907 2364 4968 etiam
2415 4909 2481 4967 in
2509 4908 2613 4966 illo
2648 4925 2809 4966 mors
2838 4907 3107 4966 hominis
3139 4907 3399 4966 interce-

1838 5000 2005 5061 dere.
2044 4999 2273 5060 Rursus
2295 4999 2567 5059 duellum
2586 4999 2715 5059 fieri
2744 5004 2935 5078 potest
2966 4999 3042 5060 ad
3069 4999 3363 5059 ostenden
3390 5037 3400 5042 -

1837 5093 1944 5154 das
1984 5092 2145 5153 vires
2178 5098 2240 5152 et
2272 5093 2749 5166 animositatem,
2792 5092 2885 5151 vel
2921 5092 3001 5153 ad
3032 5111 3403 5170 comparan-

1836 5186 1987 5246 dum
2011 5203 2257 5258 nomen,
2288 5185 2452 5266 qnod
2478 5186 2788 5246 interdum
2818 5185 2973 5244 solet
3006 5185 3068 5245 in
3100 5184 3262 5244 bello
3296 5185 3402 5245 fie-

1835 5279 1890 5340 ri
1913 5279 2078 5339 inter
2097 5279 2357 5340 milites:
2390 5278 2503 5338 sub
2526 5296 2646 5358 qua
2670 5279 2859 5338 etiam
2900 5278 3137 5338 ratione
3167 5277 3402 5337 malum

1837 5377 1948 5444 est,
1983 5371 2130 5449 quia
2158 5371 2249 5431 illi
2277 5381 2509 5432 temere
2536 5388 2599 5432 se
2640 5376 2981 5446 exponunt,
3022 5376 3085 5430 et
3125 5369 3398 5448 periculo

1836 5465 2075 5539 mortis,
2106 5469 2167 5525 et
2200 5465 2641 5526 interfectionis
2671 5464 2945 5524 alterius.
2974 5465 3049 5524 Et
3071 5463 3397 5524 confirma·
