3900 6217
440 353 559 414 {86

436 441 720 518 habitum
748 452 1021 514 infusum
1050 451 1129 512 ad
1154 450 1323 514 hunc
1358 457 1591 549 actutu,
1634 452 1712 526 de
1740 469 1865 532 quo
1893 469 2002 532 po-

438 553 569 610 stea
605 546 971 610 videbimus.
1021 545 1518 608 Fumiamentum
1562 545 1998 624 semipelagia-

437 659 664 704 norum
692 646 851 716 erat,
876 639 1027 718 quia
1064 637 1217 700 fides
1246 637 1431 703 debet
1474 656 1604 700 esse
1628 637 1864 714 libera;
1888 657 2004 718 pu·

438 733 657 796 tabant
698 738 911 794 autem
976 750 1103 794 non
1132 749 1309 810 posse
1352 749 1483 794 esse
1516 731 1801 808 liberam,
1857 733 1907 792 si
1963 751 2001 794 a

440 823 641 905 gratia
670 823 987 904 penderet.
1018 825 1148 886 Hoc
1167 829 1379 888 autem
1400 823 1879 888 fundamentum
1904 843 1994 886 er·

437 931 705 982 roncum
748 923 865 995 est,
894 917 1044 980 alias
1098 917 1307 980 nullus
1338 923 1517 980 actus
1554 917 1709 982 liber
1732 937 1773 980 a
1796 920 2002 998 gratia

440 1013 855 1078 essentialiter
880 1013 1199 1094 penderet,
1230 1020 1295 1076 et
1318 1014 1647 1076 necessitas
1668 1014 1885 1091 gratias
1927 1013 2001 1074 li·

438 1109 747 1172 bertatem
774 1105 1151 1183 destruet-eu
1170 1107 1337 1188 quod
1366 1113 1459 1170 est
1500 1106 1823 1171 manifeste
1846 1125 2002 1170 con-

438 1208 537 1264 tra
554 1201 765 1277 tidem,
797 1208 867 1264 ut
880 1220 957 1264 ex
985 1200 1235 1284 propria
1260 1201 1523 1264 materia
1544 1207 1803 1265 constat.
1836 1203 1999 1264 Fun·

439 1297 803 1362 dementum
836 1316 989 1376 ergo
1036 1299 1237 1377 magis
1278 1315 1581 1378 apparens
1598 1315 1729 1360 esse
1774 1303 1994 1377 potest,

438 1391 613 1472 quia,
637 1391 953 1471 proposito
1000 1391 1241 1470 objecto
1278 1391 1449 1467 fidei,
1478 1391 1640 1452 ratio
1656 1390 1790 1469 ipsa
1816 1397 2002 1454 natu·-

438 1484 589 1546 ralis
626 1484 819 1548 dietat
846 1483 1000 1546 illud
1029 1501 1165 1548 esse
1204 1483 1583 1546 credendum
1624 1490 1689 1545 et
1736 1483 2000 1561 dignum

438 1577 617 1654 fidei3
646 1597 797 1658 ergo
827 1585 1027 1659 potest
1050 1579 1143 1642 illi
1157 1578 1395 1658 judicio
1417 1577 1707 1640 veluntas
1742 1594 2002 1640 consen-

438 1672 560 1732 tire
578 1671 709 1734 sola
730 1671 1017 1735 libertate
1030 1671 1324 1742 naturali,
1354 1673 1505 1751 quia
1520 1675 1721 1750 potest
1750 1675 2004 1732 natura-

438 1764 583 1828 liter
620 1767 907 1830 voluntas
946 1766 1319 1828 conformari
1352 1764 1697 1826 intellectui
1736 1765 1803 1826 in
1828 1763 2002 1826 omni

432 1859 669 1939 judicio
696 1860 985 1922 naturali.

519 1954 582 2014 2.
627 1954 937 2018 Probatur
958 1956 1213 2019 assertio
1230 1955 1441 2034 prima
1460 1969 1533 2016 ω·
1558 1952 2004 2032 Scriptura.—

438 2045 751 2110 Probatur
790 2065 862 2110 ecs
900 2047 1213 2110 Consiliis.
1234 2079 1319 2096 --
1340 2047 1651 2110 Probatur
1678 2063 1749 2110 ιω
1784 2045 2001 2110 Patri-

438 2139 1067 2203 bus—Nihilominus
1088 2139 1345 2202 assertio
1366 2140 1585 2218 posita,
1600 2155 1789 2217 quam
1812 2138 2002 2198 etiam

436 2229 551 2292 lib.
583 2236 622 2294 2
648 2233 726 2296 de
762 2233 996 2309 Gratia,
1024 2251 1163 2313 cap.
1196 2235 1260 2309 3,
1286 2250 1465 2294 num.
1513 2233 1577 2306 2,
1609 2230 1998 2306 tradidimus,

438 2327 517 2388 de
542 2325 665 2390 fide
694 2326 963 2390 tenenda
986 2333 1105 2390 est.
1138 2327 1367 2402 Primo,
1394 2325 1543 2396 auia
1570 2324 1835 2388 habetur
1854 2324 2002 2386 satis

439 2437 723 2501 expresse
747 2421 815 2482 in
844 2421 1187 2501 Scriptura,
1214 2422 1295 2482 ad
1326 2421 1549 2499 Philip.
1590 2423 1657 2482 1:
1699 2419 1875 2486 Vobis
1902 2421 2003 2482 do·-

436 2517 651 2578 uatum
668 2520 757 2578 est
772 2533 885 2594 pro
906 2514 1170 2590 Christo,
1198 2520 1263 2577 ut
1280 2516 1347 2576 in
1370 2532 1501 2576 eum
1524 2514 1803 2576 credatu.
1822 2513 2002 2588 Nam,

436 2606 581 2670 licet
608 2608 855 2670 credere
890 2613 1357 2670 consummetur
1384 2606 1451 2668 in
1475 2605 1817 2680 intellectu,
1856 2605 2008 2666 dicit

435 2709 647 2763 actum
677 2701 1104 2764 voluntarium
1126 2707 1188 2762 et
1212 2701 1583 2776 humanum,
1614 2704 1678 2758 et
1698 2703 1771 2758 ut
1794 2699 1880 2758 sic
1906 2697 2000 2758 di-

440 2795 605 2856 eitur
622 2813 735 2874 pro
760 2793 1003 2858 christo
1032 2796 1313 2858 domm
1328 2818 1355 2865 ,·
1374 2810 1527 2871 ergo
1548 2791 1739 2854 etiam
1770 2790 1997 2854 volun-

436 2893 535 2948 tas
578 2887 873 2950 credendi
913 2894 1162 2967 propter
1216 2886 1525 2948 Christum
1586 2883 1817 2946 donata
1880 2889 1991 2946 est.

436 2981 615 3044 Unde
642 2981 875 3044 ibidem
902 2982 1187 3044 additur:
1240 2981 1359 3055 Qui
1386 2981 1562 3058 caepit
1588 2980 1657 3042 in
1698 2977 1862 3042 vobis
1904 2979 2000 3039 bo-

436 3093 579 3138 num
606 3093 776 3154 opu,
810 3077 938 3154 ipss
960 3076 1235 3155 perficiet
1244 3097 1273 3144 ;
1298 3073 1515 3149 incipit
1528 3078 1736 3136 autem
1760 3071 1998 3132 bonum

436 3186 591 3247 opus
611 3185 720 3247 per
746 3167 985 3230 bouum
1008 3167 1343 3229 voluntatis
1364 3165 1673 3227 affectum.
1700 3163 1873 3226 Unde
1889 3163 2000 3224 ad-

434 3261 607 3322 ditur
640 3280 776 3342 cap.
807 3261 1110 3324 seeundo:
1143 3263 1288 3341 Ipse
1332 3265 1417 3322 est
1466 3259 1574 3340 qui
1624 3263 1907 3337 operatur
1932 3258 2000 3318 in

435 3357 603 3418 vobis
636 3361 691 3418 et
716 3355 861 3418 velle
884 3361 938 3418 ec
965 3356 1269 3436 perstem,
1308 3371 1423 3432 pro
1470 3353 1622 3414 bona
1672 3349 1994 3413 voluntate.

437 3449 547 3512 His
566 3449 866 3514 accedunt
894 3447 1215 3526 generales
1246 3445 1509 3525 regulae:
1552 3443 1705 3508 Sine
1733 3463 1819 3504 me
1838 3442 2001 3504 nihil

430 3545 687 3623 potestis
707 3545 931 3620 severe,
964 3543 1146 3604 Joan.
1176 3543 1285 3616 153
1314 3548 1413 3602 et:
1442 3540 1587 3604 Noa
1608 3543 1696 3601 ost
1720 3536 1996 3611 volentis,

437 3654 621 3717 nequo
646 3637 967 3710 cummis,
1012 3635 1115 3698 ssd
1132 3635 1253 3696 Dei
1290 3631 1657 3705 miserentis,
1699 3629 1777 3690 ad
1814 3629 1996 3690 Rom.

440 3732 521 3805 93
554 3734 656 3790 et:
692 3729 1045 3804 Quidltabes
1072 3729 1228 3808 quod
1262 3745 1379 3788 non
1401 3725 1686 3804 accepisti
1705 3724 1733 3786 3
1778 3722 1859 3784 ad
1894 3723 2006 3782 Co-

438 3821 633 3884 rinth.
650 3824 691 3883 4
710 3837 733 3900 3
764 3827 829 3882 et
844 3821 1101 3884 similes.
1132 3819 1439 3894 Secundo,
1466 3825 1560 3879 est
1580 3817 1699 3878 hoc
1718 3833 2006 3895 expresse

446 3917 589 3976 etin
613 3913 967 3994 particulari
988 3913 1313 3976 definitum
1342 3912 1411 3974 in
1454 3909 1725 3972 Concilio
1756 3908 2007 3970 Arausi-

440 4025 621 4081 ωηο,
644 4025 783 4070 can.
799 4009 862 4082 4,
878 4007 987 4068 uhi
1002 4007 1069 4068 in
1093 4007 1211 4068 hoe
1232 4023 1415 4066 seusu
1434 4003 1699 4066 traditur
1728 4001 1847 4064 sul>
1858 4019 2008 4063 ana·

443 4101 747 4176 themate,
762 4100 1012 4162 initium
1022 4098 1189 4180 fidoi,
1210 4099 1277 4160 id
1300 4097 1607 4176 estipsum
1628 4095 2009 4157 credulitatis

442 4191 987 4268 affectum,haberi
1006 4209 1133 4253 non
1158 4208 1330 4271 posse
1342 4190 1479 4252 sine
1504 4188 1741 4252 auxilio
1760 4188 2004 4265 gratias.

442 4287 617 4362 Quod
644 4287 709 4348 in
732 4287 1133 4366 sequentibus
1156 4284 1447 4365 capitulis
1467 4301 1579 4364 per
1604 4283 1757 4346 alias
1784 4280 2006 4343 defini-

441 4381 641 4442 tiones
680 4380 997 4461 genemhss
1044 4380 1485 4451 confirmatur-3
1528 4383 1593 4438 et
1620 4376 1789 4438 favet
1814 4375 2006 4437 etiam

442 4474 785 4536 Concilium
814 4473 1263 4550 milevitanum,
1294 4491 1429 4554 cap.
1462 4475 1523 4546 4,
1548 4476 1613 4532 et
1644 4469 1843 4548 magis
1870 4470 2007 4530 Tri-

446 4568 801 4642 dentinum,
831 4585 975 4628 sess.
1003 4570 1071 4641 6,
1110 4585 1351 4628 canone
1378 4568 1417 4628 3
1442 4571 1507 4628 et
1539 4566 1599 4625 4.
1631 4563 1864 4638 Tertio,
1892 4562 2006 4622 do·

450 4661 583 4722 cuit
597 4660 715 4720 hoe
730 4677 893 4738 saepe
918 4661 1323 4738 Augustinus,
1338 4664 1555 4720 eontra
1576 4655 1869 4734 reliquias
1886 4655 1968 4718 Pe
1981 4689 1998 4698 ·

448 4753 865 4832 lagianorum,
894 4753 1235 4832 prasertim
1252 4758 1382 4812 toto
1404 4751 1563 4812 libro
1588 4748 1667 4810 de
1688 4746 2003 4809 Proedesti·

450 4847 703 4909 natione
731 4847 1123 4920 Sanctorum,
1166 4865 1205 4908 a
1244 4863 1377 4925 cap.
1412 4846 1473 4919 3,
1504 4843 1613 4906 ubi
1632 4842 1863 4904 fatetur
1886 4840 2005 4902 ali-

444 4941 699 5022 quando
734 4955 803 5001 se
844 4939 1225 5000 centrarium
1282 4938 1563 5010 sensisse,
1624 4934 1879 5006 seilicet,
1936 4933 2002 4994 in

442 5032 817 5113 quilmdam
843 5030 1369 5112 propositionibus
1408 5031 1475 5092 in
1514 5028 1755 5107 epistol.
1784 5026 1867 5086 ad
1886 5025 2006 5088 Ro-

444 5145 690 5203 manos,
722 5126 789 5186 in
822 5128 887 5200 6,
916 5131 980 5186 et
1008 5124 1254 5186 duabus
1267 5121 1705 5203 sequentihus&
1734 5119 1887 5180 illud
1916 5124 2006 5180 ta·

444 5237 593 5282 men
643 5219 999 5282 nunciavit
1036 5217 1145 5278 lib.
1196 5221 1229 5278 1
1280 5215 1837 5288 Retractatiomim,
1862 5229 2002 5290 cap.

446 5313 560 5387 2³3
592 5312 759 5373 idem
786 5311 967 5371 docet
986 5310 1395 5388 Augustinus,
1432 5307 1543 5370 lib.
1584 5307 1659 5368 de
1680 5305 1917 5385 Spiritu
1944 5311 2008 5365 et

446 5403 665 5478 litter„
694 5421 831 5482 cap.
864 5404 943 5465 ³3
978 5409 1045 5464 et
1078 5405 1193 5480 343
1221 5399 1585 5481 Fulgentius
1600 5399 1679 5460 de
1714 5400 2006 5460 lucarna-

450 5498 619 5558 tione
645 5501 709 5558 et
724 5496 951 5576 gratia,
984 5513 1120 5576 cap.
1148 5496 1273 5574 ¹83
1319 5496 1599 5573 Prosper,
1638 5495 1853 5552 contra
1872 5488 2004 5552 Col·

1596 355 1835 408 msrur.
1872 355 1951 408 Vl.
1989 355 2069 410 DE
2099 357 2262 410 Acw
2297 358 2481 412 mum.

2080 451 2368 530 latorem,
2391 473 2526 534 cap.
2549 455 2590 516 6
2605 477 2624 530 ;
2667 460 2731 517 et
2766 453 3006 520 faciunt
3029 475 3169 536 quae
3195 457 3420 520 docent
3451 475 3645 538 gene-

2080 547 2297 610 raliter
2345 543 2552 610 Patres
2571 539 2653 610 'de
2679 549 3040 612 necessitate
3067 551 3283 628 gratim
3317 553 3394 615 ad
3428 554 3642 615 omnia

2080 647 2144 703 et
2167 639 2420 720 singula
2445 659 2632 722 opera
2670 640 2942 722 pietatis,
2988 645 3332 722 praesertim
3365 645 3650 708 Coelesti·

2080 753 2198 796 nus
2227 735 2276 810 1,
2307 736 2373 796 in
2401 734 2658 814 epistola
2687 737 2892 816 prima
2933 737 3016 802 sd
3039 737 3358 820 episcopos
3395 737 3642 813 Calliae,

2082 849 2216 911 cap.
2242 833 2284 894 9
2303 837 2368 893 et
2397 833 2498 906 12,
2523 837 2589 894 et
2607 832 2936 894 ‘Innocent-
2965 833 3018 906 1,
3045 831 3304 912 epistola
3339 835 3422 896 25
3447 838 3510 894 et
3533 834 3640 896 26.

2163 925 2226 987 3.
2269 925 2582 990 Probatur
2637 925 2876 989 tandem
2922 927 3284 990 rationibus.
3303 955 3392 979 -ν
3410 925 3646 988 Ultimo

2083 1024 2285 1098 potest
2309 1017 2444 1080 hac
2469 1017 2698 1082 veritas
2729 1017 2978 1099 probari
3013 1017 3362 1082 rationibus
3384 1018 3650 1082 Theolo-

2080 1111 2256 1189 gicis.
2291 1111 2446 1185 Quia
2486 1111 2540 1174 si
2565 1110 2858 1174 voluntas
2889 1111 3178 1174 credendi
3205 1117 3372 1174 esse-t
3389 1129 3472 1172 ax.
3493 1111 3648 1174 solis

2078 1205 2316 1268 viribus
2333 1212 2595 1281 naturas,
2629 1206 2881 1269 initium
2906 1207 3128 1270 salutis
3143 1212 3306 1270 esset
3333 1224 3410 1270 ex
3436 1205 3644 1282 nobis,

2079 1306 2142 1360 et
2170 1316 2298 1360 non
2319 1317 2398 1360 ex
2425 1299 2650 1378 gratia,
2681 1299 2846 1378 quod
2869 1299 2950 1362 ab
2976 1299 3246 1364 Ecclesia
3271 1301 3646 1366 dammum

2079 1403 2193 1460 est.
2238 1397 2504 1476 Sequela
2527 1402 2724 1476 patet,
2747 1397 2898 1476 quia
2919 1397 3400 1460 hnudmentum
3421 1396 3646 1458 salutis

2080 1495 2174 1552 est
2226 1490 2396 1564 fides,
2432 1495 2494 1552 et
2521 1490 2774 1552 initium
2823 1487 2970 1552 fidei
3007 1495 3102 1552 est
3149 1490 3285 1551 haee
3312 1489 3646 1562 voluntaa3

2081 1602 2230 1663 ergo
2257 1584 2310 1646 si
2339 1583 2472 1646 hoec
2497 1583 2782 1646 voluntas
2807 1588 2966 1646 esset
2981 1600 3064 1646 ex
3087 1582 3294 1656 nobis,
3315 1582 3382 1644 id
3407 1587 3521 1658 est,
3549 1583 3648 1644 vi·-

2081 1677 2251 1738 rihus
2277 1678 2526 1751 nostris,
2557 1695 2670 1738 nos
2691 1695 2804 1758 per
2838 1694 2955 1740 >nos
2981 1677 3150 1757 ipsos
3169 1677 3424 1738 initium
3453 1675 3650 1738 saluti

2083 1770 2405 1833 daremus.·
2449 1771 2770 1840 Secundo,
2817 1769 2958 1834 talis
3003 1770 3286 1832 voluntas
3323 1775 3422 1832 est
3461 1769 3646 1848 quasi

2081 1863 2302 1926 ultima
2335 1863 2656 1944 dispositio
2677 1864 2758 1927 ad
2780 1864 3024 1926 donum
3047 1861 3216 1938 fidei,
3247 1862 3414 1944 quod
3448 1875 3544 1923 est
3571 1861 3646 1924 in

2080 1957 2420 2034 intellectu,
2451 1964 2513 2018 et
2539 1963 2630 2019 est
2643 1958 2875 2018 donum
2903 1957 3157 2035 gratian
3183 1955 3518 2035 ergosiilla
3535 1973 3646 2018 vo-

2081 2049 2290 2112 luntas
2303 2056 2458 2113 esset
2473 2051 2790 2127 naturalis,
2807 2053 2998 2113 homo
3013 2069 3126 2131 per
3135 2051 3298 2112 vires
3309 2067 3454 2112 suas
3468 2050 3646 2112 suffi—

2081 2144 2316 2206 cienter
2337 2162 2407 2206 se
2428 2144 2780 2224 disponeret
2797 2143 2878 2204 ad
2897 2143 3146 2222 aliquod
3173 2144 3408 2206 donum
3423 2144 3644 2222 gratim

2083 2236 2326 2312 infuse,
2377 2243 2440 2298 et
2471 2236 2820 2298 inchoantis
2841 2235 3418 2311 sanctificationem,
3463 2236 3636 2316 quod

2082 2331 2272 2394 etiam
2303 2337 2396 2392 est
2421 2331 2570 2392 fidei
2613 2331 3020 2392 contrarium.
3067 2330 3302 2406 Tertio,
3341 2331 3474 2409 jam
3509 2337 3646 2392 tota

2083 2424 2286 2504 gratia
2313 2430 2473 2485 esset
2499 2441 2574 2484 ex
2601 2423 2814 2503 aliquo
2839 2423 3064 2486 merito
3099 2422 3392 2497 hominis,
3423 2423 3648 2486 saltem

2085 2517 2486 2598 impetrativo
2503 2563 2524 2592 ,
2565 2534 2676 2578 seu
2721 2517 2802 2578 de
2839 2533 3152 2594 congruo,
3192 2521 3260 2577 et
3304 2515 3390 2578 ita
3441 2517 3648 2596 gratia

2079 2611 2216 2690 ,iam
2241 2627 2370 2672 non
2393 2616 2556 2672 esset
2577 2609 2802 2688 gratia.
2845 2608 2998 2688 quia
3023 2614 3185 2672 esset
3219 2625 3300 2670 ex
3327 2609 3646 2689 operibus,

2078 2709 2151 2765 ut
2199 2721 2362 2782 saepe
2399 2702 2784 2781 Augustinus
2836 2707 3351 2779 argumentatur-3
3393 2701 3652 2781 sequela

2077 2803 2270 2878 patet,
2315 2797 2471 2876 quia.
2499 2795 2610 2858 illa
2635 2795 2924 2858 voluntas
2949 2794 3198 2874 aliquod
3245 2812 3402 2873 opus
3435 2801 3554 2870 est,
3581 2801 3650 2856 et

2078 2889 2342 2969 aliquale
2363 2889 2686 2964 meritum,
2717 2902 2864 2950 cum
2884 2887 3118 2967 optime
3146 2887 3438 2967 disponat
3465 2889 3542 2952 ad
3569 2888 3647 2950 fl-

2079 2983 2246 3046 dem.
2297 2983 2574 3062 Denique
2621 2988 3004 3061 praeceptum
3027 2980 3343 3056 credendi,
3381 2987 3453 3042 ut
3479 2981 3641 3062 disp.

2081 3080 2160 3140 {3
2189 3077 2450 3154 dicetur,
2475 3075 2946 3156 supernaturale
2967 3081 3064 3138 est
3082 3091 3104 3152 3
3125 3091 3276 3154 ergo
3287 3093 3416 3138 non
3443 3082 3650 3156 potest

2079 3172 2328 3252 impleri
2360 3169 2596 3232 viribus
2621 3175 2895 3242 naturoe3
2935 3168 3232 3249 impletur
3273 3175 3484 3232 autem
3515 3188 3650 3231 ma-

2078 3266 2248 3328 xime
2289 3282 2404 3345 per
2428 3264 2590 3326 hanc
2627 3263 3038 3338 voluntatem,
3073 3262 3222 3342 quia
3269 3269 3646 3342 preceptum

2079 3357 2264 3419 datur
2277 3358 2358 3418 de
2385 3363 2528 3419 actu
2554 3355 2774 3431 libero,
2794 3361 2868 3418 ut
2891 3355 3050 3418 liber
3073 3361 3190 3427 est,
3227 3360 3294 3418 et
3311 3354 3454 3416 ideo
3475 3355 3648 3433 prin·

2081 3449 2362 3530 cipaliter
2393 3448 2663 3510 refertur
2687 3447 2766 3510 ad
2795 3447 3206 3522 voluntatem,
3237 3453 3300 3512 et
3331 3465 3443 3526 per
3467 3446 3648 3510 illam

2079 3543 2176 3604 vel
2193 3542 2464 3604 violatur
2483 3541 2584 3604 vel
2603 3541 2984 3617 emtoditun
3009 3560 3160 3620 erg-o
3183 3541 3322 3603 talis
3359 3540 3650 3604 voluntas

2083 3635 2299 3698 efficax
2323 3642 2388 3696 et
2419 3635 2728 3697 sufficiens
2753 3635 2836 3696 ad
2875 3633 3264 3713 implendum
3293 3632 3448 3696 illud
3483 3653 3648 3715 prse-

2084 3733 2353 3809 eeptum,
2383 3745 2512 3788 non
2531 3733 2734 3807 potest
2748 3727 2966 3789 haberi
2985 3728 3120 3788 sine
3139 3727 3362 3805 gratia.

2170 3825 2230 3884 4.
2279 3823 2371 3886 De
2393 3838 2514 3902 qua
2555 3821 3142 3900 supernum-aziam
3181 3819 3462 3899 procedat
3482 3837 3650 3899 pras-

2087 3917 2288 3979 cedens
2341 3915 2618 3978 assertio.
2657 3945 2744 3960 -
2777 3914 2858 3976 Ut
2891 3919 3102 3976 autem
3131 3913 3457 3992 propriam
3483 3912 3652 3975 radi-

2087 4026 2222 4070 cem
2248 4009 2436 4087 hujus
2477 4007 2706 4068 necessi
2717 4006 2861 4068 tatis
2893 4012 2957 4066 et
3003 4025 3252 4070 sensnm
3293 4005 3650 4068 assertionis

2087 4099 2488 4181 explicemus,
2519 4105 2763 4179 oportet
2791 4099 3056 4160 ulterius
3093 4099 3408 4178 inquirere
3441 4097 3649 4177 qualis

2089 4195 2172 4256 sit
2193 4191 2750 4273 supernaturalitas
2799 4191 2970 4252 illius
2993 4198 3168 4254 actus
3193 4191 3554 4264 voluntatis,
3581 4191 3646 4251 id

2085 4293 2201 4362 est,
2225 4305 2304 4348 an
2335 4285 2418 4347 sit
2434 4284 2529 4346 illi
2553 4283 2922 4359 essentialis,
2949 4302 3036 4346 an
3061 4287 3262 4364 potius
3301 4283 3650 4348 accidenta-

2084 4380 2162 4441 lis
2189 4396 2210 4457 3
2259 4377 2425 4459 quod
2469 4376 2626 4438 alias
2663 4377 2788 4438 dici
2833 4376 2990 4438 solet
3011 4421 3027 4450 ,
3077 4395 3162 4438 an
3192 4376 3298 4439 ille
3349 4384 3522 4438 aetus
3563 4375 3651 4437 sit

2087 4470 2574 4552 supernaturalis
2597 4469 2804 4548 quoad
2825 4469 3261 4540 substantiam,
3285 4469 3385 4530 vel
3402 4473 3650 4530 tantum

2085 4563 2290 4644 quoad
2337 4563 2613 4624 modum.
2663 4561 2866 4626 Habet
2905 4561 3086 4626 enim
3149 4561 3267 4624 hoc
3315 4560 3648 4640 specialem

2082 4654 2512 4718 difficultatem
2560 4656 2626 4716 in
2675 4652 2784 4717 illo
2803 4661 2975 4728 amatu,
3009 4655 3158 4733 quia
3188 4671 3320 4715 non
3350 4653 3651 4732 supponit

2083 4750 2150 4811 in
2181 4747 2500 4810 intellectu
2539 4753 2748 4808 actum
2781 4745 3550 4826 supernaturalisordinis
3583 4752 3650 4806 et

2081 4841 2462 4914 substantia,
2491 4840 2560 4902 in
2583 4859 2710 4920 quo
2737 4841 2992 4902 fundari
3018 4841 3242 4920 possim
3265 4857 3414 4920 ergo
3443 4857 3650 4918 neque

2083 4933 2215 5013 ipse
2243 4938 2439 5012 potest
2477 4950 2610 4996 esse
2653 4933 2860 5011 quoad
2897 4933 3306 4994 substantiam
3349 4949 3640 5012 superna·

2086 5025 2322 5088 turalis.
2374 5024 2764 5086 Antecedens
2789 5032 2980 5104 patet,
3023 5027 3172 5104 quia
3204 5024 3337 5086 hoec
3365 5024 3653 5086 voluntas

2087 5137 2214 5180 non
2261 5117 2558 5198 supponit
2593 5124 2806 5182 sotum
2843 5117 3016 5192 fidei,
3063 5135 3206 5180 cum
3233 5118 3314 5178 sit
3363 5116 3652 5198 proxima

2086 5229 2274 5274 causa
2297 5212 2480 5288 eJus:
2515 5209 2624 5270 sed
2669 5216 2842 5272 actus
2884 5209 3032 5273 fidei
3083 5216 3178 5272 est
3208 5210 3446 5289 primus
3477 5215 3654 5272 aetus

2086 5301 2576 5384 supernaturalis
2617 5301 2990 5377 intellectus,
3027 5308 3162 5365 tum
3205 5303 3356 5382 quia
3397 5310 3651 5381 propter

2086 5397 2248 5458 haue
2271 5411 2522 5456 causam
2575 5394 2804 5456 dicitur
2845 5395 2994 5471 fidos
3038 5397 3224 5460 radico
3253 5398 3552 5473 justitie,
3579 5396 3650 5456 in

2085 5486 2466 5566 Tridentino,
2493 5503 2640 5552 sess.
2688 5488 2754 5563 6,
2793 5505 2930 5570 sap.
2975 5489 3058 5562 ὃς
3088 5495 3224 5555 tum
3267 5490 3458 5554 etiam
3497 5489 3650 5569 quia
