3900 6217
730 486 901 538 SECT.
938 488 975 537 l.
1012 486 1096 538 AN
1132 488 1193 537 ΙΝ
1227 486 1689 540 SPlRlTUALlBUS
1720 486 2052 540 'rt-:NEATUR
2084 487 2254 540 ΗΟΜΟ
2287 486 2477 538 lincis
2517 484 2652 541 Sim.
2692 482 2823 534 Em.

154 584 339 657 litaero,
372 591 461 647 est
482 584 657 646 valde
685 586 1071 666 aequivocum
1094 610 1112 663 3
1143 594 1479 668 utcumque
1509 595 1723 651 autem

156 679 261 751 sit,
295 675 400 739 illa
420 678 541 738 suit
568 678 783 758 petitio
806 697 880 740 ex
909 696 1137 759 magna
1166 681 1561 757 confidentia,
1586 700 1725 763 quae

159 768 483 830 oriebatur
514 788 589 831 ex
612 770 947 845 charitate;
988 774 1155 834 uude
1192 793 1319 835 nou
1348 774 1725 835 desideravit

164 864 411 942 Moyses
454 862 645 924 deleri
687 864 765 925 de
811 864 971 927 libro
1012 866 1155 944 illo,
1197 867 1301 928 sed
1339 867 1613 947 loquitur
1648 866 1725 927 ad

158 956 383 1029 Deum,
427 957 583 1018 sicut
621 956 791 1037 loqui
836 958 989 1022 solet
1024 960 1261 1020 amicus
1282 960 1729 1023 confidentissi-

154 1064 343 1109 mus:
414 1050 515 1118 1⁷02
542 1052 649 1115 hoo
686 1056 815 1130 sac,
860 1052 953 1116 tel
993 1053 1265 1130 interfice
1296 1073 1429 1127 me;
1472 1055 1558 1115 ita
1581 1054 1728 1115 Gre-

156 1142 397 1220 gorius,
439 1145 521 1205 20
547 1143 901 1219 Moralium,
934 1164 987 1207 c.
1023 1148 1104 1223 85
1135 1147 1573 1227 Hieronymus,
1625 1166 1722 1225 ep.

154 1235 239 1295 ad
275 1236 683 1299 Gaudentium
713 1254 729 1311 ς
763 1239 861 1300 vel
887 1240 1105 1302 aliter:
1140 1240 1265 1305 Fac
1298 1242 1429 1316 Ιιοσ,
1470 1245 1579 1303 aut
1606 1241 1729 1303 dele

156 1348 253 1391 me
298 1332 365 1393 de
404 1348 649 1394 numero
678 1334 1025 1415 hujusmodi
1054 1338 1437 1417 privatorum
1468 1340 1525 1398 ot
1548 1337 1729 1415 prin-

158 1420 385 1501 cipum,
428 1429 497 1484 ut
538 1424 867 1505 CaJ'etanus
906 1428 989 1489 ibi
1019 1452 1037 1505 ;
1071 1429 1169 1490 vel
1214 1430 1337 1492 dele
1380 1447 1471 1491 me
1512 1430 1579 1492 de
1620 1434 1728 1493 tua

160 1517 492 1593 memoria,
525 1519 687 1598 quod
732 1520 897 1581 inter
932 1522 1165 1583 amicos
1198 1522 1313 1582 dici
1359 1520 1555 1597 solet,
1599 1540 1725 1583 am·

152 1608 333 1691 plius
360 1627 432 1671 ne
477 1614 809 1675 recorderis
851 1612 985 1690 mei,
1019 1621 1091 1675 ut
1141 1615 1436 1695 Euthym.
1466 1662 1481 1686 ,
1519 1616 1615 1675 Ps.
1649 1615 1728 1675 68

162 1708 227 1761 et
256 1706 333 1764 79
364 1705 667 1783 exposuit.
704 1704 901 1785 Atque
941 1726 1013 1767 ex
1048 1708 1345 1768 hactenus
1368 1706 1609 1768 traditis
1637 1707 1731 1766 in·

160 1794 357 1874 telligi
401 1802 601 1875 potest
653 1799 860 1859 minus
900 1806 1063 1861 recte
1112 1799 1417 1881 Capreol.‚
1452 1800 1519 1861 in
1562 1802 1634 1876 3,
1663 1798 1725 1862 d.

168 1889 271 1961 27,
302 1906 364 1967 q.
400 1890 457 1961 1,
484 1895 601 1951 art.
652 1894 711 1965 3,
744 1893 821 1952 ad
870 1900 1309 1973 argumentum
1358 1898 1573 1955 contra
1611 1899 1732 1953 ter·

168 1981 320 2041 tiam
368 1982 846 2061 conclusionem,
878 1994 1126 2067 putasse
1162 1984 1341 2045 licere
1370 1987 1547 2046 nohis
1575 1987 1731 2048 velle

160 2092 373 2137 carere
415 2075 639 2154 gratia,
682 2078 733 2137 si
769 2078 829 2137 id
863 2078 1015 2139 utile
1062 2078 1449 2158 judicaretur
1498 2078 1576 2139 ad
1623 2077 1731 2141 bo-

160 2184 314 2228 num
361 2186 692 2231 commune
720 2170 1059 2251 spirituale.

244 2260 305 2323 7.
354 2260 635 2326 Secunda
669 2264 1082 2329 conclusio.—
1098 2264 1350 2347 objectio
1378 2266 1733 2349 multiplici-

166 2362 261 2419 ter
300 2356 579 2419 solvitur.
614 2390 696 2403 ——
725 2359 865 2420 Dico
907 2360 1217 2420 secundo:
1262 2361 1599 2421 secundum
1637 2379 1735 2420 or-

163 2449 375 2510 dinem
404 2449 722 2512 charitatis
748 2451 955 2513 nullus
992 2458 1264 2529 tenetur,
1294 2472 1496 2533 neque
1534 2458 1732 2533 potest

163 2542 495 2604 subvenire
524 2543 663 2604 aliis
700 2562 843 2605 cum
875 2563 948 2606 eo
990 2547 1242 2625 proprio
1284 2546 1586 2626 spirituali
1629 2546 1732 2608 de-

164 2636 486 2713 trimento,
522 2639 686 2718 quod
725 2638 971 2719 eulpam
1007 2638 1284 2702 includit.
1328 2642 1432 2701 Est
1470 2646 1635 2701 certa
1671 2645 1733 2701 et

163 2730 534 2805 communis,
567 2732 727 2811 apud
760 2732 827 2795 D.
863 2732 1165 2794 'rhomam
1195 2736 1253 2795 Ξ).
1291 2736 1352 2812 2,
1385 2753 1445 2813 q.
1473 2736 1577 2803 43.
1609 2739 1727 2795 art.

166 2827 243 2898 73
276 2824 443 2901 Sot0,
468 2826 505 2885 5
542 2825 617 2886 de
652 2826 838 2901 Just„
870 2844 932 2906 q.
969 2830 1029 2903 l,
1070 2832 1185 2889 art.
1214 2827 1274 2887 6.
1308 2826 1628 2907 Colligitur
1655 2845 1759 2895 ex,

170 2919 351 2979 Rom.
399 2918 437 2978 3
479 2935 496 2979 ε
538 2918 685 2984 Non
723 2923 867 2982 sunt
900 2920 1187 2997 facienda
1225 2920 1414 2993 mala,
1461 2927 1615 2997 etc.;
1672 2933 1734 2982 et

171 3010 391 3071 Matth.
424 3012 499 3072 16
527 3030 540 3070 ε
576 3011 736 3085 Quid
748 3012 991 3092 prodest
1020 3012 1269 3090 homini,
1296 3014 1355 3075 si
1386 3014 1734 3079 universum

168 3104 457 3167 mundum
482 3102 770 3181 lucretur,
817 3104 1036 3168 animoe
1071 3124 1209 3171 vero
1248 3124 1376 3170 επακ
1415 3108 1733 3171 detrimen-

165 3202 295 3258 tum
326 3196 629 3279 potiatur.
684 3196 861 3258 Ratio
900 3202 1012 3271 est,
1059 3200 1207 3281 quia
1250 3200 1433 3282 culpa
1476 3200 1734 3261 includit

166 3288 277 3349 Dei
353 3288 651 3350 offensam
684 3334 705 3366 ‚
758 3306 899 3371 quae
954 3292 1209 3354 vitanda
1267 3299 1359 3353 est
1402 3292 1731 3373 plusquam

164 3382 376 3442 omnia
408 3382 571 3443 mala
614 3391 1056 3446 creaturarum.
1101 3386 1310 3447 Dices:
1344 3385 1477 3447 fieri
1523 3392 1733 3466 posset

165 3482 237 3535 ut
285 3474 491 3537 aliena
546 3476 781 3555 majora
842 3483 1089 3557 peccata
1140 3480 1415 3541 vitentur
1470 3480 1733 3541 minimo

168 3570 441 3648 quodam
500 3569 622 3631 levi
681 3575 931 3650 peccato
1002 3572 1267 3653 proprio,
1311 3574 1737 3653 Respondetur

168 3680 476 3742 quemque
500 3665 694 3725 teneri
713 3662 1013 3733 absolute,
1042 3684 1113 3726 ac
1142 3666 1274 3727 sine
1300 3664 1425 3727 ullo
1460 3674 1737 3746 respectu

168 3754 245 3813 ad
276 3752 441 3815 bona
468 3754 613 3831 alia,
645 3756 837 3817 vitare
859 3758 1125 3837 culpam.
1153 3758 1379 3819 Deinde
1408 3758 1589 3839 culpa
1608 3777 1737 3819 non

169 3850 263 3906 est
302 3846 579 3907 medium
616 3866 728 3928 per
781 3868 843 3911 se
891 3848 1244 3910 ordinatum
1303 3851 1382 3911 ad
1432 3851 1737 3912 tollendas

168 3938 322 3999 alias
344 3938 579 4020 culpas,
606 3945 667 4001 et
688 3940 739 4001 si
762 3942 881 4003 hoc
908 3942 1221 4003 interdum
1250 3944 1421 4023 sequi
1444 3962 1553 4023 per
1579 3943 1737 4005 acci·

169 4031 327 4091 dens
370 4034 559 4111 possit
584 4078 601 4107 ,
646 4050 847 4113 neque
884 4034 1086 4095 reddit
1124 4041 1332 4097 actum
1376 4035 1732 4113 honestum,

172 4129 245 4183 ut
272 4142 345 4185 ex
378 4128 435 4185 1.
470 4128 509 4187 2
534 4124 750 4205 liquet.
792 4126 1067 4189 Tandem
1101 4127 1381 4210 implicat
1419 4138 1736 4211 peccatum

172 4234 304 4277 esse
351 4216 706 4298 eligendum
751 4219 967 4281 ordine
996 4218 1313 4283 eharitatis
1342 4240 1737 4303 quocumque

174 4309 339 4371 fine:
371 4329 519 4372 nam
549 4310 601 4372 si
642 4318 733 4374 est
774 4317 1117 4393 peccatum,
1149 4320 1241 4375 est
1268 4322 1481 4377 contra
1504 4322 1733 4377 rectam

173 4404 478 4466 rationem
502 4421 522 4482 ;
550 4422 700 4485 ergo
726 4424 854 4467 non
882 4404 1045 4467 licet.
1078 4408 1141 4469 Si
1172 4415 1381 4469 autem
1409 4416 1499 4470 est
1520 4427 1738 4470 secun-

172 4497 326 4557 dum
372 4498 653 4559 ordinem
687 4498 1003 4561 charitatis
1048 4500 1443 4579 eligendum,
1476 4518 1625 4581 ergo
1664 4501 1737 4561 li-

172 4595 291 4650 cet.
340 4588 501 4651 Fieri
546 4592 796 4671 quidem
846 4592 1163 4654 interdum
1209 4599 1409 4672 potest
1446 4596 1517 4653 ut
1572 4592 1737 4673 quod

176 4682 333 4743 alias
374 4701 501 4744 non
528 4682 761 4760 liceret,
792 4684 859 4745 in
909 4703 1055 4746 casu
1083 4682 1219 4745 talis
1245 4685 1627 4746 necessitatis
1662 4683 1739 4745 li-

174 4780 312 4835 ceat
349 4825 354 4830 .
395 4777 457 4836 id
505 4793 651 4838 vero
687 4777 888 4839 solum
930 4783 1129 4858 potest
1166 4778 1437 4854 evenire,
1489 4778 1739 4859 quando

173 4888 273 4933 res
314 4888 441 4931 non
484 4876 577 4931 est
611 4872 939 4932 intrinsece
983 4870 1168 4932 mala.

258 4966 319 5028 8.
371 4963 779 5031 corollarium
823 4980 897 5027 ιω
938 4964 1295 5045 proecedenti
1345 4962 1735 5028 conclusione.

174 5092 258 5104 —
280 5060 371 5119 Ex
410 5057 526 5118 hac
558 5055 985 5130 conclusione,
1036 5056 1314 5137 sequitur
1359 5062 1571 5118 contra
1632 5056 1737 5117 So·

174 5158 338 5226 tum,
381 5149 540 5210 libro
570 5151 609 5211 5
640 5148 717 5209 de
752 5147 1021 5223 Justitia,
1068 5166 1129 5229 q.
1169 5152 1227 5225 1,
1256 5150 1430 5211 artic.
1464 5152 1543 5226 6,
1593 5155 1740 5211 ante

176 5246 218 5307 6
248 5242 707 5306 conclusionem
729 5287 750 5317 ,
803 5240 1041 5302 nemini
1080 5240 1263 5303 licere
1302 5248 1553 5322 propter
1592 5242 1741 5303 alio-

176 5356 320 5399 rum
382 5337 643 5398 salutem
704 5353 1007 5417 exponere
1073 5352 1137 5395 se.
1200 5336 1420 5396 morali
1467 5335 1740 5417 periculo

176 5430 476 5512 peccandi
500 5429 865 5503 mortaliter,
887 5448 964 5490 ex
988 5427 1093 5489 illa
1115 5427 1335 5508 regula
1364 5429 1736 5506 Ecclesiast.,

178 5526 365 5605 capit.
399 5526 471 5585 3:
508 5522 625 5597 Qui
658 5529 824 5587 amat
846 5522 1209 5605 periculum,
1247 5522 1472 5603 peribit
1510 5524 1577 5587 in
1604 5524 1736 5586 illo.

180 5620 337 5682 Nam
366 5618 434 5679 in
476 5616 815 5679 moralibus
841 5616 1009 5678 idem
1056 5621 1149 5678 est
1199 5616 1589 5678 committere
1611 5661 1633 5694 ,
1680 5621 1744 5677 et

3257 480 3378 539 709

1806 606 2114 668 exponere
2161 606 2224 651 se
2287 587 2509 649 morali
2561 584 2832 666 periculo
2893 584 3368 660 committendi3

1806 682 1970 761 quod
2009 682 2277 745 maxime
2323 698 2544 743 verum
2582 684 2697 754 est,
2729 678 2976 759 quando
3023 675 3367 757 periculum

1806 780 1894 837 est
1942 774 2010 835 in
2061 774 2475 836 determinata
2501 773 2808 847 materia,
2845 772 2912 832 in
2967 790 3092 850 qua
3149 770 3374 849 aliquis

1806 868 2092 947 fragilem
2122 887 2186 929 se
2219 873 2511 947 expertus
2550 872 2661 926 est.
2697 866 2758 925 Si
2789 882 2936 925 vero
2983 865 3048 923 in
3095 862 3374 937 confuso,

1808 982 1937 1023 non
1981 967 2181 1043 potest
2221 967 2388 1023 certa
2428 960 2644 1041 regula
2697 960 2856 1019 tradi
2895 1004 2914 1034 ,
2971 957 3074 1019 sed
3129 976 3238 1037 pro
3277 976 3374 1018 ra-

1808 1056 1978 1117 tione
2033 1055 2410 1116 necessitatis
2470 1066 2533 1114 et
2589 1052 2847 1133 periculi
2901 1050 3216 1131 pensanda
3276 1068 3374 1110 res

1810 1150 1973 1227 erit;
2008 1147 2060 1209 si
2093 1168 2238 1211 vero
2275 1148 2356 1209 sit
2401 1146 2745 1227 periculum
2785 1145 2862 1205 de
2911 1142 3141 1205 veniali
3167 1189 3186 1219 ,
3245 1161 3376 1203 non

1809 1246 1900 1303 est
1943 1242 2277 1303 admodum
2309 1240 2662 1321 scrupulose
2701 1238 3050 1316 agendum,
3083 1236 3371 1315 quamvis

1806 1353 2048 1417 semper
2087 1341 2368 1417 oporteat
2419 1352 2634 1395 cavere
2681 1351 2862 1408 num,
2915 1332 3155 1391 ratione
3210 1328 3372 1409 peri-

1806 1428 1930 1489 culi
1960 1430 2060 1491 cui
2099 1430 2323 1511 aliquis
2351 1426 2454 1489 hic
2487 1433 2547 1488 et
2587 1445 2754 1487 nuuc
2795 1443 2860 1485 sc
2903 1422 3192 1504 exponit,
3232 1441 3374 1483 cen-

1806 1528 2014 1584 seatur
2042 1540 2292 1604 peccare
2316 1520 2643 1585 venialiter
2658 1536 2680 1598 3
2725 1537 2871 1579 nam
2901 1516 3017 1577 hoc
3050 1532 3375 1597 nunquam

1807 1615 1975 1678 licet.
2349 1608 2354 1613 '
3285 1618 3290 1623 “

1890 1712 1952 1773 9.
2002 1709 2210 1773 Tertia
2255 1707 2576 1773 conclusio.
2619 1743 2696 1754 -
2747 1706 2892 1769 Dico
2937 1706 3165 1768 tertio:
3220 1704 3374 1765 illud

1814 1802 2001 1864 etiam
2033 1802 2350 1883 spirituale
2381 1802 2848 1877 detrimentum,
2882 1799 3042 1879 quod
3069 1799 3212 1859 licet
3248 1798 3378 1859 cul-

1812 1915 1956 1977 pam
1988 1915 2113 1957 non
2141 1895 2437 1971 includat,
2471 1895 2697 1955 minuit
2729 1899 2935 1954 tamen
2967 1891 3374 1953 substantiam

1812 1989 2004 2069 ipsius
2047 1988 2388 2065 charitatiS,
2416 2006 2524 2049 seu
2553 1984 2814 2067 impedit
2847 1986 3048 2067 potius
3077 2002 3373 2063 augmen·

1812 2090 1946 2143 tum
1991 2082 2126 2161 ejus
2164 2089 2225 2143 et
2270 2082 2674 2155 meritorum,
2725 2098 2850 2141 non
2893 2085 2986 2139 est
3034 2076 3372 2139 secundum

1814 2174 2095 2237 ordinem
2150 2174 2468 2235 charitatis
2511 2172 2781 2253 eligibile
2821 2178 3068 2253 propter
3107 2170 3374 2231 aliorum

1813 2268 2097 2330 salutem.
2161 2266 2464 2330 Probatur
2494 2311 2515 2343 ,
2563 2266 2712 2349 quia
2767 2265 2890 2327 tale
2935 2263 3378 2325 detrimentum

1814 2379 1943 2421 nou
1969 2367 2062 2421 est
2090 2379 2200 2440 per
2227 2378 2292 2422 se
2321 2358 2676 2421 ordinatum
2704 2358 2780 2420 ad
2805 2358 3067 2419 aliorum
3089 2355 3372 2423 salutem.

1814 2472 1929 2515 nec
1983 2470 2093 2533 per
2148 2472 2212 2517 se
2276 2459 2368 2515 est
2410 2451 2696 2515 amabile.
2735 2450 3013 2513 Secundo
3041 2494 3063 2527 ,
3110 2447 3375 2508 charitas

1814 2548 2086 2608 maxime
2133 2547 2392 2608 inclinat
2441 2546 2518 2607 ad
2562 2545 2658 2607 sui
2691 2544 3130 2625 perfectionem
3152 2555 3174 2619 3
3227 2557 3374 2619 ergo

1812 2658 1940 2701 non
1983 2641 2240 2701 inclinat
2284 2640 2363 2701 ad
2407 2639 2467 2699 id
2521 2638 2684 2719 quod
2727 2639 2890 2699 hanc
2935 2635 3375 2716 perfectionem

1811 2732 2094 2813 impedit.
2133 2732 2430 2813 Objicies:
2475 2751 2620 2793 nam
2651 2749 2816 2813 saepe
2849 2735 3098 2793 tenetur
3123 2728 3259 2809 quis
3297 2744 3376 2787 ex

1812 2826 2112 2887 charitate
2139 2844 2266 2887 nou
2308 2842 2617 2887 assumere
2647 2829 2878 2886 statum
2907 2821 3224 2902 religionis
3243 2866 3262 2895 ‚
3305 2824 3377 2881 ut

1812 2918 2140 2981 subveniat
2171 2920 2330 2997 aliis,
2367 2938 2511 2981 cum
2555 2938 2677 3001 qua
2720 2916 3096 2998 obligatione
3137 2920 3228 2977 est
3269 2932 3377 2975 ne·

1814 3014 2074 3075 cessario
2121 3014 2524 3093 conjunctum
2567 3011 2724 3075 illud
2759 3012 3237 3087 detrimentum;
3267 3006 3368 3069 sed

1814 3104 2078 3167 charitas
2111 3106 2310 3187 magis
2341 3105 2600 3168 inclinat
2639 3104 2718 3167 ad
2756 3105 2818 3165 id
2865 3104 3028 3185 quod
3082 3110 3172 3165 est
3219 3119 3376 3183 prae-

1812 3204 2059 3278 ceptum
2086 3245 2100 3272 ‚
2133 3218 2320 3279 quam
2367 3199 2440 3260 ad
2483 3203 2740 3272 coetera,
2775 3197 2919 3279 quia
2974 3196 3170 3275 magis
3208 3200 3374 3254 amat

1813 3292 2353 3354 conservationem
2385 3310 2586 3370 suam,
2615 3309 2804 3373 quam
2844 3307 3029 3350 suum
3077 3304 3377 3367 augmen-

1814 3390 1988 3444 tum:
2019 3403 2190 3464 erge,
2223 3392 2342 3447 etc.
2389 3383 2815 3465 Respondetur
2851 3398 3069 3443 verum
3114 3396 3243 3440 esse
3281 3376 3377 3437 in·-

1813 3476 2060 3539 terdum
2091 3477 2455 3539 charitatem
2495 3478 2694 3556 magis
2726 3473 3021 3536 inclinare
3051 3470 3126 3533 ad
3179 3477 3373 3544 actuS,

1814 3570 1921 3650 qui
1950 3588 2026 3631 ex
2055 3588 2280 3649 genere
2311 3589 2423 3630 suo
2460 3574 2605 3629 sunt
2642 3568 2848 3629 minus
2877 3564 3147 3647 perfecti,
3181 3580 3378 3645 quan·

1814 3664 1893 3725 do
1935 3669 2082 3723 sunt
2122 3663 2320 3743 magis
2367 3662 2731 3734 necessarii;
2764 3666 2972 3721 tamen
3019 3658 3180 3719 hanc
3225 3654 3378 3716 obli-

1816 3757 2130 3835 gationem
2163 3775 2274 3836 per
2314 3774 2378 3816 se
2419 3773 2547 3815 non
2590 3771 2934 3834 repugnare
2966 3768 3109 3812 cum
3157 3745 3378 3827 majori

1816 3856 2153 3928 augmento
2226 3854 2288 3908 et
2346 3847 2718 3928 perfectione
2783 3845 3099 3907 charitatis
3153 3858 3173 3919 ;
3232 3842 3380 3923 quia

1816 3941 2162 4003 exercendo
2209 3940 2348 4001 illos
2409 3946 2582 4001 actus
2626 3957 2769 4001 cum
2821 3936 3040 4018 majori
3083 3934 3376 4016 puritate,

1816 4034 2189 4110 intensione,
2222 4040 2284 4096 et
2315 4034 2540 4096 aflectu
2589 4033 2931 4109 charitatiS,
2979 4036 3181 4113 potest
3211 4028 3378 4109 quis-

1817 4130 1984 4207 piam
2018 4128 2216 4209 magis
2261 4128 2510 4203 mereri,
2539 4128 2592 4188 si
2627 4125 2817 4202 velit3
2849 4124 3010 4205 quod
3054 4122 3107 4183 si
3146 4122 3284 4203 quis
3315 4120 3378 4181 id

1816 4239 1944 4281 non
1993 4220 2176 4282 faciat
2203 4270 2219 4297 ‚
2264 4238 2390 4281 non
2434 4238 2510 4281 ex
2561 4218 3008 4301 impedimento
3067 4215 3377 4295 praecepti,

1814 4315 1922 4375 sed
1974 4334 2051 4376 ex
2101 4334 2212 4376 sua
2256 4314 2588 4393 fragilitate
2649 4316 2957 4373 nascetur.
3013 4310 3220 4391 ltaque
3261 4308 3378 4368 hoc

1816 4410 2254 4471 detrimentum
2277 4408 2551 4489 permitti
2575 4406 2888 4469 interdum
2910 4411 3131 4486 potest,
3161 4404 3379 4465 etiam·

1815 4502 1866 4563 si
1901 4502 2215 4563 moraliter
2249 4502 2329 4562 sit
2361 4510 2596 4563 certum
2617 4498 2747 4560 fore
2775 4504 3172 4560 eventurum.

1900 4595 2001 4657 10.
2049 4590 3178 4675 Quoestiunoula.—E'oepeditur.-Scd
3209 4588 3381 4671 quid,

1818 4686 1869 4749 si
1907 4688 2230 4748 necessitas
2267 4684 2533 4767 proximi
2579 4702 2705 4746 non
2737 4684 2817 4747 sit
2855 4691 3052 4759 tanta,
3083 4688 3153 4744 ut
3191 4683 3381 4743 homo

1820 4799 1896 4843 ex
1926 4785 2234 4861 praecepto
2275 4778 2582 4857 obligetur
2622 4778 2698 4838 ad
2727 4776 3220 4839 subveniendum
3249 4776 3384 4837 illi?

1819 4872 2112 4934 licebitne
2159 4873 2512 4953 permittere
2561 4870 2717 4932 illud
2759 4871 3196 4932 detrimentum
3241 4888 3381 4949 pro-

1820 4972 1958 5047 pter
1997 4966 2230 5027 bonum
2268 4966 2560 5029 alterius?
2587 4964 3130 5047 Respondendum,
3164 4965 3216 5026 si
3247 4962 3386 5043 quis

1819 5060 1905 5121 sic
1942 5058 2146 5134 faciat,
2178 5078 2290 5141 per
2329 5078 2393 5121 se
2431 5058 2738 5139 loquendo
2767 5076 2893 5119 non
2931 5076 3206 5137 peccare,
3237 5056 3385 5137 quia

1820 5172 1947 5214 non
1973 5152 2323 5233 obligamur
2344 5170 2420 5215 ex
2446 5157 2748 5233 praecepto
2772 5150 2850 5211 ad
2872 5150 3198 5211 vitandum
3223 5150 3386 5229 ejus·

1822 5246 1991 5308 modi
2023 5246 2496 5323 detrimentumj,
2529 5250 2739 5305 tamen
2777 5244 2828 5304 si
2872 5261 3085 5305 verum
3135 5242 3216 5303 sit
3254 5260 3385 5303 esse

1822 5340 1972 5400 illud
2004 5338 2350 5420 periculum
2379 5336 2610 5419 proprii
2645 5336 3024 5411 detrimenti,
3061 5351 3384 5414 nunquam

1822 5431 2003 5494 credo
2040 5450 2167 5493 esse
2196 5432 2261 5491 in
2289 5430 2566 5505 consiliO,
2609 5428 2714 5491 sed
2747 5429 2949 5509 potius
2977 5427 3379 5489 contrarium.

1823 5526 2002 5587 Ratio
2044 5532 2158 5601 est,
2200 5525 2348 5603 quia
2394 5541 2535 5585 cum
2582 5540 2710 5583 non
2759 5521 2840 5583 sit
2885 5526 3280 5601 praeceptum,
3316 5523 3388 5580 ut

1820 5610 2211 5699 supponitur,
2251 5623 2446 5679 cessat
2487 5615 2841 5691 necessitas,
2888 5621 2951 5676 et
2989 5615 3078 5676 ita
3119 5614 3386 5675 charitas
