3900 6217
700 363 870 417 SECT.
907 365 988 417 Vl.
1025 364 1108 415 AN
1141 363 1452 417 ECCLESIAE
1485 362 1712 415 umus
1741 362 1914 417 UNUH
1948 363 2141 417 mum
2176 359 2436 413 vlsmm:
2469 358 2689 419 CAPUT.
2727 360 2860 413 mc.

219 474 344 533 dum
373 470 624 531 Joannes
669 465 800 527 Hus
851 468 916 525 et
962 462 1226 526 Wiclefl'.
1267 464 1559 525 dixerunt
1603 464 1726 525 Ro-

217 563 385 627 manis
409 558 791 623 Pontificibus
831 558 1047 619 datum
1076 557 1264 620 fuisse
1291 556 1574 619 Ecclesiae
1599 556 1726 638 pri-

219 663 416 719 matum
479 651 557 713 ab
619 651 1094 731 imperatoribus
1150 648 1557 713 Constantino
1580 696 1602 725 ,
1661 653 1725 711 et

220 752 414 827 Phoca3
438 745 545 827 qui
573 744 948 807 damnantur
973 744 1042 806 in
1065 744 1342 807 Concilio
1371 744 1718 817 Constant„

217 853 390 908 eontra
413 858 557 919 quos
594 840 783 901 etiam
831 838 998 901 infra
1041 840 1352 919 agendum
1370 853 1391 916 ;
1415 837 1504 899 sic
1531 838 1724 917 igitur

215 934 452 999 nonnulli
479 931 770 997 Catholici
813 938 1210 995 asseruerunt
1253 930 1722 993 monarchicum

215 1032 448 1109 regimen
485 1025 770 1088 Ecclesiae
816 1043 1096 1087 manasse
1139 1026 1220 1087 ab
1265 1025 1400 1105 ipsa
1429 1023 1716 1101 Ecclesia,

213 1122 348 1205 quod
364 1122 538 1183 sentit
554 1119 810 1181 Gersou.
818 1164 839 1195 ,
863 1118 1118 1194 Ocham,
1143 1124 1203 1180 et
1217 1117 1348 1194 alii,
1366 1116 1724 1180 existiman-

213 1224 286 1279 tes
306 1214 626 1277 Concilium
670 1212 961 1293 generale
1003 1231 1190 1291 supra
1215 1213 1445 1293 Papam
1469 1229 1620 1287 esse,
1652 1218 1723 1274 ut

211 1310 337 1389 disp.
363 1311 420 1383 5,
445 1309 514 1367 in
536 1304 662 1368 fine
687 1312 836 1369 sect.
863 1310 926 1381 7,
947 1306 1288 1385 attigimuS.

269 1406 318 1465 2.
346 1401 554 1465 Prima
584 1401 844 1467 assertio
875 1401 945 1463 de
979 1400 1120 1477 fide.
1144 1399 1478 1481 -Duplex
1508 1399 1720 1463 modus

207 1513 455 1577 supr-m
490 1492 832 1575 potestatis.
851 1524 934 1540 —
957 1493 1102 1554 Dico
1149 1509 1299 1572 ergo
1325 1491 1530 1573 primo
1561 1512 1576 1551 :
1606 1492 1723 1553 Ne-

207 1608 338 1651 cesse
361 1595 602 1648 estesse
643 1586 712 1647 in
757 1586 1025 1648 Ecclesia
1067 1603 1263 1647 unam
1297 1584 1573 1665 aliquam
1619 1602 1724 1645 su·

207 1698 442 1765 premam
459 1684 848 1761 potestatem,
866 1680 944 1741 ad
965 1695 1158 1760 quam
1179 1680 1448 1760 pertinet
1473 1678 1720 1739 univer-

208 1776 318 1839 salis
340 1774 548 1837 Christi
593 1774 884 1836 Ecclesiae
932 1774 1236 1853 regimen.
1267 1772 1590 1834 Conclusio
1631 1778 1724 1833 est

208 1871 264 1929 de
305 1868 432 1943 fide,
471 1886 662 1947 quam
715 1868 822 1928 vix
846 1866 1010 1928 ullus
1043 1866 1476 1927 haereticorum
1507 1873 1716 1945 negat.

207 1962 504 2025 Notandum
531 1960 706 2021 enim
733 1965 826 2023 est
849 1959 1018 2023 aliud
1045 1978 1177 2021 esse
1205 1958 1342 2020 dari
1366 1958 1436 2020 in
1455 1959 1722 2021 Ecclesia

208 2062 512 2137 potestatem
567 2072 930 2135 supremam
952 2102 972 2132 ,
1037 2072 1174 2135 quae
1216 2053 1720 2133 jurisdictionem

208 2149 385 2213 haheat
402 2196 421 2225 ,
469 2154 529 2211 et
564 2148 704 2210 vim
744 2148 1110 2209 directivam
1163 2154 1226 2208 et
1269 2146 1604 2209 coactivam
1651 2146 1718 2207 in

208 2244 502 2305 universam
529 2240 876 2303 Ecclesiam
899 2262 918 2316 3
959 2240 1128 2301 aliud
1155 2257 1302 2302 vero
1329 2238 1490 2300 hauc
1522 2243 1716 2317 potes·

207 2340 356 2397 tatem
399 2353 522 2399 esse
573 2335 648 2397 in
693 2353 822 2396 uno
869 2334 1152 2411 homine,
1196 2338 1306 2395 aut
1344 2332 1601 2394 fortasse
1647 2334 1714 2393 in

207 2429 402 2501 multis;
428 2434 610 2509 atque
635 2426 1060 2487 controversia
1083 2444 1222 2488 cum
1253 2425 1582 2501 haereticis,
1609 2443 1716 2505 po·

208 2521 455 2583 tissimum
499 2526 789 2583 versatur
837 2518 914 2581 de
957 2520 1074 2581 hoc
1115 2520 1387 2583 secundo
1439 2526 1669 2600 puncto
1687 2536 1710 2598 ;

210 2632 336 2675 nunc
351 2632 481 2677 vero
507 2614 722 2675 solum
750 2614 1131 2675 affirmamus
1156 2614 1452 2695 primum.
1489 2614 1559 2675 ln
1587 2631 1713 2693 quo

210 2714 312 2771 nota
331 2706 572 2769 secundo
622 2706 963 2789 dupliciter
1004 2724 1180 2787 posse
1207 2706 1474 2786 intelligi
1505 2706 1570 2767 in
1597 2708 1710 2769 Ec·

217 2801 346 2862 elasia
365 2818 540 2863 unam
573 2818 716 2863 esse
754 2806 1124 2882 potestatem
1155 2818 1508 2881 supremam
1529 2806 1575 2875 ¹,
1606 2818 1710 2861 cu·

225 2893 292 2972 jus
315 2901 378 2954 est
413 2893 582 2955 illam
625 2912 848 2973 regere
877 2910 893 2955 :
922 2910 1050 2953 uno
1079 2894 1288 2971 modo,
1321 2894 1607 2955 universe
1647 2898 1708 2953 et

232 2986 414 3065 quasiin
433 2988 638 3067 specie
685 2992 1049 3069 potestatem
1075 2984 1248 3047 illam
1278 2984 1704 3064 intelligendO,

227 3086 270 3139 ut
285 3080 324 3139 si
341 3080 684 3161 episcopalis
723 3082 1002 3143 muneris
1041 3098 1172 3143 esse
1192 3078 1436 3143 dicatur
1461 3080 1710 3141 univer·

215 3174 348 3238 salem
370 3176 700 3237 Ecclesiam
732 3194 985 3255 regere,
1018 3176 1106 3237 ita
1145 3180 1358 3239 tamen
1393 3179 1464 3235 ut
1501 3174 1710 3235 nullus

211 3266 264 3325 sit
298 3268 349 3327 in
384 3268 704 3331 individuo
733 3270 1072 3349 episcopus,
1121 3286 1237 3329 nec
1282 3268 1707 3348 episcoporum

208 3368 382 3439 emtus,
427 3364 530 3444 qui
583 3362 884 3441 Ecclesiae
929 3360 1266 3423 universali
1315 3360 1550 3441 praesit,
1599 3360 1706 3422 sed

207 3455 554 3537 unusquisque
582 3456 913 3537 episcopus
953 3457 1022 3517 in
1063 3472 1176 3516 sua
1197 3452 1464 3517 Ecclesia
1492 3470 1704 3533 supre-

205 3564 304 3607 mus
343 3548 412 3609 sit
453 3558 704 3630 pastor,
752 3549 997 3630 hocque
1041 3548 1231 3609 modo
1279 3547 1442 3608 inter
1487 3564 1706 3608 omnes

205 3639 454 3721 epiampos
477 3642 756 3703 divisum
805 3643 886 3703 sit
931 3659 1086 3703 ouus
1123 3638 1516 3721 gubernandi
1565 3640 1704 3701 uni-

203 3748 386 3793 versam
407 3735 760 3809 Ecclesiam,
784 3734 952 3815 quod
987 3740 1152 3796 certe
1184 3733 1466 3813 regimen
1490 3733 1706 3795 viden-

82 3896 84 3901 ,
205 3830 280 3883 tur
311 3834 499 3905 optare
541 3828 608 3889 in
653 3826 926 3890 Ecclesia
956 3845 1172 3889 omnes
1199 3826 1606 3900 schismatici,
1642 3838 1704 3889 et

203 3919 446 4001 precipue
465 3922 579 3984 hac
595 3929 786 3984 aetate
797 3922 867 3983 in
891 3939 964 3983 co
988 3921 1218 3983 erravit
1231 3920 1533 3985 Henricus
1544 3920 1698 3999 vm,

206 4012 485 4091 anglorum
517 4035 632 4081 rex
649 4062 674 4094 ‚
718 4018 832 4099 qui
859 4036 987 4079 non
1041 4015 1360 4097 episcopis,
1391 4014 1499 4077 sed
1543 4016 1705 4094 regi-

82 4104 84 4107 ’
201 4104 304 4179 hus,
353 4128 418 4171 eo
459 4130 648 4193 quem
703 4112 977 4175 diximus
1039 4108 1226 4173 modo
1239 4154 1260 4185 ,
1309 4110 1702 4173 commissam

203 4200 424 4266 Eoelesiae
479 4210 792 4269 universae
839 4224 1052 4268 curam
1107 4204 1352 4287 putavit
1382 4249 1403 4281 ,
1456 4212 1521 4265 et
1562 4204 1703 4266 ideo

203 4312 648 4381 unumquemque
679 4318 890 4381 regem
918 4300 986 4361 in
1035 4316 1148 4359 suo
1184 4314 1376 4377 regno
1413 4297 1698 4359 Ecclesiae

205 4398 345 4467 caput
385 4410 505 4455 esse
553 4394 929 4464 affirmarim
961 4392 1070 4453 ubi
1123 4393 1250 4454 duo
1293 4391 1702 4453 involvuntur

204 4497 426 4545 errores:
453 4486 639 4566 prior,
675 4486 1062 4549 confundens
1099 4490 1466 4567 potestatem
1507 4482 1698 4545 eccle-

204 4574 450 4641 siasticam
485 4600 625 4643 cum
657 4582 870 4659 civili3
906 4581 1230 4662 posterior,
1251 4579 1556 4662 unitatem
1586 4579 1696 4639 Ec-

115 4677 128 4694 ·
203 4665 354 4731 clesiae
377 4674 668 4751 scindens,
697 4681 769 4737 ut
789 4674 1042 4755 patebit.
1063 4674 1202 4735 Alio
1225 4692 1374 4754 ergo
1397 4672 1581 4733 modo
1601 4672 1698 4733 in-

204 4760 542 4841 telligendum
575 4772 672 4829 est
701 4768 837 4829 dari
877 4768 948 4829 in
1001 4767 1182 4829 terris
1233 4782 1426 4827 unam
1475 4782 1696 4845 supre-

207 4868 334 4917 mam
357 4866 726 4937 potestatem,
751 4880 892 4941 quae
929 4876 1040 4941 per
1081 4878 1148 4923 se
1177 4860 1380 4941 primo
1411 4857 1698 4938 respiciat

209 4950 497 5015 universam
541 4954 900 5030 Ecclesiam,
937 4970 1014 5015 ac
1042 4953 1232 5034 possit
1255 4952 1487 5015 habere
1524 4957 1697 5014 actus

215 5039 388 5116 quihus
424 5044 586 5107 illam
614 5047 845 5127 obliget
857 5062 880 5125 3
915 5046 1036 5107 hoc
1063 5064 1212 5125 ergo
1243 5062 1424 5107 sensu
1469 5042 1696 5105 intelli-

218 5132 341 5207 gitur
367 5139 653 5201 conclusio
673 5186 692 5216 ,
741 5146 806 5201 et
851 5146 946 5201 cst
991 5146 1158 5201 certa
1190 5138 1366 5211 fides,
1400 5153 1590 5216 quam
1617 5154 1693 5197 ex

217 5229 418 5306 propriis
437 5232 741 5313 principiis
769 5230 1168 5313 probabimus
1184 5278 1205 5309 ,
1234 5248 1376 5293 cum
1409 5230 1688 5294 ostende-

218 5332 320 5379 mus
338 5321 394 5381 in
413 5342 528 5403 quo
545 5326 805 5389 resideat
829 5327 964 5387 hoec
993 5332 1286 5407 potestas.

280 5514 292 5545 ¹
322 5510 550 5577 Consule
571 5515 808 5581 Defens.
841 5516 978 5594 fid„
1005 5515 1115 5579 lib.
1149 5517 1210 5597 3,
1242 5533 1298 5577 c.
1331 5506 1431 5577 13.

3252 356 3374 417 263

1885 465 1944 527 3.
1988 464 2299 529 Probatur
2351 461 2609 523 assertio
2645 460 2880 542 prima.
2922 495 2993 506 -·
3038 460 3372 526 H'oeretico-

1801 577 1942 621 rum
1972 556 2267 641 effuyium
2284 553 2641 617 obstruitur.
2672 584 2751 599 -
2772 554 2947 614 Nunc
2976 555 3213 615 ratione
3236 563 3372 616 tan-
3468 618 3477 629 ,

1797 638 1940 713 'tum
1969 652 2395 731 argumentor,
2428 646 2655 726 primo,
2679 646 2825 727 quia
2856 647 2989 708 sine
3014 648 3130 709 hac
3152 666 3369 727 supre-

1803 748 1908 805 m'a
1936 748 2236 824 potestate
2266 758 2389 803 non
2418 746 2623 820 posset
2657 740 2883 801 servari
2926 740 3203 803 Ecclesiae
3230 742 3370 803 uni·

1800 843 1919 912 tas,
1962 854 2101 917 quae
2124 840 2214 897 est
2240 834 2449 897 unitas
2478 832 2748 912 corporis
2788 832 3025 911 politici
3048 849 3067 910 ;
3101 835 3266 896 unde
3289 834 3370 896 si-

1803 936 1909 991 cut
1940 947 2067 992 nou
2090 934 2293 1010 potest
2315 924 2583 1005 intelligi
2606 943 2729 986 una
2758 926 3121 1005 Respublica
3138 928 3369 1008 absque

1803 1040 1932 1083 una
1951 1040 2240 1103 suprema
2261 1025 2555 1099 potestate
2574 1018 2763 1095 civili,
2788 1038 2988 1101 neque
3018 1038 3181 1079 unus
3202 1039 3373 1082 exer·

1803 1116 1963 1178 citus
1990 1114 2219 1195 absque
2250 1132 2377 1175 uno
2398 1114 2795 1194 imperatore,
2824 1114 2913 1174 ita
2943 1131 3140 1194 nequo
3168 1114 3368 1176 Eccle-

1803 1209 1892 1269 sia
1923 1209 2193 1290 perfecte
2232 1226 2361 1268 una
2400 1206 2533 1267 sine
2566 1223 2695 1267 una
2736 1224 3021 1286 suprema
3058 1204 3368 1287 spirituali

1801 1308 2140 1383 potestate3
2162 1299 2470 1381 quomodo
2498 1300 2708 1377 arguit
2742 1299 3179 1379 Hieronymus.
3214 1300 3369 1381 epis-

1802 1397 1928 1457 tola
1947 1397 2025 1458 ad
2054 1396 2375 1458 Rusticum
2403 1392 2777 1455 monachum
2800 1411 2817 1455 t
2839 1394 2921 1456 In
2940 1396 3101 1455 omni
3118 1394 3366 1475 (inquit)

1797 1490 2023 1574 prandi
2061 1487 2329 1553 exercitu
2382 1487 2563 1550 unius
2605 1488 2847 1572 siquam
2894 1492 3225 1571 spectatur.
3259 1487 3368 1548 Oc·

1801 1588 2062 1645 currunt
2087 1600 2234 1643 vero
2261 1580 2539 1643 haeretici
2560 1580 2789 1642 habere
2814 1580 3143 1641 Ecclesiam
3164 1596 3365 1641 unum

1802 1694 2166 1758 supremum
2218 1675 2589 1757 Principem,
2645 1674 2752 1736 sed
2790 1674 2965 1735 illum
3012 1690 3139 1736 esse
3168 1674 3368 1735 Chris-

1802 1776 1976 1844 tum3
2026 1776 2405 1849 possuntque
2456 1768 2517 1829 id
2572 1784 2817 1846 urgere,
2879 1768 3176 1847 quoniam
3220 1776 3365 1831 ante

1801 1863 2024 1925 Christi
2054 1864 2392 1925 adventum
2438 1859 2704 1924 Ecclesia
2730 1868 2863 1924 erat
2890 1880 3039 1933 una,
3070 1862 3355 1941 quamvis

1799 1977 1929 2021 non
1948 1965 2107 2019 esset
2132 1958 2401 2017 interris
2424 1973 2550 2016 una
2580 1974 2869 2035 suprema
2890 1961 3176 2035 potestas,
3217 1974 3355 2037 quae

1799 2054 1912 2113 toti
1940 2052 2230 2135 Ecclesiae
2262 2055 2569 2131 praeesset.
2620 2049 2701 2110 At
2726 2049 2845 2110 hoc
2888 2058 3099 2130 aperte
3138 2052 3364 2115 militat

1799 2152 2013 2209 contra
2043 2146 2351 2207 unitatem
2382 2150 2445 2205 et
2469 2144 2840 2225 dignitatem
2868 2142 3178 2220 Ecclesiae,
3214 2151 3285 2206 ut
3324 2164 3364 2209 a

1797 2237 2039 2301 Christo
2060 2238 2343 2300 instituta
2376 2242 2505 2313 est3
2542 2236 2687 2297 olim
2716 2236 2903 2298 etiam
2934 2237 3205 2299 Ecclesia
3232 2245 3370 2300 erat

1796 2351 1924 2394 una
1952 2332 2031 2395 ob
2072 2330 2375 2393 unitatem
2418 2330 2563 2392 fidei
2610 2348 2681 2391 ac
2717 2329 2862 2393 finis
2898 2331 2975 2391 ad
3006 2348 3190 2411 quem
3228 2338 3361 2394 ten-

1793 2428 2010 2504 debat3
2042 2446 2170 2488 non
2203 2432 2414 2488 tamen
2443 2432 2574 2487 erat
2600 2444 2729 2487 una
2755 2426 3099 2505 respublica
3140 2426 3363 2487 huma·

1791 2540 1901 2598 na,
1929 2540 2068 2601 quae
2120 2520 2188 2582 in
2216 2519 2508 2582 exteriori
2555 2520 2681 2581 ritu
2714 2526 3244 2582 sacramentorum
3301 2526 3363 2582 et

1793 2614 2238 2676 sacrificiorum
2272 2612 2783 2690 communicaret,
2817 2619 2881 2674 et
2930 2614 3161 2675 eisdem
3195 2614 3361 2694 prin-

1789 2706 2185 2789 cipalioribus
2197 2706 2441 2785 legibus
2454 2706 2909 2786 gubernaretur
2930 2724 2946 2768 :
2968 2705 3235 2768 Ecclesia
3250 2726 3358 2768 au·

1787 2808 1916 2863 tem
1945 2820 2113 2863 nunc
2138 2818 2177 2863 a
2201 2800 2499 2862 CHRISTI
2537 2800 2928 2862 institutione
2940 2776 3162 2861 ‘habet
3196 2802 3359 2863 hanc

1787 2896 2121 2971 unitatem,
2152 2900 2216 2955 et
2243 2892 2491 2954 credere
2528 2899 2777 2955 tenetur
2819 2894 3018 2955 multa
3063 2912 3357 2974 superna·

1787 2988 2018 3051 turalia
2046 2987 2365 3067 mysteria,
2392 3005 2531 3067 quae
2550 2986 2886 3067 antiquiori
2916 2986 3199 3050 Ecclesiae
3226 3008 3354 3049 non

1786 3082 2039 3144 fuerant
2064 3080 2359 3157 revelata,
2384 3080 2451 3141 in
2473 3078 2695 3161 quihus
2714 3080 3007 3141 omnibus
3036 3080 3354 3143 credendis

1788 3176 2073 3238 eamdem
2116 3194 2365 3237 servare
2398 3172 2580 3236 debet
2624 3174 2767 3236 fidei
2811 3173 3158 3237 doctrinam
3176 3198 3195 3251 ;
3245 3195 3353 3236 ne-

1787 3288 1951 3331 cesse
1998 3274 2089 3333 est
2118 3270 2313 3351 igitur
2344 3274 2415 3329 ut
2446 3270 2513 3329 in
2564 3268 2744 3331 terris
2768 3269 2995 3330 habeat
3017 3289 3215 3331 unum
3246 3270 3357 3332 ali-

1785 3364 1951 3445 quod
1978 3369 2164 3445 caput
2191 3381 2315 3444 quo
2357 3362 2845 3424 administretur.
2878 3364 3035 3423 Nam
3078 3362 3351 3424 Christus

1785 3456 2166 3519 Dominusin
2196 3453 2352 3518 coelo
2375 3456 2645 3518 existens
2675 3473 2811 3517 eam
2842 3455 3003 3517 solus
3024 3456 3349 3518 invisibili—

1783 3557 1882 3613 ter
1907 3551 2162 3632 quidem
2212 3568 2431 3631 regere
2478 3556 2704 3630 posset,
2742 3550 2805 3611 id
2844 3568 2991 3612 vero
3040 3569 3167 3612 non
3197 3558 3353 3613 esset

1783 3646 2012 3708 divinae
2051 3644 2449 3725 providmtiae
2476 3653 2987 3721 consentaneum,
3018 3664 3158 3725 quae
3186 3663 3350 3707 mor-

1783 3740 1938 3803 tales
1964 3738 2250 3801 homines
2295 3757 2540 3819 semper
2564 3757 2676 3820 per
2703 3736 2857 3801 alios
2888 3739 3118 3801 similes
3148 3744 3208 3799 et
3232 3738 3351 3799 hu-

1783 3851 1972 3895 mano
2020 3834 2201 3894 modo
2242 3832 2635 3912 gubernavit,
2679 3838 2749 3894 ut
2777 3834 3208 3913 experimento·
3243 3851 3353 3911 pa-

1784 3933 1873 3989 tet
1891 3944 1912 4006 ;
1961 3927 2128 3989 unde
2166 3928 2377 3988 Patres
2420 3944 2633 3989 omnes
2660 3931 3039 4006 exponentes
3071 3926 3133 3986 id
3162 3926 3346 3987 Joan-

1783 4022 1882 4083 nis
1909 4021 2193 4083 decimo:
2226 4020 2370 4085 Fiet
2395 4038 2583 4084 unum
2612 4020 2763 4083 ovile
2808 4024 2864 4101 et
2902 4038 3063 4083 unus
3106 4025 3342 4101 pastor,

1783 4113 2143 4193 intelligunt
2172 4115 2249 4175 de
2279 4130 2405 4174 uno
2430 4118 2673 4193 pastore
2706 4112 2977 4175 interris
3019 4112 3343 4186 existente,

1781 4208 1890 4288 qui
1915 4207 2239 4269 visibiliter
2266 4213 2479 4289 pascat
2505 4212 2565 4268 et
2595 4212 2791 4287 regat.
2822 4206 2978 4267 Nam
3003 4210 3211 4285 pastor
3240 4204 3344 4265 ille

1782 4301 1941 4362 alius
1976 4300 2158 4381 plane
2193 4298 2597 4382 promittitur,
2630 4299 2934 4381 siquidem
2976 4299 3104 4378 ipsc
3146 4298 3347 4359 Chris-

1779 4400 1880 4458 tus
1901 4395 2033 4474 ]'am
2060 4400 2212 4455 tunc
2236 4400 2393 4455 erat.
2425 4395 2515 4455 lta
2536 4394 2941 4473 Augustinus,
2988 4392 3335 4471 chrysosto-

1777 4504 1913 4572 π*
1940 4493 2005 4549 et
2048 4487 2230 4549 divus
2273 4488 2543 4549 Thomas
2596 4485 2804 4549 locum
2848 4485 3225 4563 intelligunt,
3284 4490 3347 4546 et

1779 4581 2122 4663 Cyprianus
2142 4581 2355 4648 etiam,
2387 4579 2547 4642 libro
2568 4580 2797 4660 primo,
2826 4578 3086 4659 epistola
3104 4578 3345 4639 decima

1777 4681 1971 4737 sexta.
2016 4674 2467 4737 confirmatur:
2500 4692 2648 4735 nam
2681 4672 2947 4751 intelligi
2978 4690 3105 4733 nou
3146 4676 3345 4753 potest

1775 4786 1906 4831 una
1942 4768 2165 4830 domus
2192 4768 2291 4829 vel
2324 4767 2560 4829 familia
2592 4773 2756 4829 recte
2782 4766 3065 4828 instituta
3090 4764 3343 4827 absente

1777 4862 2245 4942 patrefamilias,
2274 4860 2396 4923 nisi
2424 4880 2588 4922 unus
2614 4859 2837 4941 aliquis
2860 4859 3246 4940 dispensator
3275 4859 3344 4919 fi-

1777 4954 1932 5016 delis
1982 4954 2117 5017 loco
2160 4954 2327 5015 illius
2370 4954 2805 5029 substituatur,
2863 4958 2935 5015 ut
2977 4954 3158 5014 Petro
3186 4953 3346 5013 dixit

1775 5050 2075 5127 Christus,
2109 5050 2253 5111 Luc.
2305 5048 2707 5112 duodecimo:
2750 5048 2898 5123 Quis
2932 5054 3119 5131 putas
3163 5052 3253 5111 est
3269 5050 3341 5129 fi-

1777 5144 1930 5208 dolis
1951 5162 2164 5207 servus
2187 5147 2245 5208 et
2284 5144 2573 5226 prudens,
2600 5160 2773 5225 quem
2800 5143 3115 5205 constituit
3136 5142 3343 5205 Domi-

1777 5256 1896 5301 παι·
1925 5254 2108 5317 super
2152 5236 2457 5315 familiam
2483 5237 2699 5301 mam?
2726 5236 2875 5309 Quae
2902 5234 3093 5295 verba
3118 5235 3195 5295 ad
3225 5233 3343 5295 hoc

1778 5332 2129 5391 institutum
2161 5329 2527 5411 ponderavit
2553 5330 3041 5409 chrysostomus,
3068 5326 3179 5389 lib.
3200 5329 3240 5388 2
3264 5326 3341 5389 de

1775 5424 2154 5499 SacerdotiO,
2176 5422 2339 5485 circa
2377 5423 2778 5503 principium.

1861 5520 1922 5580 4.
1969 5515 2281 5580 Probatur
2306 5518 2579 5580 secundo.
2613 5548 2693 5561 —
2712 5514 2994 5578 Secundo
3014 5532 3347 5594 argumen-
