3900 6217
1379 614 1434 686 E
1501 615 2035 692 COLLEGIO
2106 617 2931 695 CONIMBRICENSI

1887 811 2247 865 SOCIETATIS
2276 814 2421 865 JESU

671 1060 2227 1293 BALTHASAR
2400 1072 3625 1299 ALVARUS

1754 1428 2054 1491 DOCTOR
2092 1429 2544 1493 THEOLOGUS

1211 1651 1368 1753 AD
1441 1648 2074 1757 LECTORES
2166 1652 2405 1759 PRO
2484 1650 3087 1763 AUCTORE.

1835 1905 2447 1950 ——QOW-

638 2188 748 2264 Ne
781 2190 906 2265 has
938 2192 1022 2265 de
1053 2188 1477 2289 leeoloqicis
1505 2190 1600 2265 vir
1613 2188 1870 2265 tutibus
1895 2189 2373 2287 praelectiones
2396 2192 2585 2267 intra
2606 2196 2804 2267 hosce
2818 2194 3121 2291 parietes
3146 2193 3741 2276 concluderemus,

546 2303 688 2361 tres
723 2288 1075 2387 praecipue
1109 2288 1416 2362 rationes
1453 2288 1902 2386 impulerunt.
1951 2286 2106 2363 Una
2140 2290 2325 2386 quod
2360 2315 2405 2363 a
2444 2305 2633 2366 tanto
2676 2292 3039 2390 Theoloqo,
3086 2293 3483 2389 theoloqicoe
3520 2291 3749 2363 virtu-

549 2386 642 2458 tis
684 2389 1006 2460 tractatio
1030 2386 1199 2483 jure
1254 2386 1516 2482 optimo
1556 2401 2099 2482 eaespectaretur,
2140 2386 2353 2483 (liqna
2382 2390 2673 2479 scilicet,
2708 2404 2897 2463 tanto
2956 2404 3237 2464 auctore
3280 2405 3485 2487 atque
3532 2412 3750 2483 arqu-

543 2498 801 2556 mento.
847 2486 1124 2568 Altera,
1167 2484 1498 2581 quoniam
1532 2486 1875 2580 majorem
1907 2484 2111 2580 hujus
2141 2486 2394 2581 operis,
2440 2512 2593 2583 quae
2620 2489 2705 2560 de
2737 2488 2875 2585 fide
2910 2503 3034 2567 est.
3078 2502 3377 2585 partem,
3418 2503 3749 2581 tanquam

543 2598 826 2675 partum
879 2583 1204 2654 ultimum
1239 2581 1506 2679 fuderit
1553 2580 1868 2663 Soarius,
1909 2606 2044 2678 quo
2089 2582 2377 2655 divitem
2421 2586 2533 2657 sui
2578 2585 2864 2680 inqenii,
2900 2600 2967 2657 et
3000 2585 3366 2681 sapientiae
3414 2608 3667 2657 venam
3709 2608 3745 2656 e

539 2694 858 2775 suqqestu
908 2696 1335 2775 postremum
1385 2692 1775 2752 testaretur.
1827 2677 2027 2753 Licet
2077 2703 2238 2752 vero
2277 2679 2584 2777 reliquas
2627 2684 2713 2755 de
2772 2707 2893 2778 spe
2942 2696 3009 2755 et
3044 2682 3384 2757 charitate
3438 2681 3749 2777 disputa-

547 2773 790 2860 tiones,
834 2792 1210 2871 autequam
1235 2777 1328 2848 ad
1362 2774 1997 2850 Conimbricensem
2031 2776 2207 2849 hanc
2242 2777 2705 2852 Academiam
2729 2793 3119 2869 vocaretur,
3154 2780 3227 2853 in
3258 2778 3611 2876 Hispania
3638 2778 3747 2851 vel

541 2870 757 2945 Italia
799 2874 1104 2971 pressius
1143 2874 1502 2969 (nimirum
1530 2898 1657 2970 pro
1690 2874 1954 2968 schola)
1996 2874 2429 2972 explanaret,
2462 2901 2601 2950 non
2635 2892 2921 2973 possunt
2965 2892 3195 2951 tamen
3226 2877 3535 2950 auctoris
3556 2901 3747 2947 mar-

545 2983 680 3041 tem
715 2986 783 3042 et
831 2986 1054 3043 artem
1089 2995 1227 3045 non
1283 2970 1492 3043 olere.
1541 2970 1803 3054 Tertia,
1846 2996 2008 3043 cum
2053 2973 2135 3044 ob
2170 2973 2321 3061 has,
2360 2998 2532 3070 quas
2580 2975 2784 3049 modo
2830 2975 3165 3059 diximus,
3203 3000 3475 3058 causas,
3517 2974 3747 3070 plera-

541 3090 672 3163 que
712 3068 787 3140 in
830 3069 978 3141 dies
1019 3068 1570 3165 disputationum
1609 3067 1896 3141 illarum
1921 3069 2008 3142 de
2032 3070 2174 3180 fide
2210 3071 2530 3167 exempla
2569 3072 2799 3144 minus
2824 3072 3128 3169 fideliter
3160 3072 3737 3154 describerentur,

539 3187 657 3236 eas
718 3166 1192 3264 typoqraphiae
1243 3166 1572 3263 beneficio
1604 3225 1622 3249 ,
1692 3180 1838 3237 tum
1883 3190 1928 3238 a
1978 3167 2168 3239 vitiis
2218 3168 2747 3241 amanuensium
2810 3184 3297 3268 perpurqatas,
3344 3183 3485 3243 tum
3529 3169 3747 3243 etiam

534 3262 862 3336 studiosis
895 3261 1214 3335 omnibus
1255 3263 1470 3359 facile
1510 3263 1869 3374 parabiles
1915 3267 2234 3362 proferre
2273 3264 2640 3339 voluimus.

639 3357 1003 3433 Videbitur
1037 3376 1269 3433 autem
1319 3360 1446 3433 hoc
1498 3384 1569 3433 in
1611 3385 1816 3456 opere
1869 3362 1946 3435 id
1990 3387 2205 3435 unum
2250 3361 2637 3437 desiderari
2668 3364 2763 3437 ad
2798 3364 3135 3437 doctrinae
3167 3366 3580 3438 methodum
3615 3367 3638 3462 (
3668 3365 3747 3437 in

531 3480 670 3552 qua
726 3459 1070 3530 servanda
1127 3457 1246 3529 via:
1297 3458 1518 3531 ullum
1570 3482 1761 3554 oeque
1807 3457 2086 3555 felicem
2124 3485 2207 3533 ac
2252 3460 2655 3557 reliqiosum
2697 3462 3110 3559 scriptorem
3174 3462 3739 3559 deprehendas),

528 3553 834 3647 primum
867 3571 942 3627 ut
981 3554 1056 3627 in
1101 3554 1496 3628 universum
1534 3556 1618 3629 de
1655 3556 2054 3654 theoloqicis
2094 3558 2459 3631 virtutibus
2494 3559 2841 3644 disserat,·
2884 3574 3028 3633 turn
3076 3584 3229 3656 quoe
3262 3559 3558 3657 propria
3618 3584 3746 3633 cu-

513 3650 770 3746 jusque
816 3675 1054 3724 earum
1092 3666 1276 3741 sunt,
1320 3668 1643 3750 exponat.
1687 3652 1826 3727 Sed
1863 3669 1964 3727 est
2008 3655 2079 3727 in
2128 3669 2456 3753 promptu
2504 3658 2884 3752 responsio.
2929 3657 3118 3731 Nam
3156 3684 3317 3731 cum
3348 3658 3745 3731 Sanctitatis

528 3747 808 3821 nomine
860 3750 1142 3823 veniant
1175 3774 1411 3822 omnes
1459 3750 1734 3823 habitus
1765 3753 2012 3849 qratioe
2040 3752 2347 3837 comites,
2384 3752 2459 3825 in
2489 3754 2737 3851 quibus
2774 3756 3080 3828 maxime
3144 3756 3433 3829 virtutes
3479 3756 3745 3828 theolo-

529 3844 702 3939 qica?
752 3862 1233 3931 numerantur,
1276 3848 1453 3919 nihil
1489 3850 1638 3945 fere
1687 3850 2059 3923 dicendum
2090 3866 2453 3947 supererat
2502 3852 2604 3925 eis
2650 3877 3041 3935 commune,
3086 3853 3271 3949 quod
3326 3877 3468 3925 non
3518 3852 3747 3926 etiam

531 3940 607 4013 in
677 3944 976 4039 qratiam
1031 3944 1585 4041 sanctificantem
1645 3948 2065 4021 conveniret.
2122 3947 2213 4022 Id
2251 3972 2462 4044 porro
2513 3948 2589 4021 in
2626 3973 2832 4045 opere
2883 3951 2967 4022 de
3021 3950 3176 4047 ipsa
3216 3949 3449 4047 qratia
3512 3975 3747 4045 nuper

530 4039 715 4112 edito
765 4041 1145 4114 luculenter
1193 4042 1512 4116 edisserit
1555 4040 1870 4137 SoariuS,
1917 4046 2123 4143 quale
2160 4046 2339 4118 illud
2375 4045 2451 4119 in
2491 4046 2768 4143 primis,
2806 4048 3036 4121 sintne
3074 4048 3245 4127 tales
3274 4047 3497 4143 aliqui
3531 4048 3746 4119 habi-

530 4150 636 4207 tus
685 4162 814 4233 per
843 4164 916 4212 se
970 4138 1216 4235 infusi,
1258 4140 1644 4236 nostrisque
1677 4142 1942 4216 animis
1993 4144 2425 4217 adhaerentes
2445 4169 2473 4227 ,·
2524 4168 2617 4215 an
2665 4144 2809 4217 sint
2864 4145 3238 4243 adoequata
3284 4168 3577 4217 suorum
3611 4168 3747 4217 ac-

526 4248 718 4306 tuum
773 4235 1128 4332 principia
1155 4236 1193 4308 ?
1241 4236 1326 4309 de
1370 4236 1618 4333 quibus
1672 4239 1946 4337 affatim
1985 4241 2059 4313 in
2092 4241 2211 4316 lib.
2252 4246 2321 4313 6.
2366 4240 2711 4326 Secundo,
2754 4267 2847 4315 an
2877 4243 3213 4339 praedicti
3246 4242 3525 4315 habitus
3570 4266 3745 4315 con-

522 4354 803 4403 cursum
854 4334 1101 4429 qratiae
1135 4334 1510 4430 specialem
1548 4351 1861 4430 poscant,
1899 4352 1977 4409 ut
2025 4339 2101 4411 in
2138 4353 2333 4413 actus
2375 4339 2718 4435 prodeant
2768 4365 2956 4431 suos,
3024 4365 3117 4413 an
3144 4339 3377 4437 potius
3426 4340 3747 4436 sufficiat

523 4430 869 4525 qeneralis
897 4431 936 4501 ?
981 4432 1164 4527 quod
1214 4431 1291 4503 in
1329 4431 1447 4503 lib.
1502 4437 1550 4503 2
1610 4434 1982 4529 exponitur
2016 4450 2364 4509 accurate.
2422 4436 2653 4509 Tertio
2690 4492 2707 4527 ,
2773 4462 2940 4509 num
2998 4436 3265 4511 intendi
3326 4460 3409 4509 ac
3470 4436 3745 4510 remitti

527 4541 809 4622 queant,
846 4552 928 4600 ac
983 4528 1198 4601 etiam
1241 4528 1524 4602 omnino
1575 4532 1808 4604 amitti
1833 4533 1870 4602 ‚9
1921 4532 2121 4619 Quod
2154 4536 2311 4607 libr.
2371 4538 2415 4605 9
2449 4550 2515 4605 et
2554 4540 2669 4623 11,
2711 4534 3045 4608 latissime
3099 4534 3423 4607 traditur.
3464 4532 3544 4606 Si
3574 4558 3741 4608 vero

524 4624 842 4719 quoedam
902 4626 1048 4698 alia
1099 4626 1328 4723 maqis
1377 4629 1778 4701 communia
1829 4629 2090 4703 eisdem.
2140 4630 2512 4704 virtutibus
2546 4632 2892 4728 requiras,
2932 4655 3016 4705 ea
3064 4632 3140 4704 in
3199 4643 3478 4705 tractat.
3524 4636 3595 4719 t,
3654 4633 3742 4705 de

523 4721 964 4815 passionibus
987 4736 1054 4795 et
1085 4722 1458 4806 habitibus,
1495 4722 1639 4796 Deo
1673 4729 1907 4812 dante,
1950 4728 2315 4815 cudentur,
2348 4728 2595 4824 quibus
2624 4730 2890 4825 scripta
2924 4755 2968 4801 a
2999 4727 3076 4803 S.
3115 4728 3401 4823 Thomu,
3432 4728 3510 4801 in
3552 4734 3618 4801 1.
3660 4735 3736 4821 2,

523 4820 900 4912 quaestione
928 4820 1318 4915 proesertim
1355 4825 1451 4893 62
1499 4822 2071 4919 et‘sequentibus,
2125 4825 2751 4920 locupletabuntur.
2797 4824 2991 4899 Vale.

1787 5130 2487 5306 CO

1981 5311 2297 5375 &xm-,ss
