<?xml version="1.0" encoding="UTF-8"?>
<!DOCTYPE html PUBLIC "-//W3C//DTD XHTML 1.0 Transitional//EN"
    "http://www.w3.org/TR/xhtml1/DTD/xhtml1-transitional.dtd">
<html xmlns="http://www.w3.org/1999/xhtml" xml:lang="en" lang="en">
 <head>
  <title>
</title>
<meta http-equiv="Content-Type" content="text/html;charset=utf-8" />
  <meta name='ocr-system' content='tesseract 3.04.00' />
  <meta name='ocr-capabilities' content='ocr_page ocr_carea ocr_par ocr_line ocrx_word'/>
</head>
<body>
  <div class='ocr_page' id='page_1' title='image "./rpfranciscisuar00duvagoog_0563.png"; bbox 0 0 3900 6217; ppageno 0'>
   <div class='ocr_carea' id='block_1_1' title="bbox 705 437 2899 504">
    <p class='ocr_par' dir='ltr' id='par_1_1' title="bbox 705 437 2899 504">
     <span class='ocr_line' id='line_1_1' title="bbox 705 437 2899 504; baseline -0.002 -6"><span class='ocrx_word' id='word_1_1' title='bbox 705 446 875 498; x_wconf 82' lang='lat' dir='ltr'><strong>SECT.</strong></span> <span class='ocrx_word' id='word_1_2' title='bbox 911 445 994 497; x_wconf 76' lang='lat' dir='ltr'><strong>lv,</strong></span> <span class='ocrx_word' id='word_1_3' title='bbox 1031 445 1111 498; x_wconf 71' lang='lat' dir='ltr'><strong>nt:</strong></span> <span class='ocrx_word' id='word_1_4' title='bbox 1143 441 1614 497; x_wconf 63' lang='lat' dir='ltr'><strong>uassnvs‘rlouss</strong></span> <span class='ocrx_word' id='word_1_5' title='bbox 1645 438 1836 496; x_wconf 76' lang='lat' dir='ltr'><strong>umus</strong></span> <span class='ocrx_word' id='word_1_6' title='bbox 1869 439 2185 504; x_wconf 76' lang='lat' dir='ltr'><strong>CENSURAE,</strong></span> <span class='ocrx_word' id='word_1_7' title='bbox 2222 441 2427 504; x_wconf 72' lang='lat' dir='ltr'>1)ssthss</span> <span class='ocrx_word' id='word_1_8' title='bbox 2458 437 2899 495; x_wconf 77' lang='lat' dir='ltr'><strong>ABSOLUTmNE.</strong></span> 
     </span>
    </p>
   </div>
   <div class='ocr_carea' id='block_1_2' title="bbox 185 546 1776 3229">
    <p class='ocr_par' dir='ltr' id='par_1_2' title="bbox 185 546 1776 3229">
     <span class='ocr_line' id='line_1_2' title="bbox 193 546 1764 628; baseline -0.001 -20"><span class='ocrx_word' id='word_1_9' title='bbox 193 551 546 628; x_wconf 76' lang='lat' dir='ltr'><strong>perseveret</strong></span> <span class='ocrx_word' id='word_1_10' title='bbox 569 546 636 607; x_wconf 90' lang='lat' dir='ltr'><strong>in</strong></span> <span class='ocrx_word' id='word_1_11' title='bbox 661 564 774 606; x_wconf 87' lang='lat' dir='ltr'><strong>sua</strong></span> <span class='ocrx_word' id='word_1_12' title='bbox 810 547 898 620; x_wconf 78' lang='lat' dir='ltr'><strong>v-i,</strong></span> <span class='ocrx_word' id='word_1_13' title='bbox 938 563 1020 606; x_wconf 91' lang='lat' dir='ltr'><strong>an</strong></span> <span class='ocrx_word' id='word_1_14' title='bbox 1061 553 1352 608; x_wconf 80' lang='lat' dir='ltr'><strong>revocata</strong></span> <span class='ocrx_word' id='word_1_15' title='bbox 1377 547 1498 607; x_wconf 69' lang='lat' dir='ltr'><strong>sit?</strong></span> <span class='ocrx_word' id='word_1_16' title='bbox 1529 547 1614 606; x_wconf 89' lang='lat' dir='ltr'><strong>De</strong></span> <span class='ocrx_word' id='word_1_17' title='bbox 1635 563 1764 624; x_wconf 86' lang='lat' dir='ltr'><strong>qua</strong></span> 
     </span>
     <span class='ocr_line' id='line_1_3' title="bbox 191 638 1764 718; baseline -0.003 -16"><span class='ocrx_word' id='word_1_18' title='bbox 191 659 264 702; x_wconf 92' lang='lat' dir='ltr'><strong>re</strong></span> <span class='ocrx_word' id='word_1_19' title='bbox 301 647 398 702; x_wconf 85' lang='lat' dir='ltr'><strong>est</strong></span> <span class='ocrx_word' id='word_1_20' title='bbox 441 657 674 718; x_wconf 78' lang='lat' dir='ltr'><strong>magna</strong></span> <span class='ocrx_word' id='word_1_21' title='bbox 699 639 996 700; x_wconf 82' lang='lat' dir='ltr'><strong>dissensio</strong></span> <span class='ocrx_word' id='word_1_22' title='bbox 1043 639 1208 700; x_wconf 71' lang='lat' dir='ltr'><strong>inter</strong></span> <span class='ocrx_word' id='word_1_23' title='bbox 1257 638 1585 700; x_wconf 89' lang='lat' dir='ltr'><strong>modernos</strong></span> <span class='ocrx_word' id='word_1_24' title='bbox 1614 639 1764 698; x_wconf 85' lang='lat' dir='ltr'><strong>Doc-</strong></span> 
     </span>
     <span class='ocr_line' id='line_1_4' title="bbox 193 729 1759 811; baseline -0.002 -19"><span class='ocrx_word' id='word_1_25' title='bbox 193 739 385 806; x_wconf 89' lang='lat' dir='ltr'><strong>tores,</strong></span> <span class='ocrx_word' id='word_1_26' title='bbox 437 749 576 811; x_wconf 83' lang='lat' dir='ltr'><strong>quae</strong></span> <span class='ocrx_word' id='word_1_27' title='bbox 603 737 740 792; x_wconf 88' lang='lat' dir='ltr'><strong>orta</strong></span> <span class='ocrx_word' id='word_1_28' title='bbox 766 738 857 792; x_wconf 89' lang='lat' dir='ltr'><strong>est</strong></span> <span class='ocrx_word' id='word_1_29' title='bbox 897 750 975 792; x_wconf 84' lang='lat' dir='ltr'><strong>ex</strong></span> <span class='ocrx_word' id='word_1_30' title='bbox 1003 730 1274 792; x_wconf 83' lang='lat' dir='ltr'><strong>clausula</strong></span> <span class='ocrx_word' id='word_1_31' title='bbox 1300 729 1492 792; x_wconf 83' lang='lat' dir='ltr'><strong>Bullae</strong></span> <span class='ocrx_word' id='word_1_32' title='bbox 1532 730 1759 804; x_wconf 81' lang='lat' dir='ltr'><strong>Coenae,</strong></span> 
     </span>
     <span class='ocr_line' id='line_1_5' title="bbox 191 823 1761 905; baseline -0.004 -19"><span class='ocrx_word' id='word_1_33' title='bbox 191 843 305 905; x_wconf 87' lang='lat' dir='ltr'><strong>per</strong></span> <span class='ocrx_word' id='word_1_34' title='bbox 333 843 518 904; x_wconf 88' lang='lat' dir='ltr'><strong>quam</strong></span> <span class='ocrx_word' id='word_1_35' title='bbox 546 824 810 886; x_wconf 74' lang='lat' dir='ltr'><strong>facultas</strong></span> <span class='ocrx_word' id='word_1_36' title='bbox 839 823 1197 886; x_wconf 81' lang='lat' dir='ltr'><strong>absolvendi</strong></span> <span class='ocrx_word' id='word_1_37' title='bbox 1227 843 1264 885; x_wconf 90' lang='lat' dir='ltr'><strong>a</strong></span> <span class='ocrx_word' id='word_1_38' title='bbox 1297 823 1535 884; x_wconf 82' lang='lat' dir='ltr'><strong>casibus</strong></span> <span class='ocrx_word' id='word_1_39' title='bbox 1557 823 1761 883; x_wconf 79' lang='lat' dir='ltr'><strong>Coenae</strong></span> 
     </span>
     <span class='ocr_line' id='line_1_6' title="bbox 193 917 1764 996; baseline -0.003 -18"><span class='ocrx_word' id='word_1_40' title='bbox 193 918 308 978; x_wconf 88' lang='lat' dir='ltr'><strong>soli</strong></span> <span class='ocrx_word' id='word_1_41' title='bbox 347 917 631 978; x_wconf 88' lang='lat' dir='ltr'><strong>Pontifici</strong></span> <span class='ocrx_word' id='word_1_42' title='bbox 659 924 1028 978; x_wconf 87' lang='lat' dir='ltr'><strong>reservatur.</strong></span> <span class='ocrx_word' id='word_1_43' title='bbox 1083 919 1160 978; x_wconf 92' lang='lat' dir='ltr'><strong>Et</strong></span> <span class='ocrx_word' id='word_1_44' title='bbox 1189 917 1488 996; x_wconf 88' lang='lat' dir='ltr'><strong>quoniam</strong></span> <span class='ocrx_word' id='word_1_45' title='bbox 1535 917 1604 976; x_wconf 88' lang='lat' dir='ltr'><strong>in</strong></span> <span class='ocrx_word' id='word_1_46' title='bbox 1631 932 1764 975; x_wconf 81' lang='lat' dir='ltr'><strong>ver-</strong></span> 
     </span>
     <span class='ocr_line' id='line_1_7' title="bbox 190 1007 1764 1071; baseline -0.004 -1"><span class='ocrx_word' id='word_1_47' title='bbox 190 1011 290 1070; x_wconf 86' lang='lat' dir='ltr'><strong>bis</strong></span> <span class='ocrx_word' id='word_1_48' title='bbox 331 1010 494 1071; x_wconf 86' lang='lat' dir='ltr'><strong>illius</strong></span> <span class='ocrx_word' id='word_1_49' title='bbox 517 1009 806 1070; x_wconf 70' lang='lat' dir='ltr'><strong>clausulae</strong></span> <span class='ocrx_word' id='word_1_50' title='bbox 833 1010 951 1070; x_wconf 82' lang='lat' dir='ltr'><strong>fuit</strong></span> <span class='ocrx_word' id='word_1_51' title='bbox 973 1011 1238 1071; x_wconf 79' lang='lat' dir='ltr'><strong>varietas</strong></span> <span class='ocrx_word' id='word_1_52' title='bbox 1258 1011 1325 1069; x_wconf 86' lang='lat' dir='ltr'><strong>in</strong></span> <span class='ocrx_word' id='word_1_53' title='bbox 1355 1008 1548 1069; x_wconf 89' lang='lat' dir='ltr'><strong>Bullis</strong></span> <span class='ocrx_word' id='word_1_54' title='bbox 1584 1007 1676 1068; x_wconf 88' lang='lat' dir='ltr'><strong>Pii</strong></span> <span class='ocrx_word' id='word_1_55' title='bbox 1709 1007 1764 1062; x_wconf 84' lang='lat' dir='ltr'>V</span> 
     </span>
     <span class='ocr_line' id='line_1_8' title="bbox 192 1099 1763 1182; baseline -0.003 -18"><span class='ocrx_word' id='word_1_56' title='bbox 192 1109 258 1164; x_wconf 83' lang='lat' dir='ltr'><strong>et</strong></span> <span class='ocrx_word' id='word_1_57' title='bbox 283 1103 568 1181; x_wconf 82' lang='lat' dir='ltr'><strong>Gregorii</strong></span> <span class='ocrx_word' id='word_1_58' title='bbox 591 1102 769 1176; x_wconf 80' lang='lat' dir='ltr'><strong>·x111,</strong></span> <span class='ocrx_word' id='word_1_59' title='bbox 797 1109 860 1163; x_wconf 87' lang='lat' dir='ltr'><strong>et</strong></span> <span class='ocrx_word' id='word_1_60' title='bbox 881 1109 1093 1182; x_wconf 84' lang='lat' dir='ltr'><strong>postea</strong></span> <span class='ocrx_word' id='word_1_61' title='bbox 1123 1103 1282 1162; x_wconf 84' lang='lat' dir='ltr'><strong>Sixti</strong></span> <span class='ocrx_word' id='word_1_62' title='bbox 1303 1103 1357 1160; x_wconf 87' lang='lat' dir='ltr'>V</span> <span class='ocrx_word' id='word_1_63' title='bbox 1383 1107 1448 1162; x_wconf 86' lang='lat' dir='ltr'><strong>ct</strong></span> <span class='ocrx_word' id='word_1_64' title='bbox 1483 1099 1763 1160; x_wconf 87' lang='lat' dir='ltr'><strong>Clemen-</strong></span> 
     </span>
     <span class='ocr_line' id='line_1_9' title="bbox 191 1192 1757 1270; baseline -0.002 -15"><span class='ocrx_word' id='word_1_65' title='bbox 191 1197 278 1256; x_wconf 88' lang='lat' dir='ltr'><strong>tis</strong></span> <span class='ocrx_word' id='word_1_66' title='bbox 305 1194 466 1270; x_wconf 81' lang='lat' dir='ltr'><strong>vlu,</strong></span> <span class='ocrx_word' id='word_1_67' title='bbox 499 1195 790 1256; x_wconf 81' lang='lat' dir='ltr'><strong>standum</strong></span> <span class='ocrx_word' id='word_1_68' title='bbox 817 1201 912 1255; x_wconf 87' lang='lat' dir='ltr'><strong>est</strong></span> <span class='ocrx_word' id='word_1_69' title='bbox 950 1194 1185 1255; x_wconf 84' lang='lat' dir='ltr'>ultimis</span> <span class='ocrx_word' id='word_1_70' title='bbox 1229 1193 1432 1256; x_wconf 83' lang='lat' dir='ltr'><strong>verbis</strong></span> <span class='ocrx_word' id='word_1_71' title='bbox 1461 1194 1527 1256; x_wconf 88' lang='lat' dir='ltr'><strong>S.</strong></span> <span class='ocrx_word' id='word_1_72' title='bbox 1568 1193 1639 1253; x_wconf 89' lang='lat' dir='ltr'><strong>D.</strong></span> <span class='ocrx_word' id='word_1_73' title='bbox 1686 1192 1757 1252; x_wconf 88' lang='lat' dir='ltr'><strong>N.</strong></span> 
     </span>
     <span class='ocr_line' id='line_1_10' title="bbox 196 1285 1764 1368; baseline -0.002 -20"><span class='ocrx_word' id='word_1_74' title='bbox 196 1289 380 1350; x_wconf 88' lang='lat' dir='ltr'><strong>Pauli</strong></span> <span class='ocrx_word' id='word_1_75' title='bbox 403 1290 476 1361; x_wconf 85' lang='lat' dir='ltr'><strong>V,</strong></span> <span class='ocrx_word' id='word_1_76' title='bbox 505 1307 645 1368; x_wconf 80' lang='lat' dir='ltr'><strong>quae</strong></span> <span class='ocrx_word' id='word_1_77' title='bbox 674 1289 968 1350; x_wconf 83' lang='lat' dir='ltr'><strong>videntur</strong></span> <span class='ocrx_word' id='word_1_78' title='bbox 988 1288 1330 1349; x_wconf 76' lang='lat' dir='ltr'><strong>conformia</strong></span> <span class='ocrx_word' id='word_1_79' title='bbox 1353 1285 1556 1348; x_wconf 85' lang='lat' dir='ltr'><strong>verbis</strong></span> <span class='ocrx_word' id='word_1_80' title='bbox 1585 1286 1680 1346; x_wconf 83' lang='lat' dir='ltr'><strong>Pii</strong></span> <span class='ocrx_word' id='word_1_81' title='bbox 1703 1289 1764 1346; x_wconf 88' lang='lat' dir='ltr'><strong>et</strong></span> 
     </span>
     <span class='ocr_line' id='line_1_11' title="bbox 198 1379 1764 1460; baseline -0.001 -20"><span class='ocrx_word' id='word_1_82' title='bbox 198 1380 506 1458; x_wconf 82' lang='lat' dir='ltr'><strong>Gregorii,</strong></span> <span class='ocrx_word' id='word_1_83' title='bbox 547 1381 722 1440; x_wconf 82' lang='lat' dir='ltr'><strong>etsie</strong></span> <span class='ocrx_word' id='word_1_84' title='bbox 759 1379 1032 1441; x_wconf 85' lang='lat' dir='ltr'><strong>habent:</strong></span> <span class='ocrx_word' id='word_1_85' title='bbox 1070 1380 1126 1442; x_wconf 78' lang='lat' dir='ltr'><strong><em>A</em></strong></span> <span class='ocrx_word' id='word_1_86' title='bbox 1163 1380 1487 1460; x_wconf 65' lang='lat' dir='ltr'><strong>pra-dictis</strong></span> <span class='ocrx_word' id='word_1_87' title='bbox 1531 1384 1764 1441; x_wconf 67' lang='lat' dir='ltr'><strong>senten-</strong></span> 
     </span>
     <span class='ocr_line' id='line_1_12' title="bbox 196 1473 1764 1553; baseline -0.001 -21"><span class='ocrx_word' id='word_1_88' title='bbox 196 1473 307 1534; x_wconf 75' lang='lat' dir='ltr'><strong>tiis</strong></span> <span class='ocrx_word' id='word_1_89' title='bbox 333 1473 546 1536; x_wconf 66' lang='lat' dir='ltr'><strong>nullm</strong></span> <span class='ocrx_word' id='word_1_90' title='bbox 562 1478 786 1553; x_wconf 71' lang='lat' dir='ltr'><strong>praeter</strong></span> <span class='ocrx_word' id='word_1_91' title='bbox 803 1473 1144 1536; x_wconf 53' lang='lat' dir='ltr'><strong>&amp;manum</strong></span> <span class='ocrx_word' id='word_1_92' title='bbox 1171 1473 1550 1552; x_wconf 74' lang='lat' dir='ltr'><strong>Pontificem,</strong></span> <span class='ocrx_word' id='word_1_93' title='bbox 1581 1473 1764 1534; x_wconf 76' lang='lat' dir='ltr'><strong>etiam</strong></span> 
     </span>
     <span class='ocr_line' id='line_1_13' title="bbox 191 1563 1765 1646; baseline -0.003 -18"><span class='ocrx_word' id='word_1_94' title='bbox 191 1571 501 1645; x_wconf 68' lang='lat' dir='ltr'><strong>praetextu</strong></span> <span class='ocrx_word' id='word_1_95' title='bbox 529 1565 884 1646; x_wconf 75' lang='lat' dir='ltr'><strong>quarumvis</strong></span> <span class='ocrx_word' id='word_1_96' title='bbox 910 1565 1280 1642; x_wconf 72' lang='lat' dir='ltr'><strong>facultatum</strong></span> <span class='ocrx_word' id='word_1_97' title='bbox 1307 1570 1368 1628; x_wconf 74' lang='lat' dir='ltr'><strong>ot</strong></span> <span class='ocrx_word' id='word_1_98' title='bbox 1393 1563 1765 1626; x_wconf 72' lang='lat' dir='ltr'><strong>indultorum</strong></span> 
     </span>
     <span class='ocr_line' id='line_1_14' title="bbox 196 1657 1768 1739; baseline 0.001 -21"><span class='ocrx_word' id='word_1_99' title='bbox 196 1659 664 1739; x_wconf 74' lang='lat' dir='ltr'><strong>quibuscumque</strong></span> <span class='ocrx_word' id='word_1_100' title='bbox 681 1658 978 1738; x_wconf 56' lang='lat' dir='ltr'><strong>paroni-5,</strong></span> <span class='ocrx_word' id='word_1_101' title='bbox 995 1657 1176 1722; x_wconf 73' lang='lat' dir='ltr'><strong>ctiam</strong></span> <span class='ocrx_word' id='word_1_102' title='bbox 1193 1657 1519 1739; x_wconf 75' lang='lat' dir='ltr'><strong>episcopali</strong></span> <span class='ocrx_word' id='word_1_103' title='bbox 1531 1657 1625 1718; x_wconf 73' lang='lat' dir='ltr'><strong>vel</strong></span> <span class='ocrx_word' id='word_1_104' title='bbox 1641 1675 1768 1719; x_wconf 83' lang='lat' dir='ltr'><strong>ma-</strong></span> 
     </span>
     <span class='ocr_line' id='line_1_15' title="bbox 185 1747 1769 1833; baseline -0.002 -19"><span class='ocrx_word' id='word_1_105' title='bbox 185 1751 323 1829; x_wconf 68' lang='lat' dir='ltr'><strong>jori</strong></span> <span class='ocrx_word' id='word_1_106' title='bbox 351 1751 647 1830; x_wconf 60' lang='lat' dir='ltr'><strong>dimicate</strong></span> <span class='ocrx_word' id='word_1_107' title='bbox 675 1751 986 1830; x_wconf 67' lang='lat' dir='ltr'><strong>praedicis,</strong></span> <span class='ocrx_word' id='word_1_108' title='bbox 1023 1769 1136 1833; x_wconf 77' lang='lat' dir='ltr'><strong>per</strong></span> <span class='ocrx_word' id='word_1_109' title='bbox 1166 1767 1275 1812; x_wconf 72' lang='lat' dir='ltr'><strong>uos</strong></span> <span class='ocrx_word' id='word_1_110' title='bbox 1312 1756 1368 1812; x_wconf 75' lang='lat' dir='ltr'><strong>ec</strong></span> <span class='ocrx_word' id='word_1_111' title='bbox 1395 1749 1616 1812; x_wconf 77' lang='lat' dir='ltr'><strong>dictam</strong></span> <span class='ocrx_word' id='word_1_112' title='bbox 1653 1747 1769 1812; x_wconf 77' lang='lat' dir='ltr'><strong>Se·</strong></span> 
     </span>
     <span class='ocr_line' id='line_1_16' title="bbox 199 1842 1771 1924; baseline -0.003 -19"><span class='ocrx_word' id='word_1_113' title='bbox 199 1847 331 1906; x_wconf 76' lang='lat' dir='ltr'><strong>dem</strong></span> <span class='ocrx_word' id='word_1_114' title='bbox 361 1862 436 1906; x_wconf 84' lang='lat' dir='ltr'><strong>ac</strong></span> <span class='ocrx_word' id='word_1_115' title='bbox 459 1845 731 1924; x_wconf 74' lang='lat' dir='ltr'><strong>cujusvis</strong></span> <span class='ocrx_word' id='word_1_116' title='bbox 763 1843 1022 1907; x_wconf 70' lang='lat' dir='ltr'><strong>concilii</strong></span> <span class='ocrx_word' id='word_1_117' title='bbox 1053 1846 1287 1907; x_wconf 73' lang='lat' dir='ltr'><strong>decreta</strong></span> <span class='ocrx_word' id='word_1_118' title='bbox 1323 1845 1391 1906; x_wconf 73' lang='lat' dir='ltr'><strong>in</strong></span> <span class='ocrx_word' id='word_1_119' title='bbox 1417 1859 1648 1923; x_wconf 64' lang='lat' dir='ltr'><strong>acuere,</strong></span> <span class='ocrx_word' id='word_1_120' title='bbox 1677 1842 1771 1906; x_wconf 77' lang='lat' dir='ltr'><strong>vel</strong></span> 
     </span>
     <span class='ocr_line' id='line_1_17' title="bbox 195 1934 1768 2016; baseline -0.001 -19"><span class='ocrx_word' id='word_1_121' title='bbox 195 1939 270 1998; x_wconf 71' lang='lat' dir='ltr'><strong>in</strong></span> <span class='ocrx_word' id='word_1_122' title='bbox 305 1939 500 2016; x_wconf 72' lang='lat' dir='ltr'><strong>specie</strong></span> <span class='ocrx_word' id='word_1_123' title='bbox 544 1955 971 2014; x_wconf 67' lang='lat' dir='ltr'><strong>concessorum,</strong></span> <span class='ocrx_word' id='word_1_124' title='bbox 1003 1937 1299 2001; x_wconf 74' lang='lat' dir='ltr'><strong>absolvero</strong></span> <span class='ocrx_word' id='word_1_125' title='bbox 1320 1938 1539 2016; x_wconf 77' lang='lat' dir='ltr'><strong>possit.</strong></span> <span class='ocrx_word' id='word_1_126' title='bbox 1587 1934 1768 1997; x_wconf 87' lang='lat' dir='ltr'><strong>Multi</strong></span> 
     </span>
     <span class='ocr_line' id='line_1_18' title="bbox 196 2027 1764 2108; baseline -0.001 -18"><span class='ocrx_word' id='word_1_127' title='bbox 196 2047 354 2108; x_wconf 83' lang='lat' dir='ltr'><strong>ergo</strong></span> <span class='ocrx_word' id='word_1_128' title='bbox 391 2031 712 2105; x_wconf 83' lang='lat' dir='ltr'><strong>Doctores,</strong></span> <span class='ocrx_word' id='word_1_129' title='bbox 775 2047 904 2091; x_wconf 88' lang='lat' dir='ltr'><strong>non</strong></span> <span class='ocrx_word' id='word_1_130' title='bbox 951 2028 1231 2091; x_wconf 88' lang='lat' dir='ltr'><strong>obstante</strong></span> <span class='ocrx_word' id='word_1_131' title='bbox 1287 2029 1407 2089; x_wconf 88' lang='lat' dir='ltr'><strong>hac</strong></span> <span class='ocrx_word' id='word_1_132' title='bbox 1457 2027 1728 2089; x_wconf 83' lang='lat' dir='ltr'><strong>clausula</strong></span> <span class='ocrx_word' id='word_1_133' title='bbox 1741 2073 1764 2104; x_wconf 84' lang='lat'><strong>,</strong></span> 
     </span>
     <span class='ocr_line' id='line_1_19' title="bbox 195 2121 1768 2202; baseline 0 -20"><span class='ocrx_word' id='word_1_134' title='bbox 195 2123 516 2196; x_wconf 80' lang='lat' dir='ltr'><strong>dixerunt,</strong></span> <span class='ocrx_word' id='word_1_135' title='bbox 542 2122 902 2199; x_wconf 76' lang='lat' dir='ltr'><strong>praedictam</strong></span> <span class='ocrx_word' id='word_1_136' title='bbox 947 2121 1304 2183; x_wconf 79' lang='lat' dir='ltr'><strong>facultatem</strong></span> <span class='ocrx_word' id='word_1_137' title='bbox 1327 2121 1768 2202; x_wconf 81' lang='lat' dir='ltr'><strong>Episcoporum</strong></span> 
     </span>
     <span class='ocr_line' id='line_1_20' title="bbox 195 2214 1768 2294; baseline 0 -18"><span class='ocrx_word' id='word_1_138' title='bbox 195 2236 330 2277; x_wconf 88' lang='lat' dir='ltr'><strong>non</strong></span> <span class='ocrx_word' id='word_1_139' title='bbox 362 2235 496 2278; x_wconf 88' lang='lat' dir='ltr'><strong>esse</strong></span> <span class='ocrx_word' id='word_1_140' title='bbox 540 2217 661 2277; x_wconf 90' lang='lat' dir='ltr'><strong>illis</strong></span> <span class='ocrx_word' id='word_1_141' title='bbox 684 2215 976 2278; x_wconf 81' lang='lat' dir='ltr'><strong>ablatam.</strong></span> <span class='ocrx_word' id='word_1_142' title='bbox 1012 2217 1081 2276; x_wconf 88' lang='lat' dir='ltr'><strong>In</strong></span> <span class='ocrx_word' id='word_1_143' title='bbox 1131 2216 1294 2277; x_wconf 89' lang='lat' dir='ltr'><strong>hanc</strong></span> <span class='ocrx_word' id='word_1_144' title='bbox 1323 2222 1564 2294; x_wconf 89' lang='lat' dir='ltr'><strong>partem</strong></span> <span class='ocrx_word' id='word_1_145' title='bbox 1591 2214 1768 2276; x_wconf 87' lang='lat' dir='ltr'><strong>incli-</strong></span> 
     </span>
     <span class='ocr_line' id='line_1_21' title="bbox 195 2307 1767 2386; baseline -0.001 -17"><span class='ocrx_word' id='word_1_146' title='bbox 195 2311 624 2370; x_wconf 78' lang='lat' dir='ltr'><strong>navitNavarr</strong></span> <span class='ocrx_word' id='word_1_147' title='bbox 652 2353 672 2384; x_wconf 91' lang='lat'><strong>,</strong></span> <span class='ocrx_word' id='word_1_148' title='bbox 695 2308 860 2369; x_wconf 88' lang='lat' dir='ltr'><strong>dicto</strong></span> <span class='ocrx_word' id='word_1_149' title='bbox 886 2327 1052 2370; x_wconf 89' lang='lat' dir='ltr'><strong>cons.</strong></span> <span class='ocrx_word' id='word_1_150' title='bbox 1076 2312 1106 2370; x_wconf 84' lang='lat'><strong>1</strong></span> <span class='ocrx_word' id='word_1_151' title='bbox 1134 2309 1211 2369; x_wconf 92' lang='lat' dir='ltr'><strong>de</strong></span> <span class='ocrx_word' id='word_1_152' title='bbox 1232 2307 1518 2382; x_wconf 87' lang='lat' dir='ltr'><strong>Constit.,</strong></span> <span class='ocrx_word' id='word_1_153' title='bbox 1534 2325 1596 2386; x_wconf 90' lang='lat' dir='ltr'><strong>q.</strong></span> <span class='ocrx_word' id='word_1_154' title='bbox 1624 2307 1736 2368; x_wconf 88' lang='lat' dir='ltr'><strong>ult.</strong></span> <span class='ocrx_word' id='word_1_155' title='bbox 1745 2351 1767 2383; x_wconf 91' lang='lat'><strong>,</strong></span> 
     </span>
     <span class='ocr_line' id='line_1_22' title="bbox 196 2400 1768 2480; baseline -0.003 -16"><span class='ocrx_word' id='word_1_156' title='bbox 196 2409 261 2464; x_wconf 86' lang='lat' dir='ltr'><strong>et</strong></span> <span class='ocrx_word' id='word_1_157' title='bbox 287 2404 455 2464; x_wconf 89' lang='lat' dir='ltr'><strong>dicto</strong></span> <span class='ocrx_word' id='word_1_158' title='bbox 484 2421 650 2464; x_wconf 78' lang='lat' dir='ltr'><strong>cons,</strong></span> <span class='ocrx_word' id='word_1_159' title='bbox 709 2406 777 2463; x_wconf 90' lang='grc'><strong>11</strong></span> <span class='ocrx_word' id='word_1_160' title='bbox 817 2403 896 2464; x_wconf 90' lang='lat' dir='ltr'><strong>de</strong></span> <span class='ocrx_word' id='word_1_161' title='bbox 942 2402 1256 2480; x_wconf 82' lang='lat' dir='ltr'><strong>Privileg.‚</strong></span> <span class='ocrx_word' id='word_1_162' title='bbox 1298 2401 1410 2462; x_wconf 88' lang='lat' dir='ltr'><strong>ubi</strong></span> <span class='ocrx_word' id='word_1_163' title='bbox 1439 2401 1634 2463; x_wconf 86' lang='lat' dir='ltr'><strong>multa</strong></span> <span class='ocrx_word' id='word_1_164' title='bbox 1661 2400 1768 2460; x_wconf 82' lang='lat' dir='ltr'><strong>ob-</strong></span> 
     </span>
     <span class='ocr_line' id='line_1_23' title="bbox 194 2495 1770 2576; baseline -0.001 -20"><span class='ocrx_word' id='word_1_165' title='bbox 194 2497 334 2574; x_wconf 90' lang='lat' dir='ltr'><strong>jicit</strong></span> <span class='ocrx_word' id='word_1_166' title='bbox 364 2503 578 2558; x_wconf 88' lang='lat' dir='ltr'><strong>contra</strong></span> <span class='ocrx_word' id='word_1_167' title='bbox 601 2495 935 2576; x_wconf 87' lang='lat' dir='ltr'><strong>quamdam</strong></span> <span class='ocrx_word' id='word_1_168' title='bbox 963 2495 1436 2557; x_wconf 81' lang='lat' dir='ltr'><strong>declarationem</strong></span> <span class='ocrx_word' id='word_1_169' title='bbox 1481 2495 1770 2556; x_wconf 83' lang='lat' dir='ltr'><strong>cardina·</strong></span> 
     </span>
     <span class='ocr_line' id='line_1_24' title="bbox 195 2587 1766 2666; baseline -0.001 -16"><span class='ocrx_word' id='word_1_170' title='bbox 195 2589 358 2650; x_wconf 88' lang='lat' dir='ltr'><strong>lium</strong></span> <span class='ocrx_word' id='word_1_171' title='bbox 399 2592 468 2651; x_wconf 89' lang='lat' dir='ltr'><strong>in</strong></span> <span class='ocrx_word' id='word_1_172' title='bbox 493 2589 870 2650; x_wconf 86' lang='lat' dir='ltr'><strong>contrarium</strong></span> <span class='ocrx_word' id='word_1_173' title='bbox 892 2605 913 2666; x_wconf 81' lang='lat'>3</span> <span class='ocrx_word' id='word_1_174' title='bbox 965 2589 1128 2649; x_wconf 87' lang='lat' dir='ltr'><strong>idem</strong></span> <span class='ocrx_word' id='word_1_175' title='bbox 1162 2589 1226 2648; x_wconf 87' lang='lat' dir='ltr'><strong>in</strong></span> <span class='ocrx_word' id='word_1_176' title='bbox 1269 2589 1537 2663; x_wconf 68' lang='lat' dir='ltr'><strong>summ„</strong></span> <span class='ocrx_word' id='word_1_177' title='bbox 1580 2587 1766 2666; x_wconf 85' lang='lat' dir='ltr'><strong>capit.</strong></span> 
     </span>
     <span class='ocr_line' id='line_1_25' title="bbox 197 2681 1768 2759; baseline -0.001 -15"><span class='ocrx_word' id='word_1_178' title='bbox 197 2685 307 2759; x_wconf 77' lang='lat'><strong>27,</strong></span> <span class='ocrx_word' id='word_1_179' title='bbox 341 2702 523 2744; x_wconf 86' lang='lat' dir='ltr'><strong>num.</strong></span> <span class='ocrx_word' id='word_1_180' title='bbox 549 2685 692 2745; x_wconf 74' lang='lat'><strong>260.</strong></span> <span class='ocrx_word' id='word_1_181' title='bbox 727 2683 985 2744; x_wconf 83' lang='lat' dir='ltr'><strong>Inclinat</strong></span> <span class='ocrx_word' id='word_1_182' title='bbox 1010 2683 1199 2742; x_wconf 87' lang='lat' dir='ltr'><strong>etiam</strong></span> <span class='ocrx_word' id='word_1_183' title='bbox 1241 2683 1542 2757; x_wconf 86' lang='lat' dir='ltr'><strong>Simanc.‚</strong></span> <span class='ocrx_word' id='word_1_184' title='bbox 1577 2681 1672 2742; x_wconf 89' lang='lat' dir='ltr'><strong>tit.</strong></span> <span class='ocrx_word' id='word_1_185' title='bbox 1706 2683 1768 2756; x_wconf 88' lang='lat'><strong>3,</strong></span> 
     </span>
     <span class='ocr_line' id='line_1_26' title="bbox 198 2774 1772 2855; baseline -0.001 -18"><span class='ocrx_word' id='word_1_186' title='bbox 198 2795 387 2838; x_wconf 86' lang='lat' dir='ltr'><strong>num.</strong></span> <span class='ocrx_word' id='word_1_187' title='bbox 435 2778 500 2852; x_wconf 85' lang='lat'><strong>6,</strong></span> <span class='ocrx_word' id='word_1_188' title='bbox 543 2777 825 2855; x_wconf 77' lang='lat' dir='ltr'><strong>quamvis</strong></span> <span class='ocrx_word' id='word_1_189' title='bbox 852 2783 1096 2836; x_wconf 87' lang='lat' dir='ltr'><strong>tantum</strong></span> <span class='ocrx_word' id='word_1_190' title='bbox 1143 2776 1259 2836; x_wconf 92' lang='lat' dir='ltr'><strong>sub</strong></span> <span class='ocrx_word' id='word_1_191' title='bbox 1285 2774 1636 2835; x_wconf 86' lang='lat' dir='ltr'><strong>conditione</strong></span> <span class='ocrx_word' id='word_1_192' title='bbox 1685 2775 1772 2835; x_wconf 84' lang='lat' dir='ltr'><strong>lo-</strong></span> 
     </span>
     <span class='ocr_line' id='line_1_27' title="bbox 199 2867 1776 2948; baseline -0.001 -18"><span class='ocrx_word' id='word_1_193' title='bbox 199 2879 458 2948; x_wconf 83' lang='lat' dir='ltr'><strong>quatur.</strong></span> <span class='ocrx_word' id='word_1_194' title='bbox 519 2871 686 2930; x_wconf 84' lang='lat' dir='ltr'><strong>Idem</strong></span> <span class='ocrx_word' id='word_1_195' title='bbox 746 2868 1036 2948; x_wconf 86' lang='lat' dir='ltr'><strong>supponit</strong></span> <span class='ocrx_word' id='word_1_196' title='bbox 1091 2869 1236 2929; x_wconf 88' lang='lat' dir='ltr'><strong>Cam</strong></span> <span class='ocrx_word' id='word_1_197' title='bbox 1242 2886 1410 2948; x_wconf 83' lang='lat' dir='ltr'><strong>peg..</strong></span> <span class='ocrx_word' id='word_1_198' title='bbox 1469 2867 1536 2928; x_wconf 90' lang='lat' dir='ltr'><strong>in</strong></span> <span class='ocrx_word' id='word_1_199' title='bbox 1582 2867 1776 2928; x_wconf 89' lang='lat' dir='ltr'><strong>Addi-</strong></span> 
     </span>
     <span class='ocr_line' id='line_1_28' title="bbox 201 2961 1776 3042; baseline 0.001 -21"><span class='ocrx_word' id='word_1_200' title='bbox 201 2964 377 3024; x_wconf 83' lang='lat' dir='ltr'><strong>tione</strong></span> <span class='ocrx_word' id='word_1_201' title='bbox 437 2961 520 3023; x_wconf 87' lang='lat' dir='ltr'><strong>ad</strong></span> <span class='ocrx_word' id='word_1_202' title='bbox 591 2963 892 3042; x_wconf 85' lang='lat' dir='ltr'><strong>Zanquin.</strong></span> <span class='ocrx_word' id='word_1_203' title='bbox 911 3005 932 3036; x_wconf 94' lang='lat'><strong>,</strong></span> <span class='ocrx_word' id='word_1_204' title='bbox 999 2961 1164 3022; x_wconf 86' lang='lat' dir='ltr'><strong>dicto</strong></span> <span class='ocrx_word' id='word_1_205' title='bbox 1217 2979 1349 3040; x_wconf 90' lang='lat' dir='ltr'><strong>cap.</strong></span> <span class='ocrx_word' id='word_1_206' title='bbox 1421 2962 1520 3022; x_wconf 88' lang='lat'><strong>34.</strong></span> <span class='ocrx_word' id='word_1_207' title='bbox 1580 2962 1776 3022; x_wconf 85' lang='lat' dir='ltr'><strong>Tenet</strong></span> 
     </span>
     <span class='ocr_line' id='line_1_29' title="bbox 207 3053 1772 3128; baseline -0.001 -13"><span class='ocrx_word' id='word_1_208' title='bbox 207 3055 470 3117; x_wconf 84' lang='lat' dir='ltr'><strong>Guttier.</strong></span> <span class='ocrx_word' id='word_1_209' title='bbox 519 3055 906 3116; x_wconf 83' lang='lat' dir='ltr'><strong>retractando</strong></span> <span class='ocrx_word' id='word_1_210' title='bbox 951 3054 1324 3115; x_wconf 89' lang='lat' dir='ltr'><strong>contrariam</strong></span> <span class='ocrx_word' id='word_1_211' title='bbox 1375 3053 1772 3128; x_wconf 86' lang='lat' dir='ltr'><strong>sententiam,</strong></span> 
     </span>
     <span class='ocr_line' id='line_1_30' title="bbox 201 3147 1776 3229; baseline -0.003 -19"><span class='ocrx_word' id='word_1_212' title='bbox 201 3166 402 3229; x_wconf 81' lang='lat' dir='ltr'><strong>quam</strong></span> <span class='ocrx_word' id='word_1_213' title='bbox 433 3150 605 3228; x_wconf 83' lang='lat' dir='ltr'><strong>prius</strong></span> <span class='ocrx_word' id='word_1_214' title='bbox 631 3153 918 3209; x_wconf 84' lang='lat' dir='ltr'><strong>tenuerat</strong></span> <span class='ocrx_word' id='word_1_215' title='bbox 945 3148 1112 3208; x_wconf 90' lang='lat' dir='ltr'><strong>dicto</strong></span> <span class='ocrx_word' id='word_1_216' title='bbox 1149 3148 1308 3208; x_wconf 92' lang='lat' dir='ltr'><strong>libro</strong></span> <span class='ocrx_word' id='word_1_217' title='bbox 1345 3148 1548 3227; x_wconf 90' lang='lat' dir='ltr'><strong>primo</strong></span> <span class='ocrx_word' id='word_1_218' title='bbox 1581 3147 1776 3206; x_wconf 88' lang='lat' dir='ltr'><strong>Cano-</strong></span> 
     </span>
    </p>
   </div>
   <div class='ocr_carea' id='block_1_3' title="bbox 1840 438 3418 3227">
    <p class='ocr_par' dir='ltr' id='par_1_3' title="bbox 1841 438 3414 2944">
     <span class='ocr_line' id='line_1_31' title="bbox 3285 438 3405 502; baseline 0.042 -5"><span class='ocrx_word' id='word_1_219' title='bbox 3285 438 3405 502; x_wconf 77' lang='lat'><strong>545</strong></span> 
     </span>
     <span class='ocr_line' id='line_1_32' title="bbox 1841 542 3407 625; baseline 0.001 -21"><span class='ocrx_word' id='word_1_220' title='bbox 1841 545 2053 604; x_wconf 88' lang='lat' dir='ltr'><strong>monia</strong></span> <span class='ocrx_word' id='word_1_221' title='bbox 2092 542 2449 621; x_wconf 80' lang='lat' dir='ltr'><strong>hujusmodi</strong></span> <span class='ocrx_word' id='word_1_222' title='bbox 2492 545 2730 623; x_wconf 85' lang='lat' dir='ltr'><strong>privata</strong></span> <span class='ocrx_word' id='word_1_223' title='bbox 2772 549 2940 619; x_wconf 89' lang='lat' dir='ltr'><strong>sunt,</strong></span> <span class='ocrx_word' id='word_1_224' title='bbox 2984 542 3211 624; x_wconf 78' lang='lat' dir='ltr'><strong>quibus</strong></span> <span class='ocrx_word' id='word_1_225' title='bbox 3264 545 3407 625; x_wconf 90' lang='lat' dir='ltr'><strong>Epi-</strong></span> 
     </span>
     <span class='ocr_line' id='line_1_33' title="bbox 1842 637 3405 717; baseline 0.001 -19"><span class='ocrx_word' id='word_1_226' title='bbox 1842 637 2012 717; x_wconf 84' lang='lat' dir='ltr'><strong>scopi</strong></span> <span class='ocrx_word' id='word_1_227' title='bbox 2054 637 2301 697; x_wconf 88' lang='lat' dir='ltr'><strong>credere</strong></span> <span class='ocrx_word' id='word_1_228' title='bbox 2350 655 2477 698; x_wconf 90' lang='lat' dir='ltr'><strong>non</strong></span> <span class='ocrx_word' id='word_1_229' title='bbox 2526 643 2833 710; x_wconf 89' lang='lat' dir='ltr'><strong>tenentur,</strong></span> <span class='ocrx_word' id='word_1_230' title='bbox 2883 639 3031 717; x_wconf 88' lang='lat' dir='ltr'><strong>quia</strong></span> <span class='ocrx_word' id='word_1_231' title='bbox 3078 637 3222 698; x_wconf 89' lang='lat' dir='ltr'><strong>licet</strong></span> <span class='ocrx_word' id='word_1_232' title='bbox 3261 639 3405 700; x_wconf 86' lang='lat' dir='ltr'><strong>dicti</strong></span> 
     </span>
     <span class='ocr_line' id='line_1_34' title="bbox 1841 729 3406 809; baseline 0.002 -20"><span class='ocrx_word' id='word_1_233' title='bbox 1841 736 2120 790; x_wconf 85' lang='lat' dir='ltr'><strong>auctores</strong></span> <span class='ocrx_word' id='word_1_234' title='bbox 2137 746 2260 789; x_wconf 90' lang='lat' dir='ltr'><strong>non</strong></span> <span class='ocrx_word' id='word_1_235' title='bbox 2280 731 2682 804; x_wconf 85' lang='lat' dir='ltr'><strong>mentiantur,</strong></span> <span class='ocrx_word' id='word_1_236' title='bbox 2706 729 2906 808; x_wconf 84' lang='lat' dir='ltr'><strong>decipi</strong></span> <span class='ocrx_word' id='word_1_237' title='bbox 2924 749 3035 809; x_wconf 91' lang='lat' dir='ltr'><strong>per</strong></span> <span class='ocrx_word' id='word_1_238' title='bbox 3056 729 3285 790; x_wconf 76' lang='lat' dir='ltr'><strong>famam</strong></span> <span class='ocrx_word' id='word_1_239' title='bbox 3307 732 3406 792; x_wconf 89' lang='lat' dir='ltr'><strong>vel</strong></span> 
     </span>
     <span class='ocr_line' id='line_1_35' title="bbox 1843 823 3408 901; baseline 0.001 -18"><span class='ocrx_word' id='word_1_240' title='bbox 1843 839 2157 884; x_wconf 87' lang='lat' dir='ltr'><strong>rumorem</strong></span> <span class='ocrx_word' id='word_1_241' title='bbox 2190 828 2543 901; x_wconf 87' lang='lat' dir='ltr'><strong>potuerunt.</strong></span> <span class='ocrx_word' id='word_1_242' title='bbox 2580 823 2659 882; x_wconf 88' lang='lat' dir='ltr'><strong>Et</strong></span> <span class='ocrx_word' id='word_1_243' title='bbox 2691 827 2987 901; x_wconf 84' lang='lat' dir='ltr'><strong>praeterea</strong></span> <span class='ocrx_word' id='word_1_244' title='bbox 3014 841 3139 883; x_wconf 89' lang='lat' dir='ltr'><strong>non</strong></span> <span class='ocrx_word' id='word_1_245' title='bbox 3165 829 3408 884; x_wconf 83' lang='lat' dir='ltr'><strong>constat</strong></span> 
     </span>
     <span class='ocr_line' id='line_1_36' title="bbox 1843 914 3405 995; baseline 0.002 -21"><span class='ocrx_word' id='word_1_246' title='bbox 1843 914 2044 994; x_wconf 91' lang='lat' dir='ltr'><strong>qualis</strong></span> <span class='ocrx_word' id='word_1_247' title='bbox 2072 914 2259 975; x_wconf 77' lang='lat' dir='ltr'><strong>fuerit</strong></span> <span class='ocrx_word' id='word_1_248' title='bbox 2288 914 2426 975; x_wconf 83' lang='lat' dir='ltr'><strong>talis</strong></span> <span class='ocrx_word' id='word_1_249' title='bbox 2458 916 2787 990; x_wconf 87' lang='lat' dir='ltr'><strong>revocatio,</strong></span> <span class='ocrx_word' id='word_1_250' title='bbox 2832 917 2929 976; x_wconf 83' lang='lat' dir='ltr'><strong>vel</strong></span> <span class='ocrx_word' id='word_1_251' title='bbox 2959 922 3261 995; x_wconf 85' lang='lat' dir='ltr'><strong>quantum</strong></span> <span class='ocrx_word' id='word_1_252' title='bbox 3294 917 3405 977; x_wconf 90' lang='lat' dir='ltr'><strong>du·</strong></span> 
     </span>
     <span class='ocr_line' id='line_1_37' title="bbox 1841 1008 3406 1087; baseline 0.002 -19"><span class='ocrx_word' id='word_1_253' title='bbox 1841 1008 2096 1068; x_wconf 85' lang='lat' dir='ltr'><strong>raverit.</strong></span> <span class='ocrx_word' id='word_1_254' title='bbox 2144 1009 2338 1087; x_wconf 86' lang='lat' dir='ltr'><strong>Maj0r</strong></span> <span class='ocrx_word' id='word_1_255' title='bbox 2372 1015 2610 1077; x_wconf 86' lang='lat' dir='ltr'><strong>autem,</strong></span> <span class='ocrx_word' id='word_1_256' title='bbox 2641 1009 2718 1068; x_wconf 89' lang='lat' dir='ltr'><strong>de</strong></span> <span class='ocrx_word' id='word_1_257' title='bbox 2754 1008 3029 1069; x_wconf 90' lang='lat' dir='ltr'><strong>clausula</strong></span> <span class='ocrx_word' id='word_1_258' title='bbox 3067 1009 3284 1087; x_wconf 85' lang='lat' dir='ltr'><strong>Bullae,</strong></span> <span class='ocrx_word' id='word_1_259' title='bbox 3327 1012 3406 1072; x_wconf 88' lang='lat' dir='ltr'><strong>ad</strong></span> 
     </span>
     <span class='ocr_line' id='line_1_38' title="bbox 1845 1099 3409 1182; baseline 0.004 -23"><span class='ocrx_word' id='word_1_260' title='bbox 1845 1119 2033 1179; x_wconf 90' lang='lat' dir='ltr'><strong>quam</strong></span> <span class='ocrx_word' id='word_1_261' title='bbox 2071 1107 2198 1176; x_wconf 70' lang='lat' dir='ltr'><strong>tota</strong></span> <span class='ocrx_word' id='word_1_262' title='bbox 2232 1099 2365 1161; x_wconf 82' lang='lat' dir='ltr'><strong>haec</strong></span> <span class='ocrx_word' id='word_1_263' title='bbox 2398 1101 2704 1162; x_wconf 83' lang='lat' dir='ltr'><strong>revocatio</strong></span> <span class='ocrx_word' id='word_1_264' title='bbox 2741 1102 3079 1174; x_wconf 80' lang='lat' dir='ltr'><strong>reducitur,</strong></span> <span class='ocrx_word' id='word_1_265' title='bbox 3110 1103 3409 1182; x_wconf 86' lang='lat' dir='ltr'><strong>probatur</strong></span> 
     </span>
     <span class='ocr_line' id='line_1_39' title="bbox 1843 1194 3405 1274; baseline 0.001 -19"><span class='ocrx_word' id='word_1_266' title='bbox 1843 1213 1880 1255; x_wconf 88' lang='lat' dir='ltr'><strong>a</strong></span> <span class='ocrx_word' id='word_1_267' title='bbox 1903 1196 2149 1256; x_wconf 86' lang='lat' dir='ltr'><strong>Bannez</strong></span> <span class='ocrx_word' id='word_1_268' title='bbox 2182 1213 2391 1274; x_wconf 87' lang='lat' dir='ltr'><strong>supra,</strong></span> <span class='ocrx_word' id='word_1_269' title='bbox 2423 1195 2571 1274; x_wconf 89' lang='lat' dir='ltr'><strong>quia</strong></span> <span class='ocrx_word' id='word_1_270' title='bbox 2593 1194 2771 1255; x_wconf 91' lang='lat' dir='ltr'><strong>Bulla</strong></span> <span class='ocrx_word' id='word_1_271' title='bbox 2796 1213 2923 1254; x_wconf 88' lang='lat' dir='ltr'><strong>non</strong></span> <span class='ocrx_word' id='word_1_272' title='bbox 2950 1203 3193 1256; x_wconf 82' lang='lat' dir='ltr'><strong>revocat</strong></span> <span class='ocrx_word' id='word_1_273' title='bbox 3214 1195 3405 1257; x_wconf 88' lang='lat' dir='ltr'><strong>facul-</strong></span> 
     </span>
     <span class='ocr_line' id='line_1_40' title="bbox 1843 1285 3402 1366; baseline 0.003 -20"><span class='ocrx_word' id='word_1_274' title='bbox 1843 1292 2003 1347; x_wconf 85' lang='lat' dir='ltr'><strong>tates</strong></span> <span class='ocrx_word' id='word_1_275' title='bbox 2024 1288 2197 1347; x_wconf 88' lang='lat' dir='ltr'><strong>datas</strong></span> <span class='ocrx_word' id='word_1_276' title='bbox 2222 1287 2537 1366; x_wconf 87' lang='lat' dir='ltr'><strong>Episcopis</strong></span> <span class='ocrx_word' id='word_1_277' title='bbox 2562 1286 2659 1347; x_wconf 84' lang='lat' dir='ltr'><strong>vel</strong></span> <span class='ocrx_word' id='word_1_278' title='bbox 2680 1287 2816 1347; x_wconf 90' lang='lat' dir='ltr'><strong>aliis</strong></span> <span class='ocrx_word' id='word_1_279' title='bbox 2835 1287 2913 1348; x_wconf 86' lang='lat' dir='ltr'><strong>ad</strong></span> <span class='ocrx_word' id='word_1_280' title='bbox 2937 1285 3402 1363; x_wconf 80' lang='lat' dir='ltr'><strong>absolvendum,</strong></span> 
     </span>
     <span class='ocr_line' id='line_1_41' title="bbox 1842 1379 3407 1462; baseline 0.001 -21"><span class='ocrx_word' id='word_1_281' title='bbox 1842 1379 1948 1441; x_wconf 91' lang='lat' dir='ltr'><strong>sed</strong></span> <span class='ocrx_word' id='word_1_282' title='bbox 2002 1381 2175 1442; x_wconf 88' lang='lat' dir='ltr'><strong>datas</strong></span> <span class='ocrx_word' id='word_1_283' title='bbox 2245 1380 2684 1458; x_wconf 65' lang='lat' dir='ltr'><strong>poenitentibus</strong></span> <span class='ocrx_word' id='word_1_284' title='bbox 2744 1379 2823 1440; x_wconf 89' lang='lat' dir='ltr'><strong>ad</strong></span> <span class='ocrx_word' id='word_1_285' title='bbox 2884 1380 3238 1460; x_wconf 87' lang='lat' dir='ltr'><strong>eligendum</strong></span> <span class='ocrx_word' id='word_1_286' title='bbox 3298 1383 3407 1462; x_wconf 88' lang='lat' dir='ltr'><strong>qui</strong></span> 
     </span>
     <span class='ocr_line' id='line_1_42' title="bbox 1845 1473 3409 1555; baseline 0.001 -20"><span class='ocrx_word' id='word_1_287' title='bbox 1845 1476 2035 1555; x_wconf 85' lang='lat' dir='ltr'><strong>possit</strong></span> <span class='ocrx_word' id='word_1_288' title='bbox 2078 1493 2182 1534; x_wconf 90' lang='lat' dir='ltr'><strong>eos</strong></span> <span class='ocrx_word' id='word_1_289' title='bbox 2228 1473 2568 1535; x_wconf 85' lang='lat' dir='ltr'><strong>absolvere.</strong></span> <span class='ocrx_word' id='word_1_290' title='bbox 2620 1473 2736 1535; x_wconf 89' lang='lat' dir='ltr'><strong>Sed</strong></span> <span class='ocrx_word' id='word_1_291' title='bbox 2782 1473 2899 1534; x_wconf 88' lang='lat' dir='ltr'><strong>hoc</strong></span> <span class='ocrx_word' id='word_1_292' title='bbox 2948 1473 3269 1535; x_wconf 88' lang='lat' dir='ltr'><strong>manifeste</strong></span> <span class='ocrx_word' id='word_1_293' title='bbox 3318 1481 3409 1536; x_wconf 82' lang='lat' dir='ltr'><strong>est</strong></span> 
     </span>
     <span class='ocr_line' id='line_1_43' title="bbox 1846 1565 3407 1639; baseline 0.001 -11"><span class='ocrx_word' id='word_1_294' title='bbox 1846 1574 2061 1628; x_wconf 89' lang='lat' dir='ltr'><strong>contra</strong></span> <span class='ocrx_word' id='word_1_295' title='bbox 2110 1565 2299 1626; x_wconf 82' lang='lat' dir='ltr'><strong>verba</strong></span> <span class='ocrx_word' id='word_1_296' title='bbox 2345 1566 2573 1639; x_wconf 78' lang='lat' dir='ltr'><strong>Bullae3</strong></span> <span class='ocrx_word' id='word_1_297' title='bbox 2616 1583 2764 1626; x_wconf 88' lang='lat' dir='ltr'><strong>nam</strong></span> <span class='ocrx_word' id='word_1_298' title='bbox 2810 1579 3057 1626; x_wconf 86' lang='lat' dir='ltr'><strong>revocat</strong></span> <span class='ocrx_word' id='word_1_299' title='bbox 3094 1566 3407 1630; x_wconf 84' lang='lat' dir='ltr'><strong>facultates</strong></span> 
     </span>
     <span class='ocr_line' id='line_1_44' title="bbox 1846 1658 3407 1738; baseline 0.003 -18"><span class='ocrx_word' id='word_1_300' title='bbox 1846 1659 2021 1720; x_wconf 89' lang='lat' dir='ltr'><strong>datas</strong></span> <span class='ocrx_word' id='word_1_301' title='bbox 2048 1661 2237 1719; x_wconf 88' lang='lat' dir='ltr'><strong>etiam</strong></span> <span class='ocrx_word' id='word_1_302' title='bbox 2266 1659 2599 1738; x_wconf 77' lang='lat' dir='ltr'><strong>EpiscopiS,</strong></span> <span class='ocrx_word' id='word_1_303' title='bbox 2630 1665 2693 1719; x_wconf 88' lang='lat' dir='ltr'><strong>et</strong></span> <span class='ocrx_word' id='word_1_304' title='bbox 2718 1658 2915 1731; x_wconf 87' lang='lat' dir='ltr'><strong>addit,</strong></span> <span class='ocrx_word' id='word_1_305' title='bbox 2944 1659 3127 1723; x_wconf 78' lang='lat' dir='ltr'><strong>etiam</strong></span> <span class='ocrx_word' id='word_1_306' title='bbox 3157 1661 3225 1722; x_wconf 77' lang='lat' dir='ltr'><strong>in</strong></span> <span class='ocrx_word' id='word_1_307' title='bbox 3258 1661 3407 1724; x_wconf 81' lang='lat' dir='ltr'><strong>Con-</strong></span> 
     </span>
     <span class='ocr_line' id='line_1_45' title="bbox 1849 1752 3408 1833; baseline 0.001 -18"><span class='ocrx_word' id='word_1_308' title='bbox 1849 1752 2017 1816; x_wconf 72' lang='lat' dir='ltr'><strong>siliis</strong></span> <span class='ocrx_word' id='word_1_309' title='bbox 2044 1779 2069 1826; x_wconf 89' lang='lat'><em>;</em></span> <span class='ocrx_word' id='word_1_310' title='bbox 2095 1752 2369 1814; x_wconf 85' lang='lat' dir='ltr'><strong>Concilia</strong></span> <span class='ocrx_word' id='word_1_311' title='bbox 2396 1767 2607 1813; x_wconf 85' lang='lat' dir='ltr'><strong>autem</strong></span> <span class='ocrx_word' id='word_1_312' title='bbox 2634 1769 2761 1814; x_wconf 90' lang='lat' dir='ltr'><strong>non</strong></span> <span class='ocrx_word' id='word_1_313' title='bbox 2792 1753 2944 1812; x_wconf 88' lang='lat' dir='ltr'><strong>dant</strong></span> <span class='ocrx_word' id='word_1_314' title='bbox 2970 1755 3408 1833; x_wconf 65' lang='lat' dir='ltr'><strong>poenitentibus</strong></span> 
     </span>
     <span class='ocr_line' id='line_1_46' title="bbox 1849 1845 3407 1929; baseline 0.002 -23"><span class='ocrx_word' id='word_1_315' title='bbox 1849 1845 2168 1906; x_wconf 89' lang='lat' dir='ltr'><strong>facultates</strong></span> <span class='ocrx_word' id='word_1_316' title='bbox 2190 1845 2268 1906; x_wconf 89' lang='lat' dir='ltr'><strong>ad</strong></span> <span class='ocrx_word' id='word_1_317' title='bbox 2296 1845 2612 1924; x_wconf 81' lang='lat' dir='ltr'><strong>eligendos</strong></span> <span class='ocrx_word' id='word_1_318' title='bbox 2643 1845 3034 1907; x_wconf 87' lang='lat' dir='ltr'><strong>confessores.</strong></span> <span class='ocrx_word' id='word_1_319' title='bbox 3077 1847 3271 1926; x_wconf 84' lang='lat' dir='ltr'><strong>Magis</strong></span> <span class='ocrx_word' id='word_1_320' title='bbox 3298 1867 3407 1929; x_wconf 90' lang='lat' dir='ltr'><strong>ap-</strong></span> 
     </span>
     <span class='ocr_line' id='line_1_47' title="bbox 1849 1937 3407 2018; baseline 0.003 -19"><span class='ocrx_word' id='word_1_321' title='bbox 1849 1957 2073 2018; x_wconf 87' lang='lat' dir='ltr'><strong>parens</strong></span> <span class='ocrx_word' id='word_1_322' title='bbox 2098 1943 2191 1999; x_wconf 85' lang='lat' dir='ltr'><strong>est</strong></span> <span class='ocrx_word' id='word_1_323' title='bbox 2218 1938 2535 2018; x_wconf 87' lang='lat' dir='ltr'><strong>responsio</strong></span> <span class='ocrx_word' id='word_1_324' title='bbox 2558 1939 2816 1999; x_wconf 85' lang='lat' dir='ltr'><strong>Navarri</strong></span> <span class='ocrx_word' id='word_1_325' title='bbox 2841 1948 2903 2000; x_wconf 87' lang='lat' dir='ltr'><strong>et</strong></span> <span class='ocrx_word' id='word_1_326' title='bbox 2924 1937 3189 2000; x_wconf 88' lang='lat' dir='ltr'><strong>aliorum</strong></span> <span class='ocrx_word' id='word_1_327' title='bbox 3210 1960 3225 2013; x_wconf 90' lang='grc'>;</span> <span class='ocrx_word' id='word_1_328' title='bbox 3258 1959 3407 2004; x_wconf 89' lang='lat' dir='ltr'><strong>nam</strong></span> 
     </span>
     <span class='ocr_line' id='line_1_48' title="bbox 1849 2031 3407 2111; baseline 0.004 -20"><span class='ocrx_word' id='word_1_329' title='bbox 1849 2032 1949 2092; x_wconf 82' lang='lat' dir='ltr'><strong>lex</strong></span> <span class='ocrx_word' id='word_1_330' title='bbox 1979 2031 2280 2111; x_wconf 85' lang='lat' dir='ltr'><strong>specialis,</strong></span> <span class='ocrx_word' id='word_1_331' title='bbox 2311 2031 2551 2092; x_wconf 89' lang='lat' dir='ltr'><strong>etiamsi</strong></span> <span class='ocrx_word' id='word_1_332' title='bbox 2580 2031 2853 2092; x_wconf 86' lang='lat' dir='ltr'><strong>anterior</strong></span> <span class='ocrx_word' id='word_1_333' title='bbox 2878 2032 2979 2106; x_wconf 87' lang='lat' dir='ltr'><strong>sit,</strong></span> <span class='ocrx_word' id='word_1_334' title='bbox 3011 2051 3135 2093; x_wconf 88' lang='lat' dir='ltr'><strong>non</strong></span> <span class='ocrx_word' id='word_1_335' title='bbox 3162 2054 3407 2097; x_wconf 85' lang='lat' dir='ltr'><strong>revoca·</strong></span> 
     </span>
     <span class='ocr_line' id='line_1_49' title="bbox 1849 2125 3409 2206; baseline 0.003 -18"><span class='ocrx_word' id='word_1_336' title='bbox 1849 2134 1952 2188; x_wconf 90' lang='lat' dir='ltr'><strong>tur</strong></span> <span class='ocrx_word' id='word_1_337' title='bbox 1981 2145 2091 2206; x_wconf 88' lang='lat' dir='ltr'><strong>per</strong></span> <span class='ocrx_word' id='word_1_338' title='bbox 2119 2131 2481 2205; x_wconf 86' lang='lat' dir='ltr'><strong>sequentem</strong></span> <span class='ocrx_word' id='word_1_339' title='bbox 2506 2125 2883 2204; x_wconf 83' lang='lat' dir='ltr'><strong>generalem,</strong></span> <span class='ocrx_word' id='word_1_340' title='bbox 2909 2127 3015 2186; x_wconf 89' lang='lat' dir='ltr'><strong>sed</strong></span> <span class='ocrx_word' id='word_1_341' title='bbox 3045 2129 3250 2206; x_wconf 87' lang='lat' dir='ltr'><strong>potius</strong></span> <span class='ocrx_word' id='word_1_342' title='bbox 3276 2129 3409 2192; x_wconf 80' lang='lat' dir='ltr'><strong>hoec</strong></span> 
     </span>
     <span class='ocr_line' id='line_1_50' title="bbox 1848 2218 3410 2302; baseline 0.003 -22"><span class='ocrx_word' id='word_1_343' title='bbox 1848 2219 2154 2299; x_wconf 89' lang='lat' dir='ltr'><strong>perillam</strong></span> <span class='ocrx_word' id='word_1_344' title='bbox 2185 2218 2514 2293; x_wconf 85' lang='lat' dir='ltr'><strong>limitatur,</strong></span> <span class='ocrx_word' id='word_1_345' title='bbox 2545 2218 2663 2278; x_wconf 88' lang='lat' dir='ltr'><strong>nisi</strong></span> <span class='ocrx_word' id='word_1_346' title='bbox 2697 2236 2979 2297; x_wconf 85' lang='lat' dir='ltr'><strong>expresse</strong></span> <span class='ocrx_word' id='word_1_347' title='bbox 3017 2226 3080 2280; x_wconf 88' lang='lat' dir='ltr'><strong>et</strong></span> <span class='ocrx_word' id='word_1_348' title='bbox 3115 2222 3181 2281; x_wconf 90' lang='lat' dir='ltr'><strong>in</strong></span> <span class='ocrx_word' id='word_1_349' title='bbox 3210 2225 3410 2302; x_wconf 90' lang='lat' dir='ltr'><strong>specie</strong></span> 
     </span>
     <span class='ocr_line' id='line_1_51' title="bbox 1848 2311 3409 2389; baseline 0.002 -17"><span class='ocrx_word' id='word_1_350' title='bbox 1848 2313 2018 2373; x_wconf 87' lang='lat' dir='ltr'><strong>illam</strong></span> <span class='ocrx_word' id='word_1_351' title='bbox 2068 2315 2335 2387; x_wconf 87' lang='lat' dir='ltr'><strong>revocet,</strong></span> <span class='ocrx_word' id='word_1_352' title='bbox 2377 2315 2448 2371; x_wconf 90' lang='lat' dir='ltr'><strong>ut</strong></span> <span class='ocrx_word' id='word_1_353' title='bbox 2498 2311 2867 2389; x_wconf 87' lang='lat' dir='ltr'><strong>supponitur</strong></span> <span class='ocrx_word' id='word_1_354' title='bbox 2908 2329 2985 2372; x_wconf 86' lang='lat' dir='ltr'><strong>ex</strong></span> <span class='ocrx_word' id='word_1_355' title='bbox 3032 2315 3292 2373; x_wconf 85' lang='lat' dir='ltr'><strong>materia</strong></span> <span class='ocrx_word' id='word_1_356' title='bbox 3334 2315 3409 2376; x_wconf 90' lang='lat' dir='ltr'><strong>de</strong></span> 
     </span>
     <span class='ocr_line' id='line_1_52' title="bbox 1848 2402 3411 2485; baseline 0.001 -19"><span class='ocrx_word' id='word_1_357' title='bbox 1848 2404 2111 2483; x_wconf 81' lang='lat' dir='ltr'><strong>legibus.</strong></span> <span class='ocrx_word' id='word_1_358' title='bbox 2140 2403 2259 2464; x_wconf 88' lang='lat' dir='ltr'><strong>Sed</strong></span> <span class='ocrx_word' id='word_1_359' title='bbox 2289 2404 2355 2464; x_wconf 87' lang='lat' dir='ltr'><strong>in</strong></span> <span class='ocrx_word' id='word_1_360' title='bbox 2378 2403 2689 2483; x_wconf 81' lang='lat' dir='ltr'><strong>praesenti,</strong></span> <span class='ocrx_word' id='word_1_361' title='bbox 2721 2402 2818 2463; x_wconf 85' lang='lat' dir='ltr'><strong>lex</strong></span> <span class='ocrx_word' id='word_1_362' title='bbox 2847 2402 3104 2464; x_wconf 90' lang='lat' dir='ltr'><strong>Concilii</strong></span> <span class='ocrx_word' id='word_1_363' title='bbox 3132 2407 3411 2485; x_wconf 88' lang='lat' dir='ltr'><strong>specialis</strong></span> 
     </span>
     <span class='ocr_line' id='line_1_53' title="bbox 1851 2495 3414 2579; baseline 0.001 -20"><span class='ocrx_word' id='word_1_364' title='bbox 1851 2504 1975 2575; x_wconf 84' lang='lat' dir='ltr'><strong>cst3</strong></span> <span class='ocrx_word' id='word_1_365' title='bbox 2014 2497 2203 2558; x_wconf 84' lang='lat' dir='ltr'><strong>verba</strong></span> <span class='ocrx_word' id='word_1_366' title='bbox 2237 2502 2446 2557; x_wconf 90' lang='lat' dir='ltr'><strong>autem</strong></span> <span class='ocrx_word' id='word_1_367' title='bbox 2486 2495 2679 2556; x_wconf 79' lang='lat' dir='ltr'><strong>Bullae</strong></span> <span class='ocrx_word' id='word_1_368' title='bbox 2718 2502 2865 2556; x_wconf 87' lang='lat' dir='ltr'><strong>sunt</strong></span> <span class='ocrx_word' id='word_1_369' title='bbox 2894 2499 3229 2575; x_wconf 79' lang='lat' dir='ltr'><strong>generalia,</strong></span> <span class='ocrx_word' id='word_1_370' title='bbox 3265 2500 3414 2579; x_wconf 88' lang='lat' dir='ltr'><strong>quia</strong></span> 
     </span>
     <span class='ocr_line' id='line_1_54' title="bbox 1852 2587 3411 2670; baseline 0.001 -19"><span class='ocrx_word' id='word_1_371' title='bbox 1852 2609 1981 2651; x_wconf 90' lang='lat' dir='ltr'><strong>non</strong></span> <span class='ocrx_word' id='word_1_372' title='bbox 2024 2587 2380 2668; x_wconf 83' lang='lat' dir='ltr'><strong>specificant</strong></span> <span class='ocrx_word' id='word_1_373' title='bbox 2419 2605 2594 2649; x_wconf 84' lang='lat' dir='ltr'><strong>casus</strong></span> <span class='ocrx_word' id='word_1_374' title='bbox 2640 2589 2939 2666; x_wconf 88' lang='lat' dir='ltr'><strong>occultos,</strong></span> <span class='ocrx_word' id='word_1_375' title='bbox 2975 2589 3053 2651; x_wconf 89' lang='lat' dir='ltr'><strong>de</strong></span> <span class='ocrx_word' id='word_1_376' title='bbox 3086 2591 3309 2670; x_wconf 89' lang='lat' dir='ltr'><strong>quibus</strong></span> <span class='ocrx_word' id='word_1_377' title='bbox 3344 2593 3411 2653; x_wconf 89' lang='lat' dir='ltr'><strong>in</strong></span> 
     </span>
     <span class='ocr_line' id='line_1_55' title="bbox 1853 2681 3413 2763; baseline 0.003 -21"><span class='ocrx_word' id='word_1_378' title='bbox 1853 2683 2053 2763; x_wconf 86' lang='lat' dir='ltr'><strong>specie</strong></span> <span class='ocrx_word' id='word_1_379' title='bbox 2103 2681 2444 2742; x_wconf 87' lang='lat' dir='ltr'><strong>Concilium</strong></span> <span class='ocrx_word' id='word_1_380' title='bbox 2498 2681 2808 2760; x_wconf 85' lang='lat' dir='ltr'><strong>loquitur3</strong></span> <span class='ocrx_word' id='word_1_381' title='bbox 2855 2699 3005 2760; x_wconf 85' lang='lat' dir='ltr'><strong>ergo</strong></span> <span class='ocrx_word' id='word_1_382' title='bbox 3054 2683 3231 2744; x_wconf 88' lang='lat' dir='ltr'><strong>Bulla</strong></span> <span class='ocrx_word' id='word_1_383' title='bbox 3286 2705 3413 2746; x_wconf 85' lang='lat' dir='ltr'><strong>non</strong></span> 
     </span>
     <span class='ocr_line' id='line_1_56' title="bbox 1851 2774 3414 2853; baseline 0.001 -16"><span class='ocrx_word' id='word_1_384' title='bbox 1851 2781 2099 2837; x_wconf 83' lang='lat' dir='ltr'><strong>revocat</strong></span> <span class='ocrx_word' id='word_1_385' title='bbox 2128 2774 2497 2850; x_wconf 86' lang='lat' dir='ltr'><strong>Concilium,</strong></span> <span class='ocrx_word' id='word_1_386' title='bbox 2524 2775 2864 2853; x_wconf 84' lang='lat' dir='ltr'><strong>sed-potius</strong></span> <span class='ocrx_word' id='word_1_387' title='bbox 2894 2775 3234 2838; x_wconf 87' lang='lat' dir='ltr'><strong>Concilium</strong></span> <span class='ocrx_word' id='word_1_388' title='bbox 3263 2779 3414 2839; x_wconf 89' lang='lat' dir='ltr'><strong>Bul-</strong></span> 
     </span>
     <span class='ocr_line' id='line_1_57' title="bbox 1851 2868 2354 2944; baseline -0.006 -14"><span class='ocrx_word' id='word_1_389' title='bbox 1851 2869 1979 2930; x_wconf 87' lang='lat' dir='ltr'><strong>lam</strong></span> <span class='ocrx_word' id='word_1_390' title='bbox 2016 2868 2354 2944; x_wconf 76' lang='lat' dir='ltr'><strong>restringit.</strong></span> 
     </span>
    </p>

    <p class='ocr_par' dir='ltr' id='par_1_4' title="bbox 1840 2960 3418 3227">
     <span class='ocr_line' id='line_1_58' title="bbox 1936 2960 3415 3042; baseline 0.001 -15"><span class='ocrx_word' id='word_1_391' title='bbox 1936 2967 2037 3027; x_wconf 81' lang='lat'><strong>12.</strong></span> <span class='ocrx_word' id='word_1_392' title='bbox 2083 2960 2296 3042; x_wconf 80' lang='lat' dir='ltr'><strong>Opi-nio</strong></span> <span class='ocrx_word' id='word_1_393' title='bbox 2323 2961 2757 3040; x_wconf 74' lang='lat' dir='ltr'><strong>affirmans.—</strong></span> <span class='ocrx_word' id='word_1_394' title='bbox 2780 2960 3269 3026; x_wconf 73' lang='lat' dir='ltr'><strong>Fundamentum</strong></span> <span class='ocrx_word' id='word_1_395' title='bbox 3304 2967 3415 3028; x_wconf 73' lang='lat' dir='ltr'><strong>Im-</strong></span> 
     </span>
     <span class='ocr_line' id='line_1_59' title="bbox 1840 3053 3416 3138; baseline -0.001 -18"><span class='ocrx_word' id='word_1_396' title='bbox 1840 3060 1957 3138; x_wconf 74' lang='lat' dir='ltr'><strong>jus</strong></span> <span class='ocrx_word' id='word_1_397' title='bbox 1986 3057 2405 3136; x_wconf 71' lang='lat' dir='ltr'><strong>opinionie.-</strong></span> <span class='ocrx_word' id='word_1_398' title='bbox 2434 3053 2844 3114; x_wconf 85' lang='lat' dir='ltr'><strong>Nihilominus</strong></span> <span class='ocrx_word' id='word_1_399' title='bbox 2870 3056 3243 3116; x_wconf 85' lang='lat' dir='ltr'><strong>contrariam</strong></span> <span class='ocrx_word' id='word_1_400' title='bbox 3280 3075 3416 3118; x_wconf 87' lang='lat' dir='ltr'><strong>sen-</strong></span> 
     </span>
     <span class='ocr_line' id='line_1_60' title="bbox 1857 3146 3418 3227; baseline -0.001 -15"><span class='ocrx_word' id='word_1_401' title='bbox 1857 3151 2116 3212; x_wconf 86' lang='lat' dir='ltr'><strong>tentiam</strong></span> <span class='ocrx_word' id='word_1_402' title='bbox 2146 3148 2328 3209; x_wconf 91' lang='lat' dir='ltr'><strong>docui</strong></span> <span class='ocrx_word' id='word_1_403' title='bbox 2356 3154 2525 3207; x_wconf 91' lang='lat' dir='ltr'><strong>tomo</strong></span> <span class='ocrx_word' id='word_1_404' title='bbox 2552 3149 2615 3222; x_wconf 96' lang='lat'><strong>4,</strong></span> <span class='ocrx_word' id='word_1_405' title='bbox 2646 3146 2873 3226; x_wconf 88' lang='lat' dir='ltr'><strong>disput.</strong></span> <span class='ocrx_word' id='word_1_406' title='bbox 2910 3151 3009 3222; x_wconf 88' lang='grc'><strong>30,</strong></span> <span class='ocrx_word' id='word_1_407' title='bbox 3030 3156 3177 3210; x_wconf 87' lang='lat' dir='ltr'><strong>sect.</strong></span> <span class='ocrx_word' id='word_1_408' title='bbox 3208 3153 3269 3227; x_wconf 82' lang='lat'><strong>2,</strong></span> <span class='ocrx_word' id='word_1_409' title='bbox 3300 3169 3418 3210; x_wconf 84' lang='lat' dir='ltr'><strong>nu·</strong></span> 
     </span>
    </p>
   </div>
   <div class='ocr_carea' id='block_1_4' title="bbox 197 3239 3408 3320">
    <p class='ocr_par' dir='ltr' id='par_1_5' title="bbox 197 3239 3408 3320">
     <span class='ocr_line' id='line_1_61' title="bbox 197 3239 3408 3320; baseline 0.001 -19"><span class='ocrx_word' id='word_1_410' title='bbox 197 3244 402 3302; x_wconf 84' lang='lat' dir='ltr'><strong>nicar.</strong></span> <span class='ocrx_word' id='word_1_411' title='bbox 432 3241 692 3318; x_wconf 82' lang='lat' dir='ltr'><strong>Quaest.‚</strong></span> <span class='ocrx_word' id='word_1_412' title='bbox 721 3259 858 3320; x_wconf 86' lang='lat' dir='ltr'><strong>cap.</strong></span> <span class='ocrx_word' id='word_1_413' title='bbox 887 3241 1000 3316; x_wconf 79' lang='lat'><strong>133</strong></span> <span class='ocrx_word' id='word_1_414' title='bbox 1028 3247 1089 3302; x_wconf 89' lang='lat' dir='ltr'><strong>et</strong></span> <span class='ocrx_word' id='word_1_415' title='bbox 1117 3258 1196 3301; x_wconf 79' lang='lat' dir='ltr'><strong>ex</strong></span> <span class='ocrx_word' id='word_1_416' title='bbox 1223 3240 1634 3314; x_wconf 86' lang='lat' dir='ltr'><strong>Scholasticis,</strong></span> <span class='ocrx_word' id='word_1_417' title='bbox 1657 3239 1778 3299; x_wconf 86' lang='lat' dir='ltr'><strong>hoc</strong></span> <span class='ocrx_word' id='word_1_418' title='bbox 1856 3261 2010 3304; x_wconf 89' lang='lat' dir='ltr'><strong>mer.</strong></span> <span class='ocrx_word' id='word_1_419' title='bbox 2045 3245 2143 3304; x_wconf 89' lang='grc'>11.</span> <span class='ocrx_word' id='word_1_420' title='bbox 2172 3247 2235 3300; x_wconf 90' lang='lat' dir='ltr'><strong>et</strong></span> <span class='ocrx_word' id='word_1_421' title='bbox 2260 3246 2431 3300; x_wconf 91' lang='lat' dir='ltr'><strong>tomo</strong></span> <span class='ocrx_word' id='word_1_422' title='bbox 2456 3243 2517 3314; x_wconf 84' lang='lat'><strong>5,</strong></span> <span class='ocrx_word' id='word_1_423' title='bbox 2552 3240 2781 3318; x_wconf 89' lang='lat' dir='ltr'><strong>disput.</strong></span> <span class='ocrx_word' id='word_1_424' title='bbox 2825 3243 2927 3315; x_wconf 73' lang='lat'><strong>2¹,</strong></span> <span class='ocrx_word' id='word_1_425' title='bbox 2960 3247 3105 3302; x_wconf 82' lang='lat' dir='ltr'><strong>sect.</strong></span> <span class='ocrx_word' id='word_1_426' title='bbox 3140 3243 3197 3317; x_wconf 89' lang='lat'><strong>3,</strong></span> <span class='ocrx_word' id='word_1_427' title='bbox 3232 3261 3408 3304; x_wconf 91' lang='lat' dir='ltr'><strong>num.</strong></span> 
     </span>
    </p>
   </div>
   <div class='ocr_carea' id='block_1_5' title="bbox 199 3334 1776 3690">
    <p class='ocr_par' dir='ltr' id='par_1_6' title="bbox 199 3334 1776 3690">
     <span class='ocr_line' id='line_1_62' title="bbox 199 3334 1768 3411; baseline -0.003 -15"><span class='ocrx_word' id='word_1_428' title='bbox 199 3336 406 3396; x_wconf 86' lang='lat' dir='ltr'><strong>secuti</strong></span> <span class='ocrx_word' id='word_1_429' title='bbox 452 3339 598 3394; x_wconf 87' lang='lat' dir='ltr'><strong>sunt</strong></span> <span class='ocrx_word' id='word_1_430' title='bbox 647 3335 916 3409; x_wconf 85' lang='lat' dir='ltr'><strong>Bannez,</strong></span> <span class='ocrx_word' id='word_1_431' title='bbox 951 3339 1013 3395; x_wconf 87' lang='lat' dir='ltr'><strong>et</strong></span> <span class='ocrx_word' id='word_1_432' title='bbox 1051 3334 1319 3411; x_wconf 80' lang='lat' dir='ltr'><strong>Aragon.</strong></span> <span class='ocrx_word' id='word_1_433' title='bbox 1353 3334 1412 3393; x_wconf 71' lang='grc' dir='ltr'><strong>Ξ.</strong></span> <span class='ocrx_word' id='word_1_434' title='bbox 1444 3335 1507 3407; x_wconf 73' lang='lat'><strong>2,</strong></span> <span class='ocrx_word' id='word_1_435' title='bbox 1556 3337 1768 3410; x_wconf 83' lang='lat' dir='ltr'><strong>quaest.</strong></span> 
     </span>
     <span class='ocr_line' id='line_1_63' title="bbox 205 3423 1769 3502; baseline -0.004 -14"><span class='ocrx_word' id='word_1_436' title='bbox 205 3431 314 3502; x_wconf 87' lang='grc'><strong>11,</strong></span> <span class='ocrx_word' id='word_1_437' title='bbox 345 3433 469 3488; x_wconf 83' lang='lat' dir='ltr'><strong>art.</strong></span> <span class='ocrx_word' id='word_1_438' title='bbox 502 3427 566 3500; x_wconf 88' lang='lat'><strong>4,</strong></span> <span class='ocrx_word' id='word_1_439' title='bbox 594 3432 657 3486; x_wconf 88' lang='lat' dir='ltr'><strong>et</strong></span> <span class='ocrx_word' id='word_1_440' title='bbox 697 3423 993 3498; x_wconf 86' lang='lat' dir='ltr'><strong>Palacius,</strong></span> <span class='ocrx_word' id='word_1_441' title='bbox 1025 3425 1090 3486; x_wconf 91' lang='lat' dir='ltr'><strong>in</strong></span> <span class='ocrx_word' id='word_1_442' title='bbox 1121 3427 1180 3494; x_wconf 87' lang='lat'><strong>3,</strong></span> <span class='ocrx_word' id='word_1_443' title='bbox 1207 3424 1346 3486; x_wconf 83' lang='lat' dir='ltr'><strong>dist.</strong></span> <span class='ocrx_word' id='word_1_444' title='bbox 1387 3427 1489 3497; x_wconf 69' lang='lat'><strong>23,</strong></span> <span class='ocrx_word' id='word_1_445' title='bbox 1521 3423 1678 3502; x_wconf 84' lang='lat' dir='ltr'><strong>disp.</strong></span> <span class='ocrx_word' id='word_1_446' title='bbox 1709 3427 1769 3497; x_wconf 84' lang='lat'><strong>7,</strong></span> 
     </span>
     <span class='ocr_line' id='line_1_64' title="bbox 199 3517 1776 3599; baseline -0.003 -19"><span class='ocrx_word' id='word_1_447' title='bbox 199 3527 266 3580; x_wconf 91' lang='lat' dir='ltr'><strong>et</strong></span> <span class='ocrx_word' id='word_1_448' title='bbox 307 3519 522 3599; x_wconf 88' lang='lat' dir='ltr'><strong>plures</strong></span> <span class='ocrx_word' id='word_1_449' title='bbox 554 3519 925 3594; x_wconf 74' lang='lat' dir='ltr'><strong>Summistoe,</strong></span> <span class='ocrx_word' id='word_1_450' title='bbox 974 3534 1126 3596; x_wconf 89' lang='lat' dir='ltr'><strong>quos</strong></span> <span class='ocrx_word' id='word_1_451' title='bbox 1152 3517 1340 3578; x_wconf 80' lang='lat' dir='ltr'><strong>refert</strong></span> <span class='ocrx_word' id='word_1_452' title='bbox 1373 3517 1626 3578; x_wconf 74' lang='lat' dir='ltr'><strong>Sam-ius</strong></span> <span class='ocrx_word' id='word_1_453' title='bbox 1653 3521 1776 3576; x_wconf 79' lang='lat' dir='ltr'><strong>sta-</strong></span> 
     </span>
     <span class='ocr_line' id='line_1_65' title="bbox 199 3609 1775 3690; baseline -0.003 -18"><span class='ocrx_word' id='word_1_454' title='bbox 199 3614 322 3674; x_wconf 86' lang='lat' dir='ltr'><strong>tim</strong></span> <span class='ocrx_word' id='word_1_455' title='bbox 350 3611 712 3673; x_wconf 76' lang='lat' dir='ltr'><strong>referendus</strong></span> <span class='ocrx_word' id='word_1_456' title='bbox 731 3631 748 3686; x_wconf 89' lang='lat'>;</span> <span class='ocrx_word' id='word_1_457' title='bbox 785 3615 848 3672; x_wconf 86' lang='lat' dir='ltr'><strong>et</strong></span> <span class='ocrx_word' id='word_1_458' title='bbox 893 3612 1170 3690; x_wconf 85' lang='lat' dir='ltr'><strong>sequitur</strong></span> <span class='ocrx_word' id='word_1_459' title='bbox 1211 3611 1580 3689; x_wconf 87' lang='lat' dir='ltr'><strong>Henriquez,</strong></span> <span class='ocrx_word' id='word_1_460' title='bbox 1623 3609 1775 3669; x_wconf 86' lang='lat' dir='ltr'><strong>alios</strong></span> 
     </span>
    </p>
   </div>
   <div class='ocr_carea' id='block_1_6' title="bbox 197 3701 1783 3780">
    <p class='ocr_par' dir='ltr' id='par_1_7' title="bbox 197 3701 1783 3780">
     <span class='ocr_line' id='line_1_66' title="bbox 197 3701 1783 3780; baseline -0.003 -14"><span class='ocrx_word' id='word_1_461' title='bbox 197 3706 506 3779; x_wconf 84' lang='lat' dir='ltr'><strong>referens,</strong></span> <span class='ocrx_word' id='word_1_462' title='bbox 538 3706 578 3766; x_wconf 90' lang='grc'><strong>1.</strong></span> <span class='ocrx_word' id='word_1_463' title='bbox 611 3707 676 3780; x_wconf 88' lang='grc'><strong>6,</strong></span> <span class='ocrx_word' id='word_1_464' title='bbox 722 3724 776 3765; x_wconf 89' lang='lat' dir='ltr'><strong>c.</strong></span> <span class='ocrx_word' id='word_1_465' title='bbox 835 3706 934 3779; x_wconf 85' lang='grc'><strong>14,</strong></span> <span class='ocrx_word' id='word_1_466' title='bbox 963 3723 1030 3764; x_wconf 88' lang='lat' dir='ltr'><strong>n.</strong></span> <span class='ocrx_word' id='word_1_467' title='bbox 1059 3707 1120 3778; x_wconf 81' lang='lat'><strong>7,</strong></span> <span class='ocrx_word' id='word_1_468' title='bbox 1153 3701 1274 3764; x_wconf 90' lang='lat' dir='ltr'><strong>litt.</strong></span> <span class='ocrx_word' id='word_1_469' title='bbox 1305 3703 1390 3779; x_wconf 91' lang='lat' dir='ltr'><strong>M,</strong></span> <span class='ocrx_word' id='word_1_470' title='bbox 1420 3721 1493 3764; x_wconf 83' lang='lat' dir='ltr'><strong>ac</strong></span> <span class='ocrx_word' id='word_1_471' title='bbox 1518 3701 1783 3764; x_wconf 87' lang='lat' dir='ltr'><strong>tandem.</strong></span> 
     </span>
    </p>
   </div>
   <div class='ocr_carea' id='block_1_7' title="bbox 193 3797 1780 5455">
    <p class='ocr_par' dir='ltr' id='par_1_8' title="bbox 199 3797 1138 3877">
     <span class='ocr_line' id='line_1_67' title="bbox 199 3797 1138 3877; baseline -0.002 -17"><span class='ocrx_word' id='word_1_472' title='bbox 199 3801 400 3860; x_wconf 87' lang='lat' dir='ltr'><strong>Lorca</strong></span> <span class='ocrx_word' id='word_1_473' title='bbox 425 3801 488 3860; x_wconf 75' lang='lat'><strong>2.</strong></span> <span class='ocrx_word' id='word_1_474' title='bbox 517 3803 578 3872; x_wconf 71' lang='lat'><strong>2,</strong></span> <span class='ocrx_word' id='word_1_475' title='bbox 610 3797 770 3877; x_wconf 88' lang='lat' dir='ltr'><strong>disp.</strong></span> <span class='ocrx_word' id='word_1_476' title='bbox 799 3800 900 3868; x_wconf 77' lang='grc'><strong>45,</strong></span> <span class='ocrx_word' id='word_1_477' title='bbox 937 3816 1004 3858; x_wconf 89' lang='lat' dir='ltr'><strong>n.</strong></span> <span class='ocrx_word' id='word_1_478' title='bbox 1041 3801 1138 3860; x_wconf 90' lang='grc'><strong>10.</strong></span> 
     </span>
    </p>

    <p class='ocr_par' dir='ltr' id='par_1_9' title="bbox 193 3889 1780 5455">
     <span class='ocr_line' id='line_1_68' title="bbox 287 3889 1775 3972; baseline -0.001 -18"><span class='ocrx_word' id='word_1_479' title='bbox 287 3898 314 3954; x_wconf 91' lang='grc'>1</span> <span class='ocrx_word' id='word_1_480' title='bbox 331 3896 361 3954; x_wconf 94' lang='grc'>1</span> <span class='ocrx_word' id='word_1_481' title='bbox 375 3937 390 3953; x_wconf 94' lang='grc'><strong>.</strong></span> <span class='ocrx_word' id='word_1_482' title='bbox 436 3893 606 3972; x_wconf 70' lang='lat' dir='ltr'><strong>Ejus</strong></span> <span class='ocrx_word' id='word_1_483' title='bbox 660 3893 1143 3970; x_wconf 74' lang='lat' dir='ltr'><strong>fundamentum.</strong></span> <span class='ocrx_word' id='word_1_484' title='bbox 1173 3925 1254 3936; x_wconf 91' lang='lat'><strong>--</strong></span> <span class='ocrx_word' id='word_1_485' title='bbox 1276 3889 1524 3954; x_wconf 73' lang='lat' dir='ltr'><strong>Banhez</strong></span> <span class='ocrx_word' id='word_1_486' title='bbox 1566 3891 1775 3954; x_wconf 76' lang='lat' dir='ltr'><strong>redar-</strong></span> 
     </span>
     <span class='ocr_line' id='line_1_69' title="bbox 193 3985 1771 4071; baseline -0.003 -23"><span class='ocrx_word' id='word_1_487' title='bbox 193 3987 438 4071; x_wconf 66' lang='lat' dir='ltr'><strong>yuitwr.</strong></span> <span class='ocrx_word' id='word_1_488' title='bbox 465 4020 547 4034; x_wconf 95' lang='lat'>—</span> <span class='ocrx_word' id='word_1_489' title='bbox 565 3985 1063 4046; x_wconf 87' lang='lat' dir='ltr'><strong>Fundamentum</strong></span> <span class='ocrx_word' id='word_1_490' title='bbox 1095 3985 1286 4064; x_wconf 82' lang='lat' dir='ltr'><strong>hujus</strong></span> <span class='ocrx_word' id='word_1_491' title='bbox 1309 3985 1631 4046; x_wconf 60' lang='lat' dir='ltr'><strong>sentcntiae</strong></span> <span class='ocrx_word' id='word_1_492' title='bbox 1657 3990 1771 4058; x_wconf 91' lang='lat' dir='ltr'><strong>est,</strong></span> 
     </span>
     <span class='ocr_line' id='line_1_70' title="bbox 197 4076 1775 4159; baseline -0.001 -19"><span class='ocrx_word' id='word_1_493' title='bbox 197 4081 356 4159; x_wconf 88' lang='lat' dir='ltr'><strong>quia</strong></span> <span class='ocrx_word' id='word_1_494' title='bbox 383 4079 654 4140; x_wconf 84' lang='lat' dir='ltr'><strong>clausula</strong></span> <span class='ocrx_word' id='word_1_495' title='bbox 677 4077 868 4140; x_wconf 84' lang='lat' dir='ltr'><strong>Bullae</strong></span> <span class='ocrx_word' id='word_1_496' title='bbox 899 4097 1024 4141; x_wconf 89' lang='lat' dir='ltr'><strong>non</strong></span> <span class='ocrx_word' id='word_1_497' title='bbox 1049 4079 1212 4156; x_wconf 83' lang='lat' dir='ltr'><strong>cogit</strong></span> <span class='ocrx_word' id='word_1_498' title='bbox 1230 4084 1295 4138; x_wconf 87' lang='lat' dir='ltr'><strong>ut</strong></span> <span class='ocrx_word' id='word_1_499' title='bbox 1314 4079 1592 4139; x_wconf 85' lang='lat' dir='ltr'><strong>dicamus</strong></span> <span class='ocrx_word' id='word_1_500' title='bbox 1615 4076 1775 4138; x_wconf 86' lang='lat' dir='ltr'><strong>hanc</strong></span> 
     </span>
     <span class='ocr_line' id='line_1_71' title="bbox 198 4159 1776 4250; baseline -0.001 -18"><span class='ocrx_word' id='word_1_501' title='bbox 198 4171 564 4233; x_wconf 85' lang='lat' dir='ltr'><strong>facultatem</strong></span> <span class='ocrx_word' id='word_1_502' title='bbox 619 4189 748 4232; x_wconf 87' lang='lat' dir='ltr'><strong>esse</strong></span> <span class='ocrx_word' id='word_1_503' title='bbox 801 4177 1177 4246; x_wconf 79' lang='lat' dir='ltr'><strong>revocatam,</strong></span> <span class='ocrx_word' id='word_1_504' title='bbox 1239 4159 1440 4250; x_wconf 76' lang='lat' dir='ltr'><strong>neque</strong></span> <span class='ocrx_word' id='word_1_505' title='bbox 1495 4169 1617 4230; x_wconf 89' lang='lat' dir='ltr'><strong>alia</strong></span> <span class='ocrx_word' id='word_1_506' title='bbox 1673 4171 1776 4231; x_wconf 85' lang='lat' dir='ltr'><strong>via</strong></span> 
     </span>
     <span class='ocr_line' id='line_1_72' title="bbox 203 4263 1774 4341; baseline -0.002 -16"><span class='ocrx_word' id='word_1_507' title='bbox 203 4265 388 4326; x_wconf 87' lang='lat' dir='ltr'><strong>nobis</strong></span> <span class='ocrx_word' id='word_1_508' title='bbox 411 4264 760 4326; x_wconf 86' lang='lat' dir='ltr'><strong>authentice</strong></span> <span class='ocrx_word' id='word_1_509' title='bbox 784 4270 1026 4324; x_wconf 87' lang='lat' dir='ltr'><strong>constat</strong></span> <span class='ocrx_word' id='word_1_510' title='bbox 1043 4264 1122 4326; x_wconf 89' lang='lat' dir='ltr'><strong>de</strong></span> <span class='ocrx_word' id='word_1_511' title='bbox 1147 4263 1502 4341; x_wconf 89' lang='lat' dir='ltr'><strong>hujusmodi</strong></span> <span class='ocrx_word' id='word_1_512' title='bbox 1523 4278 1774 4323; x_wconf 86' lang='lat' dir='ltr'><strong>revoca·</strong></span> 
     </span>
     <span class='ocr_line' id='line_1_73' title="bbox 199 4355 1775 4436; baseline -0.002 -18"><span class='ocrx_word' id='word_1_513' title='bbox 199 4358 420 4434; x_wconf 82' lang='lat' dir='ltr'><strong>tione3</strong></span> <span class='ocrx_word' id='word_1_514' title='bbox 465 4375 613 4436; x_wconf 80' lang='lat' dir='ltr'><strong>ergo</strong></span> <span class='ocrx_word' id='word_1_515' title='bbox 643 4357 946 4418; x_wconf 86' lang='lat' dir='ltr'><strong>credenda</strong></span> <span class='ocrx_word' id='word_1_516' title='bbox 987 4374 1114 4417; x_wconf 90' lang='lat' dir='ltr'><strong>non</strong></span> <span class='ocrx_word' id='word_1_517' title='bbox 1159 4367 1273 4417; x_wconf 85' lang='lat' dir='ltr'><strong>est.</strong></span> <span class='ocrx_word' id='word_1_518' title='bbox 1328 4355 1775 4433; x_wconf 85' lang='lat' dir='ltr'><strong>Consequentia</strong></span> 
     </span>
     <span class='ocr_line' id='line_1_74' title="bbox 201 4447 1776 4528; baseline 0 -20"><span class='ocrx_word' id='word_1_519' title='bbox 201 4450 460 4510; x_wconf 81' lang='lat' dir='ltr'><strong>videtur</strong></span> <span class='ocrx_word' id='word_1_520' title='bbox 495 4449 784 4526; x_wconf 77' lang='lat' dir='ltr'><strong>evidens,</strong></span> <span class='ocrx_word' id='word_1_521' title='bbox 817 4456 951 4510; x_wconf 90' lang='lat' dir='ltr'><strong>tum</strong></span> <span class='ocrx_word' id='word_1_522' title='bbox 995 4449 1142 4528; x_wconf 89' lang='lat' dir='ltr'><strong>quia</strong></span> <span class='ocrx_word' id='word_1_523' title='bbox 1181 4450 1492 4510; x_wconf 88' lang='lat' dir='ltr'><strong>concessio</strong></span> <span class='ocrx_word' id='word_1_524' title='bbox 1520 4447 1776 4508; x_wconf 87' lang='lat' dir='ltr'><strong>Concilii</strong></span> 
     </span>
     <span class='ocr_line' id='line_1_75' title="bbox 203 4539 1776 4619; baseline -0.001 -18"><span class='ocrx_word' id='word_1_525' title='bbox 203 4549 302 4602; x_wconf 88' lang='lat' dir='ltr'><strong>est</strong></span> <span class='ocrx_word' id='word_1_526' title='bbox 321 4547 494 4601; x_wconf 86' lang='lat' dir='ltr'><strong>certa</strong></span> <span class='ocrx_word' id='word_1_527' title='bbox 523 4545 586 4600; x_wconf 86' lang='lat' dir='ltr'><strong>ct</strong></span> <span class='ocrx_word' id='word_1_528' title='bbox 615 4541 866 4601; x_wconf 83' lang='lat' dir='ltr'><strong>evidens</strong></span> <span class='ocrx_word' id='word_1_529' title='bbox 894 4562 912 4615; x_wconf 92' lang='lat'>;</span> <span class='ocrx_word' id='word_1_530' title='bbox 942 4558 1090 4619; x_wconf 86' lang='lat' dir='ltr'><strong>ergo</strong></span> <span class='ocrx_word' id='word_1_531' title='bbox 1118 4541 1183 4600; x_wconf 90' lang='lat' dir='ltr'><strong>in</strong></span> <span class='ocrx_word' id='word_1_532' title='bbox 1205 4539 1396 4600; x_wconf 89' lang='lat' dir='ltr'><strong>dubio</strong></span> <span class='ocrx_word' id='word_1_533' title='bbox 1424 4558 1550 4600; x_wconf 88' lang='lat' dir='ltr'><strong>non</strong></span> <span class='ocrx_word' id='word_1_534' title='bbox 1580 4546 1671 4600; x_wconf 86' lang='lat' dir='ltr'><strong>est</strong></span> <span class='ocrx_word' id='word_1_535' title='bbox 1696 4540 1776 4600; x_wconf 90' lang='lat' dir='ltr'><strong>ab</strong></span> 
     </span>
     <span class='ocr_line' id='line_1_76' title="bbox 201 4633 1778 4712; baseline -0.001 -18"><span class='ocrx_word' id='word_1_536' title='bbox 201 4633 316 4694; x_wconf 85' lang='lat' dir='ltr'><strong>ilia</strong></span> <span class='ocrx_word' id='word_1_537' title='bbox 363 4633 810 4706; x_wconf 87' lang='lat' dir='ltr'><strong>recedendum,</strong></span> <span class='ocrx_word' id='word_1_538' title='bbox 846 4635 1117 4694; x_wconf 88' lang='lat' dir='ltr'><strong>maxime</strong></span> <span class='ocrx_word' id='word_1_539' title='bbox 1150 4651 1294 4693; x_wconf 91' lang='lat' dir='ltr'><strong>cum</strong></span> <span class='ocrx_word' id='word_1_540' title='bbox 1336 4633 1604 4712; x_wconf 76' lang='lat' dir='ltr'><strong>episcopi</strong></span> <span class='ocrx_word' id='word_1_541' title='bbox 1652 4633 1778 4693; x_wconf 91' lang='lat' dir='ltr'><strong>sint</strong></span> 
     </span>
     <span class='ocr_line' id='line_1_77' title="bbox 205 4725 1776 4805; baseline 0 -19"><span class='ocrx_word' id='word_1_542' title='bbox 205 4727 389 4805; x_wconf 84' lang='lat' dir='ltr'><strong>quasi</strong></span> <span class='ocrx_word' id='word_1_543' title='bbox 419 4726 486 4786; x_wconf 85' lang='lat' dir='ltr'><strong>in</strong></span> <span class='ocrx_word' id='word_1_544' title='bbox 515 4726 892 4805; x_wconf 84' lang='lat' dir='ltr'><strong>possessione</strong></span> <span class='ocrx_word' id='word_1_545' title='bbox 915 4725 1082 4785; x_wconf 86' lang='lat' dir='ltr'><strong>illins</strong></span> <span class='ocrx_word' id='word_1_546' title='bbox 1100 4727 1300 4803; x_wconf 84' lang='lat' dir='ltr'><strong>juris;</strong></span> <span class='ocrx_word' id='word_1_547' title='bbox 1330 4731 1468 4786; x_wconf 89' lang='lat' dir='ltr'><strong>tum</strong></span> <span class='ocrx_word' id='word_1_548' title='bbox 1491 4725 1638 4805; x_wconf 78' lang='lat' dir='ltr'><strong>quia</strong></span> <span class='ocrx_word' id='word_1_549' title='bbox 1669 4725 1776 4786; x_wconf 82' lang='lat' dir='ltr'><strong>illa</strong></span> 
     </span>
     <span class='ocr_line' id='line_1_78' title="bbox 203 4817 1778 4896; baseline 0.001 -20"><span class='ocrx_word' id='word_1_550' title='bbox 203 4817 468 4878; x_wconf 81' lang='lat' dir='ltr'><strong>facultas</strong></span> <span class='ocrx_word' id='word_1_551' title='bbox 495 4817 640 4877; x_wconf 83' lang='lat' dir='ltr'><strong>data</strong></span> <span class='ocrx_word' id='word_1_552' title='bbox 669 4823 759 4878; x_wconf 84' lang='lat' dir='ltr'><strong>est</strong></span> <span class='ocrx_word' id='word_1_553' title='bbox 785 4836 824 4878; x_wconf 89' lang='lat' dir='ltr'><strong>a</strong></span> <span class='ocrx_word' id='word_1_554' title='bbox 855 4817 1127 4878; x_wconf 88' lang='lat' dir='ltr'><strong>Concilio</strong></span> <span class='ocrx_word' id='word_1_555' title='bbox 1153 4836 1293 4879; x_wconf 89' lang='lat' dir='ltr'><strong>cum</strong></span> <span class='ocrx_word' id='word_1_556' title='bbox 1325 4837 1553 4896; x_wconf 77' lang='lat' dir='ltr'><strong>magna</strong></span> <span class='ocrx_word' id='word_1_557' title='bbox 1581 4818 1778 4879; x_wconf 88' lang='lat' dir='ltr'><strong>consi-</strong></span> 
     </span>
     <span class='ocr_line' id='line_1_79' title="bbox 205 4911 1779 4990; baseline 0.001 -20"><span class='ocrx_word' id='word_1_558' title='bbox 205 4911 532 4971; x_wconf 88' lang='lat' dir='ltr'><strong>deratione</strong></span> <span class='ocrx_word' id='word_1_559' title='bbox 565 4917 629 4970; x_wconf 89' lang='lat' dir='ltr'><strong>et</strong></span> <span class='ocrx_word' id='word_1_560' title='bbox 660 4911 1128 4985; x_wconf 86' lang='lat' dir='ltr'><strong>consultatione,</strong></span> <span class='ocrx_word' id='word_1_561' title='bbox 1159 4911 1306 4990; x_wconf 90' lang='lat' dir='ltr'><strong>quia</strong></span> <span class='ocrx_word' id='word_1_562' title='bbox 1345 4912 1479 4971; x_wconf 88' lang='lat' dir='ltr'><strong>visa</strong></span> <span class='ocrx_word' id='word_1_563' title='bbox 1517 4917 1609 4972; x_wconf 89' lang='lat' dir='ltr'><strong>est</strong></span> <span class='ocrx_word' id='word_1_564' title='bbox 1641 4929 1779 4972; x_wconf 89' lang='lat' dir='ltr'><strong>mo·-</strong></span> 
     </span>
     <span class='ocr_line' id='line_1_80' title="bbox 205 5003 1772 5080; baseline 0.001 -18"><span class='ocrx_word' id='word_1_565' title='bbox 205 5003 426 5063; x_wconf 77' lang='lat' dir='ltr'><strong>taliter</strong></span> <span class='ocrx_word' id='word_1_566' title='bbox 479 5005 822 5064; x_wconf 86' lang='lat' dir='ltr'><strong>necessaria</strong></span> <span class='ocrx_word' id='word_1_567' title='bbox 863 5004 944 5063; x_wconf 84' lang='lat' dir='ltr'><strong>ad</strong></span> <span class='ocrx_word' id='word_1_568' title='bbox 995 5005 1342 5064; x_wconf 89' lang='lat' dir='ltr'><strong>remedium</strong></span> <span class='ocrx_word' id='word_1_569' title='bbox 1388 5005 1772 5080; x_wconf 87' lang='lat' dir='ltr'><strong>animarum3</strong></span> 
     </span>
     <span class='ocr_line' id='line_1_81' title="bbox 205 5095 1773 5172; baseline 0.003 -18"><span class='ocrx_word' id='word_1_570' title='bbox 205 5112 361 5172; x_wconf 82' lang='lat' dir='ltr'><strong>ergo</strong></span> <span class='ocrx_word' id='word_1_571' title='bbox 379 5113 506 5154; x_wconf 90' lang='lat' dir='ltr'><strong>non</strong></span> <span class='ocrx_word' id='word_1_572' title='bbox 526 5103 617 5154; x_wconf 89' lang='lat' dir='ltr'><strong>est</strong></span> <span class='ocrx_word' id='word_1_573' title='bbox 634 5095 812 5156; x_wconf 73' lang='lat' dir='ltr'><strong>facile</strong></span> <span class='ocrx_word' id='word_1_574' title='bbox 831 5095 1230 5170; x_wconf 87' lang='lat' dir='ltr'><strong>credendum,</strong></span> <span class='ocrx_word' id='word_1_575' title='bbox 1253 5115 1380 5158; x_wconf 89' lang='lat' dir='ltr'><strong>esse</strong></span> <span class='ocrx_word' id='word_1_576' title='bbox 1403 5104 1773 5171; x_wconf 86' lang='lat' dir='ltr'><strong>revocatam,</strong></span> 
     </span>
     <span class='ocr_line' id='line_1_82' title="bbox 207 5187 1780 5270; baseline 0.004 -24"><span class='ocrx_word' id='word_1_577' title='bbox 207 5189 334 5248; x_wconf 87' lang='lat' dir='ltr'><strong>nisi</strong></span> <span class='ocrx_word' id='word_1_578' title='bbox 365 5187 685 5248; x_wconf 84' lang='lat' dir='ltr'><strong>evidenter</strong></span> <span class='ocrx_word' id='word_1_579' title='bbox 715 5195 972 5250; x_wconf 87' lang='lat' dir='ltr'><strong>constet.</strong></span> <span class='ocrx_word' id='word_1_580' title='bbox 1015 5191 1215 5251; x_wconf 86' lang='lat' dir='ltr'><strong>Minor</strong></span> <span class='ocrx_word' id='word_1_581' title='bbox 1247 5193 1395 5251; x_wconf 91' lang='lat' dir='ltr'><strong>item</strong></span> <span class='ocrx_word' id='word_1_582' title='bbox 1426 5191 1780 5270; x_wconf 84' lang='lat' dir='ltr'><strong>principalis</strong></span> 
     </span>
     <span class='ocr_line' id='line_1_83' title="bbox 206 5283 1778 5362; baseline 0.001 -20"><span class='ocrx_word' id='word_1_583' title='bbox 206 5283 570 5360; x_wconf 81' lang='lat' dir='ltr'><strong>argumenti</strong></span> <span class='ocrx_word' id='word_1_584' title='bbox 612 5289 761 5342; x_wconf 87' lang='lat' dir='ltr'><strong>nota</strong></span> <span class='ocrx_word' id='word_1_585' title='bbox 807 5283 1073 5359; x_wconf 86' lang='lat' dir='ltr'><strong>videtur,</strong></span> <span class='ocrx_word' id='word_1_586' title='bbox 1118 5285 1268 5362; x_wconf 88' lang='lat' dir='ltr'><strong>quia</strong></span> <span class='ocrx_word' id='word_1_587' title='bbox 1317 5283 1556 5345; x_wconf 89' lang='lat' dir='ltr'><strong>nullum</strong></span> <span class='ocrx_word' id='word_1_588' title='bbox 1608 5284 1778 5344; x_wconf 91' lang='lat' dir='ltr'><strong>aliud</strong></span> 
     </span>
     <span class='ocr_line' id='line_1_84' title="bbox 209 5373 1780 5455; baseline 0.001 -20"><span class='ocrx_word' id='word_1_589' title='bbox 209 5373 604 5454; x_wconf 84' lang='lat' dir='ltr'><strong>pontificium</strong></span> <span class='ocrx_word' id='word_1_590' title='bbox 657 5376 1020 5455; x_wconf 86' lang='lat' dir='ltr'><strong>rescriptum</strong></span> <span class='ocrx_word' id='word_1_591' title='bbox 1080 5376 1387 5453; x_wconf 85' lang='lat' dir='ltr'><strong>profertur</strong></span> <span class='ocrx_word' id='word_1_592' title='bbox 1407 5422 1427 5452; x_wconf 93' lang='lat'><strong>,</strong></span> <span class='ocrx_word' id='word_1_593' title='bbox 1491 5377 1658 5437; x_wconf 89' lang='lat' dir='ltr'><strong>unde</strong></span> <span class='ocrx_word' id='word_1_594' title='bbox 1713 5376 1780 5437; x_wconf 90' lang='lat' dir='ltr'><strong>id</strong></span> 
     </span>
    </p>
   </div>
   <div class='ocr_carea' id='block_1_8' title="bbox 213 5467 1784 5640">
    <p class='ocr_par' dir='ltr' id='par_1_10' title="bbox 213 5467 1784 5640">
     <span class='ocr_line' id='line_1_85' title="bbox 213 5467 1784 5548; baseline 0.001 -20"><span class='ocrx_word' id='word_1_595' title='bbox 213 5474 494 5529; x_wconf 85' lang='lat' dir='ltr'><strong>constare</strong></span> <span class='ocrx_word' id='word_1_596' title='bbox 535 5467 749 5546; x_wconf 85' lang='lat' dir='ltr'><strong>possit.</strong></span> <span class='ocrx_word' id='word_1_597' title='bbox 794 5469 872 5529; x_wconf 90' lang='lat' dir='ltr'><strong>Et</strong></span> <span class='ocrx_word' id='word_1_598' title='bbox 912 5469 1054 5530; x_wconf 90' lang='lat' dir='ltr'><strong>licet</strong></span> <span class='ocrx_word' id='word_1_599' title='bbox 1093 5468 1286 5548; x_wconf 89' lang='lat' dir='ltr'><strong>aliqui</strong></span> <span class='ocrx_word' id='word_1_600' title='bbox 1313 5476 1590 5530; x_wconf 85' lang='lat' dir='ltr'><strong>auctores</strong></span> <span class='ocrx_word' id='word_1_601' title='bbox 1629 5471 1784 5531; x_wconf 83' lang='lat' dir='ltr'><strong>rese·</strong></span> 
     </span>
     <span class='ocr_line' id='line_1_86' title="bbox 215 5562 1784 5640; baseline 0.003 -18"><span class='ocrx_word' id='word_1_602' title='bbox 215 5569 356 5624; x_wconf 85' lang='lat' dir='ltr'><strong>rant</strong></span> <span class='ocrx_word' id='word_1_603' title='bbox 391 5562 735 5626; x_wconf 85' lang='lat' dir='ltr'><strong>nonnullos</strong></span> <span class='ocrx_word' id='word_1_604' title='bbox 764 5563 1089 5624; x_wconf 83' lang='lat' dir='ltr'><strong>Pontifices</strong></span> <span class='ocrx_word' id='word_1_605' title='bbox 1125 5564 1188 5623; x_wconf 86' lang='lat' dir='ltr'><strong>id</strong></span> <span class='ocrx_word' id='word_1_606' title='bbox 1221 5563 1581 5640; x_wconf 87' lang='lat' dir='ltr'><strong>declarasse,</strong></span> <span class='ocrx_word' id='word_1_607' title='bbox 1614 5565 1784 5626; x_wconf 76' lang='lat' dir='ltr'><strong>testi-</strong></span> 
     </span>
    </p>
   </div>
   <div class='ocr_carea' id='block_1_9' title="bbox 543 5683 646 5728">
    <p class='ocr_par' dir='ltr' id='par_1_11' title="bbox 543 5683 646 5728">
     <span class='ocr_line' id='line_1_87' title="bbox 543 5683 646 5728; baseline 0.019 -2"><span class='ocrx_word' id='word_1_608' title='bbox 543 5683 646 5728; x_wconf 71' lang='grc' dir='ltr'><strong>ΧΠ.</strong></span> 
     </span>
    </p>
   </div>
   <div class='ocr_carea' id='block_1_10' title="bbox 1851 3332 3425 5723">
    <p class='ocr_par' dir='ltr' id='par_1_12' title="bbox 1851 3332 3420 4996">
     <span class='ocr_line' id='line_1_88' title="bbox 1857 3332 3417 3415; baseline -0.001 -15"><span class='ocrx_word' id='word_1_609' title='bbox 1857 3341 1916 3414; x_wconf 81' lang='grc'><strong>5,</strong></span> <span class='ocrx_word' id='word_1_610' title='bbox 1967 3337 2115 3398; x_wconf 87' lang='lat' dir='ltr'><strong>licet</strong></span> <span class='ocrx_word' id='word_1_611' title='bbox 2160 3335 2435 3415; x_wconf 88' lang='lat' dir='ltr'><strong>priorem</strong></span> <span class='ocrx_word' id='word_1_612' title='bbox 2480 3351 2607 3394; x_wconf 90' lang='lat' dir='ltr'><strong>non</strong></span> <span class='ocrx_word' id='word_1_613' title='bbox 2659 3332 3127 3412; x_wconf 88' lang='lat' dir='ltr'><strong>improbabilem</strong></span> <span class='ocrx_word' id='word_1_614' title='bbox 3164 3355 3417 3400; x_wconf 86' lang='lat' dir='ltr'><strong>censue-</strong></span> 
     </span>
     <span class='ocr_line' id='line_1_89' title="bbox 1851 3423 3415 3508; baseline 0.001 -18"><span class='ocrx_word' id='word_1_615' title='bbox 1851 3431 2007 3504; x_wconf 83' lang='lat' dir='ltr'><strong>rim3</strong></span> <span class='ocrx_word' id='word_1_616' title='bbox 2062 3435 2273 3508; x_wconf 85' lang='lat' dir='ltr'><strong>estque</strong></span> <span class='ocrx_word' id='word_1_617' title='bbox 2320 3425 2627 3487; x_wconf 85' lang='lat' dir='ltr'><strong>sententia</strong></span> <span class='ocrx_word' id='word_1_618' title='bbox 2678 3423 2815 3486; x_wconf 80' lang='lat' dir='ltr'><strong>haec</strong></span> <span class='ocrx_word' id='word_1_619' title='bbox 2866 3429 3280 3489; x_wconf 83' lang='lat' dir='ltr'><strong>communiter</strong></span> <span class='ocrx_word' id='word_1_620' title='bbox 3318 3449 3415 3491; x_wconf 91' lang='lat' dir='ltr'><strong>re-</strong></span> 
     </span>
     <span class='ocr_line' id='line_1_90' title="bbox 1853 3518 3406 3601; baseline 0.001 -19"><span class='ocrx_word' id='word_1_621' title='bbox 1853 3529 2052 3601; x_wconf 87' lang='lat' dir='ltr'><strong>cepta,</strong></span> <span class='ocrx_word' id='word_1_622' title='bbox 2096 3537 2283 3600; x_wconf 89' lang='lat' dir='ltr'><strong>quam</strong></span> <span class='ocrx_word' id='word_1_623' title='bbox 2326 3525 2531 3598; x_wconf 85' lang='lat' dir='ltr'><strong>postca</strong></span> <span class='ocrx_word' id='word_1_624' title='bbox 2566 3518 2773 3578; x_wconf 86' lang='lat' dir='ltr'><strong>docuit</strong></span> <span class='ocrx_word' id='word_1_625' title='bbox 2796 3519 3045 3594; x_wconf 87' lang='lat' dir='ltr'><strong>Navar.,</strong></span> <span class='ocrx_word' id='word_1_626' title='bbox 3082 3519 3245 3580; x_wconf 88' lang='lat' dir='ltr'><strong>dicto</strong></span> <span class='ocrx_word' id='word_1_627' title='bbox 3269 3541 3406 3601; x_wconf 87' lang='lat' dir='ltr'><strong>cap.</strong></span> 
     </span>
     <span class='ocr_line' id='line_1_91' title="bbox 1853 3610 3417 3690; baseline -0.001 -15"><span class='ocrx_word' id='word_1_628' title='bbox 1853 3617 1957 3690; x_wconf 73' lang='lat'><strong>26,</strong></span> <span class='ocrx_word' id='word_1_629' title='bbox 1976 3632 2222 3675; x_wconf 89' lang='lat' dir='ltr'><strong>numer.</strong></span> <span class='ocrx_word' id='word_1_630' title='bbox 2253 3610 2662 3688; x_wconf 61' lang='lat' dir='ltr'><strong>2753Molin„</strong></span> <span class='ocrx_word' id='word_1_631' title='bbox 2689 3617 2858 3672; x_wconf 90' lang='lat' dir='ltr'><strong>tomo</strong></span> <span class='ocrx_word' id='word_1_632' title='bbox 2888 3614 2920 3672; x_wconf 78' lang='lat'><strong>4</strong></span> <span class='ocrx_word' id='word_1_633' title='bbox 2941 3611 3015 3671; x_wconf 88' lang='lat' dir='ltr'><strong>de</strong></span> <span class='ocrx_word' id='word_1_634' title='bbox 3032 3613 3065 3673; x_wconf 91' lang='lat' dir='ltr'><strong>J</strong></span> <span class='ocrx_word' id='word_1_635' title='bbox 3073 3613 3267 3688; x_wconf 72' lang='lat' dir='ltr'><strong>ustit„</strong></span> <span class='ocrx_word' id='word_1_636' title='bbox 3294 3613 3417 3675; x_wconf 85' lang='lat' dir='ltr'><strong>dis·</strong></span> 
     </span>
     <span class='ocr_line' id='line_1_92' title="bbox 1855 3704 3415 3788; baseline 0 -20"><span class='ocrx_word' id='word_1_637' title='bbox 1855 3714 1989 3788; x_wconf 86' lang='lat' dir='ltr'><strong>put.</strong></span> <span class='ocrx_word' id='word_1_638' title='bbox 2016 3707 2119 3781; x_wconf 85' lang='lat'><strong>64,</strong></span> <span class='ocrx_word' id='word_1_639' title='bbox 2153 3723 2399 3766; x_wconf 89' lang='lat' dir='ltr'><strong>numer.</strong></span> <span class='ocrx_word' id='word_1_640' title='bbox 2433 3706 2471 3765; x_wconf 88' lang='lat'><strong>8</strong></span> <span class='ocrx_word' id='word_1_641' title='bbox 2488 3719 2507 3779; x_wconf 82' lang='lat'><em>3</em></span> <span class='ocrx_word' id='word_1_642' title='bbox 2533 3704 2804 3777; x_wconf 84' lang='lat' dir='ltr'><strong>Toletus,</strong></span> <span class='ocrx_word' id='word_1_643' title='bbox 2834 3705 2901 3764; x_wconf 91' lang='lat' dir='ltr'><strong>in</strong></span> <span class='ocrx_word' id='word_1_644' title='bbox 2955 3705 3229 3781; x_wconf 89' lang='lat' dir='ltr'><strong>Summa,</strong></span> <span class='ocrx_word' id='word_1_645' title='bbox 3257 3707 3415 3768; x_wconf 89' lang='lat' dir='ltr'><strong>libro</strong></span> 
     </span>
     <span class='ocr_line' id='line_1_93' title="bbox 1856 3795 3419 3878; baseline 0.001 -17"><span class='ocrx_word' id='word_1_646' title='bbox 1856 3805 1916 3875; x_wconf 84' lang='grc'><strong>1,</strong></span> <span class='ocrx_word' id='word_1_647' title='bbox 1946 3819 2080 3878; x_wconf 88' lang='lat' dir='ltr'><strong>cap.</strong></span> <span class='ocrx_word' id='word_1_648' title='bbox 2116 3802 2216 3872; x_wconf 88' lang='grc'><strong>30,</strong></span> <span class='ocrx_word' id='word_1_649' title='bbox 2250 3804 2310 3858; x_wconf 85' lang='lat' dir='ltr'><strong>et</strong></span> <span class='ocrx_word' id='word_1_650' title='bbox 2364 3796 2522 3857; x_wconf 89' lang='lat' dir='ltr'><strong>libro</strong></span> <span class='ocrx_word' id='word_1_651' title='bbox 2550 3799 2606 3869; x_wconf 83' lang='grc'><strong>4,</strong></span> <span class='ocrx_word' id='word_1_652' title='bbox 2638 3795 2823 3874; x_wconf 88' lang='lat' dir='ltr'><strong>capit.</strong></span> <span class='ocrx_word' id='word_1_653' title='bbox 2856 3799 2931 3874; x_wconf 78' lang='lat'><strong>43</strong></span> <span class='ocrx_word' id='word_1_654' title='bbox 2965 3797 3197 3877; x_wconf 90' lang='lat' dir='ltr'><strong>Majol.,</strong></span> <span class='ocrx_word' id='word_1_655' title='bbox 3257 3799 3419 3862; x_wconf 85' lang='lat' dir='ltr'><strong>libro</strong></span> 
     </span>
     <span class='ocr_line' id='line_1_94' title="bbox 1853 3889 3414 3970; baseline 0.001 -16"><span class='ocrx_word' id='word_1_656' title='bbox 1853 3895 1893 3954; x_wconf 89' lang='grc'><strong>6</strong></span> <span class='ocrx_word' id='word_1_657' title='bbox 1922 3894 1998 3954; x_wconf 86' lang='lat' dir='ltr'><strong>de</strong></span> <span class='ocrx_word' id='word_1_658' title='bbox 2026 3890 2313 3970; x_wconf 64' lang='lat' dir='ltr'><strong>irregul„</strong></span> <span class='ocrx_word' id='word_1_659' title='bbox 2350 3908 2486 3968; x_wconf 90' lang='lat' dir='ltr'><strong>cap.</strong></span> <span class='ocrx_word' id='word_1_660' title='bbox 2516 3891 2619 3964; x_wconf 87' lang='grc'><strong>46,</strong></span> <span class='ocrx_word' id='word_1_661' title='bbox 2643 3907 2888 3952; x_wconf 88' lang='lat' dir='ltr'><strong>numer.</strong></span> <span class='ocrx_word' id='word_1_662' title='bbox 2942 3889 2983 3950; x_wconf 87' lang='grc'>6</span> <span class='ocrx_word' id='word_1_663' title='bbox 2998 3905 3019 3967; x_wconf 82' lang='lat'>3</span> <span class='ocrx_word' id='word_1_664' title='bbox 3049 3893 3231 3968; x_wconf 84' lang='lat' dir='ltr'><strong>Azor,</strong></span> <span class='ocrx_word' id='word_1_665' title='bbox 3264 3899 3414 3954; x_wconf 89' lang='lat' dir='ltr'><strong>tom.</strong></span> 
     </span>
     <span class='ocr_line' id='line_1_95' title="bbox 1859 3981 3412 4065; baseline -0.001 -17"><span class='ocrx_word' id='word_1_666' title='bbox 1859 3992 1918 4062; x_wconf 89' lang='grc'><strong>1,</strong></span> <span class='ocrx_word' id='word_1_667' title='bbox 1945 3985 2054 4046; x_wconf 91' lang='lat' dir='ltr'><strong>lib.</strong></span> <span class='ocrx_word' id='word_1_668' title='bbox 2078 3989 2139 4060; x_wconf 91' lang='lat'><strong>8,</strong></span> <span class='ocrx_word' id='word_1_669' title='bbox 2168 3984 2354 4063; x_wconf 88' lang='lat' dir='ltr'><strong>capit.</strong></span> <span class='ocrx_word' id='word_1_670' title='bbox 2381 3985 2443 4057; x_wconf 89' lang='grc'><strong>9,</strong></span> <span class='ocrx_word' id='word_1_671' title='bbox 2474 3987 2689 4062; x_wconf 73' lang='lat' dir='ltr'><strong>qua-st.</strong></span> <span class='ocrx_word' id='word_1_672' title='bbox 2726 3981 2763 4040; x_wconf 91' lang='grc'>3</span> <span class='ocrx_word' id='word_1_673' title='bbox 2792 3988 2853 4044; x_wconf 90' lang='lat' dir='ltr'><strong>et</strong></span> <span class='ocrx_word' id='word_1_674' title='bbox 2880 3999 3014 4061; x_wconf 90' lang='lat' dir='ltr'><strong>cap.</strong></span> <span class='ocrx_word' id='word_1_675' title='bbox 3057 3986 3156 4060; x_wconf 88' lang='grc'><strong>10,</strong></span> <span class='ocrx_word' id='word_1_676' title='bbox 3192 3993 3412 4065; x_wconf 82' lang='lat' dir='ltr'><strong>quaest.</strong></span> 
     </span>
     <span class='ocr_line' id='line_1_96' title="bbox 1857 4074 3414 4158; baseline -0.002 -16"><span class='ocrx_word' id='word_1_677' title='bbox 1857 4086 1935 4144; x_wconf 87' lang='grc'>10</span> <span class='ocrx_word' id='word_1_678' title='bbox 1967 4096 1985 4158; x_wconf 88' lang='grc'><strong>;</strong></span> <span class='ocrx_word' id='word_1_679' title='bbox 2014 4080 2335 4158; x_wconf 84' lang='lat' dir='ltr'><strong>Hugolin.,</strong></span> <span class='ocrx_word' id='word_1_680' title='bbox 2373 4075 2449 4137; x_wconf 90' lang='lat' dir='ltr'><strong>de</strong></span> <span class='ocrx_word' id='word_1_681' title='bbox 2486 4074 2735 4136; x_wconf 88' lang='lat' dir='ltr'><strong>Casibus</strong></span> <span class='ocrx_word' id='word_1_682' title='bbox 2761 4077 3037 4136; x_wconf 83' lang='lat' dir='ltr'><strong>Pontifici</strong></span> <span class='ocrx_word' id='word_1_683' title='bbox 3068 4081 3414 4154; x_wconf 61' lang='lat' dir='ltr'><strong>reservatur,</strong></span> 
     </span>
     <span class='ocr_line' id='line_1_97' title="bbox 1855 4169 3419 4256; baseline -0.002 -19"><span class='ocrx_word' id='word_1_684' title='bbox 1855 4178 1894 4236; x_wconf 67' lang='grc' dir='ltr'><strong>Ξ</strong></span> <span class='ocrx_word' id='word_1_685' title='bbox 1929 4182 2116 4256; x_wconf 69' lang='lat' dir='ltr'><strong>part,</strong></span> <span class='ocrx_word' id='word_1_686' title='bbox 2144 4191 2279 4252; x_wconf 91' lang='lat' dir='ltr'><strong>cap.</strong></span> <span class='ocrx_word' id='word_1_687' title='bbox 2302 4173 2365 4247; x_wconf 74' lang='lat'><strong>2,</strong></span> <span class='ocrx_word' id='word_1_688' title='bbox 2406 4170 2443 4251; x_wconf 66' lang='grc' dir='ltr'>ξ</span> <span class='ocrx_word' id='word_1_689' title='bbox 2490 4171 2567 4246; x_wconf 85' lang='grc'><strong>4;</strong></span> <span class='ocrx_word' id='word_1_690' title='bbox 2617 4169 2849 4244; x_wconf 87' lang='lat' dir='ltr'><strong>Penha‚</strong></span> <span class='ocrx_word' id='word_1_691' title='bbox 2886 4170 2949 4230; x_wconf 91' lang='lat' dir='ltr'><strong>in</strong></span> <span class='ocrx_word' id='word_1_692' title='bbox 3002 4172 3323 4248; x_wconf 66' lang='lat' dir='ltr'><strong>Dii-ector„</strong></span> <span class='ocrx_word' id='word_1_693' title='bbox 3380 4175 3419 4234; x_wconf 88' lang='grc'><strong><em>3</em></strong></span> 
     </span>
     <span class='ocr_line' id='line_1_98' title="bbox 1855 4264 3418 4348; baseline -0.001 -20"><span class='ocrx_word' id='word_1_694' title='bbox 1855 4273 2044 4348; x_wconf 86' lang='lat' dir='ltr'><strong>part.,</strong></span> <span class='ocrx_word' id='word_1_695' title='bbox 2089 4272 2421 4327; x_wconf 87' lang='lat' dir='ltr'><strong>comment.</strong></span> <span class='ocrx_word' id='word_1_696' title='bbox 2475 4264 2615 4336; x_wconf 80' lang='grc'>141,</span> <span class='ocrx_word' id='word_1_697' title='bbox 2658 4269 2793 4342; x_wconf 89' lang='lat' dir='ltr'><strong>post</strong></span> <span class='ocrx_word' id='word_1_698' title='bbox 2816 4269 3027 4341; x_wconf 83' lang='lat' dir='ltr'><strong>quaest.</strong></span> <span class='ocrx_word' id='word_1_699' title='bbox 3060 4265 3173 4342; x_wconf 72' lang='lat'><strong>923</strong></span> <span class='ocrx_word' id='word_1_700' title='bbox 3215 4285 3287 4326; x_wconf 88' lang='lat' dir='ltr'><strong>ac</strong></span> <span class='ocrx_word' id='word_1_701' title='bbox 3312 4267 3418 4327; x_wconf 90' lang='lat' dir='ltr'><strong>de-</strong></span> 
     </span>
     <span class='ocr_line' id='line_1_99' title="bbox 1856 4354 3420 4439; baseline -0.002 -19"><span class='ocrx_word' id='word_1_702' title='bbox 1856 4362 2045 4439; x_wconf 89' lang='lat' dir='ltr'><strong>nique</strong></span> <span class='ocrx_word' id='word_1_703' title='bbox 2060 4358 2265 4439; x_wconf 91' lang='lat' dir='ltr'><strong>plures</strong></span> <span class='ocrx_word' id='word_1_704' title='bbox 2293 4356 2446 4417; x_wconf 86' lang='lat' dir='ltr'><strong>alios</strong></span> <span class='ocrx_word' id='word_1_705' title='bbox 2472 4356 2766 4431; x_wconf 75' lang='lat' dir='ltr'><strong>reterens,</strong></span> <span class='ocrx_word' id='word_1_706' title='bbox 2786 4355 2853 4414; x_wconf 90' lang='lat' dir='ltr'><strong>in</strong></span> <span class='ocrx_word' id='word_1_707' title='bbox 2872 4354 3035 4416; x_wconf 88' lang='lat' dir='ltr'><strong>hanc</strong></span> <span class='ocrx_word' id='word_1_708' title='bbox 3063 4363 3298 4434; x_wconf 89' lang='lat' dir='ltr'><strong>partem</strong></span> <span class='ocrx_word' id='word_1_709' title='bbox 3323 4358 3420 4417; x_wconf 87' lang='lat' dir='ltr'><strong>in·-</strong></span> 
     </span>
     <span class='ocr_line' id='line_1_100' title="bbox 1855 4449 3416 4529; baseline -0.001 -15"><span class='ocrx_word' id='word_1_710' title='bbox 1855 4454 2047 4514; x_wconf 88' lang='lat' dir='ltr'><strong>clinat</strong></span> <span class='ocrx_word' id='word_1_711' title='bbox 2088 4453 2299 4527; x_wconf 66' lang='lat' dir='ltr'><strong>Sanc„</strong></span> <span class='ocrx_word' id='word_1_712' title='bbox 2330 4451 2493 4510; x_wconf 87' lang='lat' dir='ltr'><strong>dicto</strong></span> <span class='ocrx_word' id='word_1_713' title='bbox 2522 4449 2628 4510; x_wconf 90' lang='lat' dir='ltr'><strong>lib.</strong></span> <span class='ocrx_word' id='word_1_714' title='bbox 2687 4451 2750 4524; x_wconf 77' lang='lat'><strong>2,</strong></span> <span class='ocrx_word' id='word_1_715' title='bbox 2776 4465 2911 4527; x_wconf 85' lang='lat' dir='ltr'><strong>cap.</strong></span> <span class='ocrx_word' id='word_1_716' title='bbox 2945 4451 3045 4524; x_wconf 90' lang='grc'><strong>11,</strong></span> <span class='ocrx_word' id='word_1_717' title='bbox 3090 4469 3263 4510; x_wconf 92' lang='lat' dir='ltr'><strong>num.</strong></span> <span class='ocrx_word' id='word_1_718' title='bbox 3297 4451 3416 4529; x_wconf 76' lang='lat'><strong>263</strong></span> 
     </span>
     <span class='ocr_line' id='line_1_101' title="bbox 1857 4541 3415 4626; baseline -0.001 -19"><span class='ocrx_word' id='word_1_719' title='bbox 1857 4547 2063 4626; x_wconf 83' lang='lat' dir='ltr'><strong>plures</strong></span> <span class='ocrx_word' id='word_1_720' title='bbox 2112 4545 2301 4606; x_wconf 87' lang='lat' dir='ltr'><strong>etiam</strong></span> <span class='ocrx_word' id='word_1_721' title='bbox 2344 4545 2490 4604; x_wconf 87' lang='lat' dir='ltr'><strong>citat</strong></span> <span class='ocrx_word' id='word_1_722' title='bbox 2530 4542 2768 4615; x_wconf 85' lang='lat' dir='ltr'><strong>Garcia,</strong></span> <span class='ocrx_word' id='word_1_723' title='bbox 2827 4542 2903 4601; x_wconf 89' lang='lat' dir='ltr'><strong>de</strong></span> <span class='ocrx_word' id='word_1_724' title='bbox 2947 4541 3182 4615; x_wconf 67' lang='lat' dir='ltr'><strong>Benef„</strong></span> <span class='ocrx_word' id='word_1_725' title='bbox 3216 4561 3276 4622; x_wconf 90' lang='lat' dir='ltr'><strong>p.</strong></span> <span class='ocrx_word' id='word_1_726' title='bbox 3312 4548 3415 4620; x_wconf 84' lang='grc'><strong>11,</strong></span> 
     </span>
     <span class='ocr_line' id='line_1_102' title="bbox 1857 4633 3419 4718; baseline -0.003 -18"><span class='ocrx_word' id='word_1_727' title='bbox 1857 4657 1993 4718; x_wconf 87' lang='lat' dir='ltr'><strong>cap.</strong></span> <span class='ocrx_word' id='word_1_728' title='bbox 2032 4641 2133 4713; x_wconf 90' lang='grc'><strong>10,</strong></span> <span class='ocrx_word' id='word_1_729' title='bbox 2175 4657 2241 4698; x_wconf 91' lang='lat' dir='ltr'><strong>n.</strong></span> <span class='ocrx_word' id='word_1_730' title='bbox 2286 4637 2402 4697; x_wconf 74' lang='lat'><strong>155</strong></span> <span class='ocrx_word' id='word_1_731' title='bbox 2416 4649 2437 4712; x_wconf 82' lang='lat'>3</span> <span class='ocrx_word' id='word_1_732' title='bbox 2465 4633 2699 4712; x_wconf 84' lang='lat' dir='ltr'><strong>AEgid.,</strong></span> <span class='ocrx_word' id='word_1_733' title='bbox 2734 4633 2889 4712; x_wconf 89' lang='lat' dir='ltr'><strong>disp.</strong></span> <span class='ocrx_word' id='word_1_734' title='bbox 2928 4635 3021 4708; x_wconf 87' lang='grc'><strong>14,</strong></span> <span class='ocrx_word' id='word_1_735' title='bbox 3053 4633 3129 4694; x_wconf 88' lang='lat' dir='ltr'><strong>dc</strong></span> <span class='ocrx_word' id='word_1_736' title='bbox 3158 4637 3419 4697; x_wconf 83' lang='lat' dir='ltr'><strong>Excom-</strong></span> 
     </span>
     <span class='ocr_line' id='line_1_103' title="bbox 1857 4725 3416 4808; baseline -0.003 -16"><span class='ocrx_word' id='word_1_737' title='bbox 1857 4751 2061 4808; x_wconf 67' lang='lat' dir='ltr'><strong>mun„</strong></span> <span class='ocrx_word' id='word_1_738' title='bbox 2094 4732 2244 4792; x_wconf 88' lang='lat' dir='ltr'><strong>dub.</strong></span> <span class='ocrx_word' id='word_1_739' title='bbox 2269 4731 2369 4805; x_wconf 88' lang='grc'><strong>16,</strong></span> <span class='ocrx_word' id='word_1_740' title='bbox 2402 4746 2580 4790; x_wconf 88' lang='lat' dir='ltr'><strong>num.</strong></span> <span class='ocrx_word' id='word_1_741' title='bbox 2602 4728 2742 4788; x_wconf 69' lang='lat'><strong>243.</strong></span> <span class='ocrx_word' id='word_1_742' title='bbox 2772 4725 3268 4787; x_wconf 87' lang='lat' dir='ltr'><strong>Fundamentum</strong></span> <span class='ocrx_word' id='word_1_743' title='bbox 3300 4732 3416 4803; x_wconf 87' lang='lat' dir='ltr'><strong>est,</strong></span> 
     </span>
     <span class='ocr_line' id='line_1_104' title="bbox 1855 4820 3418 4905; baseline -0.003 -20"><span class='ocrx_word' id='word_1_744' title='bbox 1855 4827 2005 4905; x_wconf 86' lang='lat' dir='ltr'><strong>quia</strong></span> <span class='ocrx_word' id='word_1_745' title='bbox 2028 4825 2215 4886; x_wconf 83' lang='lat' dir='ltr'><strong>verba</strong></span> <span class='ocrx_word' id='word_1_746' title='bbox 2241 4823 2433 4884; x_wconf 83' lang='lat' dir='ltr'><strong>Bullae</strong></span> <span class='ocrx_word' id='word_1_747' title='bbox 2451 4820 2743 4881; x_wconf 78' lang='lat' dir='ltr'><strong>videntur</strong></span> <span class='ocrx_word' id='word_1_748' title='bbox 2756 4820 2901 4879; x_wconf 89' lang='lat' dir='ltr'><strong>satis</strong></span> <span class='ocrx_word' id='word_1_749' title='bbox 2928 4837 3233 4897; x_wconf 83' lang='lat' dir='ltr'><strong>expressa,</strong></span> <span class='ocrx_word' id='word_1_750' title='bbox 3256 4837 3418 4899; x_wconf 78' lang='lat' dir='ltr'><strong>prae-</strong></span> 
     </span>
     <span class='ocr_line' id='line_1_105' title="bbox 1855 4909 3247 4996; baseline -0.004 -17"><span class='ocrx_word' id='word_1_751' title='bbox 1855 4926 2139 4996; x_wconf 83' lang='lat' dir='ltr'><strong>terquam</strong></span> <span class='ocrx_word' id='word_1_752' title='bbox 2168 4917 2332 4994; x_wconf 77' lang='lat' dir='ltr'><strong>quod</strong></span> <span class='ocrx_word' id='word_1_753' title='bbox 2364 4917 2454 4975; x_wconf 89' lang='lat' dir='ltr'><strong>ita</strong></span> <span class='ocrx_word' id='word_1_754' title='bbox 2480 4918 2625 4973; x_wconf 89' lang='lat' dir='ltr'><strong>sunt</strong></span> <span class='ocrx_word' id='word_1_755' title='bbox 2672 4912 2891 4990; x_wconf 59' lang='lat' dir='ltr'><strong>saepius</strong></span> <span class='ocrx_word' id='word_1_756' title='bbox 2917 4909 3247 4973; x_wconf 88' lang='lat' dir='ltr'><strong>declarata.</strong></span> 
     </span>
    </p>

    <p class='ocr_par' dir='ltr' id='par_1_13' title="bbox 1859 5002 3425 5647">
     <span class='ocr_line' id='line_1_106' title="bbox 1938 5002 3415 5083; baseline -0.005 -10"><span class='ocrx_word' id='word_1_757' title='bbox 1938 5013 2035 5073; x_wconf 89' lang='grc'><strong>13.</strong></span> <span class='ocrx_word' id='word_1_758' title='bbox 2080 5010 2135 5072; x_wconf 90' lang='lat' dir='ltr'><em>J</em></span> <span class='ocrx_word' id='word_1_759' title='bbox 2132 5010 2395 5070; x_wconf 69' lang='lat' dir='ltr'><strong>ecdicium</strong></span> <span class='ocrx_word' id='word_1_760' title='bbox 2421 5005 2709 5079; x_wconf 71' lang='lat' dir='ltr'><strong>auctoris,</strong></span> <span class='ocrx_word' id='word_1_761' title='bbox 2744 5002 2942 5080; x_wconf 59' lang='lat' dir='ltr'><strong>primo</strong></span> <span class='ocrx_word' id='word_1_762' title='bbox 2968 5005 3301 5083; x_wconf 74' lang='lat' dir='ltr'><strong>quoadjus.</strong></span> <span class='ocrx_word' id='word_1_763' title='bbox 3336 5041 3415 5054; x_wconf 90' lang='lat'><strong>--</strong></span> 
     </span>
     <span class='ocr_line' id='line_1_107' title="bbox 1867 5094 3417 5182; baseline -0.005 -15"><span class='ocrx_word' id='word_1_764' title='bbox 1867 5104 2089 5166; x_wconf 65' lang='lat' dir='ltr'><strong>Deinde</strong></span> <span class='ocrx_word' id='word_1_765' title='bbox 2107 5101 2304 5182; x_wconf 70' lang='lat' dir='ltr'><strong>quoad</strong></span> <span class='ocrx_word' id='word_1_766' title='bbox 2330 5101 2587 5178; x_wconf 71' lang='lat' dir='ltr'><strong>factum.</strong></span> <span class='ocrx_word' id='word_1_767' title='bbox 2614 5127 2697 5142; x_wconf 89' lang='lat'>-</span> <span class='ocrx_word' id='word_1_768' title='bbox 2718 5094 2872 5158; x_wconf 86' lang='lat' dir='ltr'><strong>Mihi</strong></span> <span class='ocrx_word' id='word_1_769' title='bbox 2900 5113 3048 5174; x_wconf 86' lang='lat' dir='ltr'><strong>ergo</strong></span> <span class='ocrx_word' id='word_1_770' title='bbox 3080 5097 3325 5160; x_wconf 82' lang='lat' dir='ltr'><strong>videtur</strong></span> <span class='ocrx_word' id='word_1_771' title='bbox 3348 5101 3417 5160; x_wconf 88' lang='lat' dir='ltr'><strong>in</strong></span> 
     </span>
     <span class='ocr_line' id='line_1_108' title="bbox 1859 5187 3422 5274; baseline -0.004 -17"><span class='ocrx_word' id='word_1_772' title='bbox 1859 5197 1976 5258; x_wconf 87' lang='lat' dir='ltr'><strong>hoc</strong></span> <span class='ocrx_word' id='word_1_773' title='bbox 2010 5199 2239 5274; x_wconf 87' lang='lat' dir='ltr'><strong>puncto</strong></span> <span class='ocrx_word' id='word_1_774' title='bbox 2270 5192 2499 5272; x_wconf 87' lang='lat' dir='ltr'><strong>partim</strong></span> <span class='ocrx_word' id='word_1_775' title='bbox 2528 5207 2659 5250; x_wconf 85' lang='lat' dir='ltr'><strong>esse</strong></span> <span class='ocrx_word' id='word_1_776' title='bbox 2691 5188 2953 5248; x_wconf 87' lang='lat' dir='ltr'><strong>dubium</strong></span> <span class='ocrx_word' id='word_1_777' title='bbox 2982 5187 3059 5248; x_wconf 93' lang='lat' dir='ltr'><strong>de</strong></span> <span class='ocrx_word' id='word_1_778' title='bbox 3080 5188 3245 5266; x_wconf 82' lang='lat' dir='ltr'><strong>jure,</strong></span> <span class='ocrx_word' id='word_1_779' title='bbox 3278 5208 3422 5269; x_wconf 85' lang='lat' dir='ltr'><strong>par-</strong></span> 
     </span>
     <span class='ocr_line' id='line_1_109' title="bbox 1859 5279 3421 5359; baseline -0.004 -10"><span class='ocrx_word' id='word_1_780' title='bbox 1859 5290 1974 5350; x_wconf 90' lang='lat' dir='ltr'><strong>tim</strong></span> <span class='ocrx_word' id='word_1_781' title='bbox 1998 5288 2075 5348; x_wconf 90' lang='lat' dir='ltr'><strong>de</strong></span> <span class='ocrx_word' id='word_1_782' title='bbox 2102 5286 2285 5346; x_wconf 86' lang='lat' dir='ltr'><strong>facto.</strong></span> <span class='ocrx_word' id='word_1_783' title='bbox 2312 5282 2577 5344; x_wconf 88' lang='lat' dir='ltr'><strong>Dubium</strong></span> <span class='ocrx_word' id='word_1_784' title='bbox 2592 5279 2753 5359; x_wconf 88' lang='lat' dir='ltr'><strong>juris</strong></span> <span class='ocrx_word' id='word_1_785' title='bbox 2774 5286 2887 5354; x_wconf 88' lang='lat' dir='ltr'><strong>est,</strong></span> <span class='ocrx_word' id='word_1_786' title='bbox 2918 5297 2999 5340; x_wconf 87' lang='lat' dir='ltr'><strong>au</strong></span> <span class='ocrx_word' id='word_1_787' title='bbox 3018 5279 3207 5341; x_wconf 80' lang='lat' dir='ltr'><strong>verba</strong></span> <span class='ocrx_word' id='word_1_788' title='bbox 3229 5283 3421 5343; x_wconf 79' lang='lat' dir='ltr'><strong>Bullae</strong></span> 
     </span>
     <span class='ocr_line' id='line_1_110' title="bbox 1863 5373 3418 5461; baseline -0.005 -19"><span class='ocrx_word' id='word_1_789' title='bbox 1863 5381 2109 5461; x_wconf 84' lang='lat' dir='ltr'><strong>praecise</strong></span> <span class='ocrx_word' id='word_1_790' title='bbox 2140 5382 2429 5459; x_wconf 83' lang='lat' dir='ltr'><strong>spectata,</strong></span> <span class='ocrx_word' id='word_1_791' title='bbox 2470 5381 2532 5435; x_wconf 90' lang='lat' dir='ltr'><strong>et</strong></span> <span class='ocrx_word' id='word_1_792' title='bbox 2574 5373 2913 5434; x_wconf 87' lang='lat' dir='ltr'><strong>secuudum</strong></span> <span class='ocrx_word' id='word_1_793' title='bbox 2951 5373 3195 5452; x_wconf 83' lang='lat' dir='ltr'><strong>regulas</strong></span> <span class='ocrx_word' id='word_1_794' title='bbox 3234 5375 3418 5453; x_wconf 88' lang='lat' dir='ltr'><strong>juris,</strong></span> 
     </span>
     <span class='ocr_line' id='line_1_111' title="bbox 1861 5465 3423 5546; baseline -0.003 -13"><span class='ocrx_word' id='word_1_795' title='bbox 1861 5475 1985 5534; x_wconf 90' lang='lat' dir='ltr'><strong>sint</strong></span> <span class='ocrx_word' id='word_1_796' title='bbox 2004 5471 2387 5534; x_wconf 85' lang='lat' dir='ltr'><strong>revocatoria</strong></span> <span class='ocrx_word' id='word_1_797' title='bbox 2408 5465 2686 5528; x_wconf 87' lang='lat' dir='ltr'><strong>Concilii.</strong></span> <span class='ocrx_word' id='word_1_798' title='bbox 2718 5465 2795 5525; x_wconf 84' lang='lat' dir='ltr'><strong>Et</strong></span> <span class='ocrx_word' id='word_1_799' title='bbox 2812 5465 2877 5526; x_wconf 92' lang='lat' dir='ltr'><strong>in</strong></span> <span class='ocrx_word' id='word_1_800' title='bbox 2904 5465 3021 5526; x_wconf 89' lang='lat' dir='ltr'><strong>hoc</strong></span> <span class='ocrx_word' id='word_1_801' title='bbox 3044 5466 3423 5546; x_wconf 86' lang='lat' dir='ltr'><strong>probabilius</strong></span> 
     </span>
     <span class='ocr_line' id='line_1_112' title="bbox 1865 5559 3425 5647; baseline -0.004 -19"><span class='ocrx_word' id='word_1_802' title='bbox 1865 5567 2117 5647; x_wconf 87' lang='lat' dir='ltr'><strong>quidem</strong></span> <span class='ocrx_word' id='word_1_803' title='bbox 2160 5563 2315 5626; x_wconf 86' lang='lat' dir='ltr'><strong>mihi</strong></span> <span class='ocrx_word' id='word_1_804' title='bbox 2352 5560 2601 5622; x_wconf 82' lang='lat' dir='ltr'><strong>videtur</strong></span> <span class='ocrx_word' id='word_1_805' title='bbox 2642 5559 2920 5620; x_wconf 86' lang='lat' dir='ltr'><strong>sufficere</strong></span> <span class='ocrx_word' id='word_1_806' title='bbox 2960 5559 3040 5619; x_wconf 87' lang='lat' dir='ltr'><strong>ad</strong></span> <span class='ocrx_word' id='word_1_807' title='bbox 3068 5561 3425 5646; x_wconf 85' lang='lat' dir='ltr'><strong>hujusmodi</strong></span> 
     </span>
    </p>

    <p class='ocr_par' dir='ltr' id='par_1_14' title="bbox 3032 5665 3110 5723">
     <span class='ocr_line' id='line_1_113' title="bbox 3032 5665 3110 5723; baseline -0.013 0"><span class='ocrx_word' id='word_1_808' title='bbox 3032 5665 3110 5723; x_wconf 74' lang='lat'><strong>33</strong></span> 
     </span>
    </p>
   </div>
  </div>
 </body>
</html>
