3900 6217
473 340 595 410 200

468 453 868 517 connaturale
922 455 1111 516 statui
1156 455 1439 516 beatifico
1456 499 1475 530 ,
1510 461 1581 514 ut
1622 453 1885 533 probant
1928 471 2028 512 ra-

472 550 669 610 tiones
694 549 865 610 factae
899 548 965 608 in
1000 547 1270 609 secunda
1292 548 1583 626 opinione
1601 563 1621 623 ;
1650 553 1713 608 et
1744 547 1905 621 idea,
1939 545 2030 606 10⁴

470 641 715 722 quendo
744 641 1081 702 secundum
1121 641 1324 719 legem
1349 641 1749 714 ordinariam,
1792 627 2030 717 simpli-

472 735 625 794 citer
652 734 1011 811 negandum
1030 740 1127 794 est
1168 752 1339 814 posse
1372 733 1438 795 in
1466 734 1667 795 Beatis
1694 751 1821 794 esse
1858 740 2030 794 actus

474 827 643 889 fidei.
672 827 848 889 Addo
876 847 1023 890 vero
1058 827 1175 888 hoc
1216 827 1482 906 intelligi
1510 827 1588 888 de
1620 828 1865 908 proprio
1886 833 2032 888 actu

475 921 842 995 intellectus,
873 922 979 999 qui
1032 927 1127 981 est
1154 921 1427 994 credere,
1470 928 1531 982 et
1584 925 2038 1001 consequenter

472 1013 659 1075 etiam
700 1015 777 1074 de
800 1020 937 1074 actu
970 1013 1205 1074 efficaci
1232 1013 1589 1090 voluntem,
1614 1014 1723 1092 qui
1768 1014 2052 1092 imperet.

471 1107 661 1167 talem
692 1113 895 1167 actum
928 1106 1297 1167 intellectus.
1352 1108 1416 1168 Si
1454 1114 1663 1168 autem
1707 1107 2036 1186 loquamur

472 1201 550 1260 de
572 1200 835 1279 simplici
862 1207 1001 1262 actu
1032 1201 1149 1278 piae
1178 1199 1521 1262 affectionis
1548 1200 1881 1260 voluntatis
1906 1217 2033 1279 quo

475 1313 541 1354 se
564 1302 843 1373 paratam
874 1294 1183 1369 exhibeat,
1204 1301 1266 1354 et
1292 1293 1574 1356 ostendat
1601 1293 1677 1354 ad
1712 1293 2032 1372 captivan-

475 1386 625 1448 dum
655 1386 1035 1448 intellectum
1086 1389 1153 1447 in
1180 1387 1539 1466 obsequium
1584 1385 1753 1461 fidei,
1797 1387 1849 1446 si
1876 1405 2034 1466 opus

476 1489 658 1554 esset,
708 1479 851 1540 talis
896 1487 1071 1541 actus
1120 1499 1251 1542 esse
1296 1485 1495 1560 potest
1550 1479 1615 1540 in
1667 1480 1876 1555 Beato,
1923 1479 2032 1558 qui

478 1571 840 1651 simpliciter
875 1581 967 1634 est
1018 1579 1191 1634 actus
1216 1573 1487 1647 virtutiS,
1530 1578 1594 1633 et
1638 1572 1873 1632 nullam
1915 1572 2034 1631 im-

478 1665 917 1744 perfectionem
958 1667 1247 1746 supponit
1286 1665 1655 1726 beatitudini
1684 1682 2038 1744 repugnan-

478 1764 627 1821 tem.
662 1759 835 1820 Unde
878 1761 993 1821 iste
1042 1757 1483 1820 conditionales
1532 1758 1869 1820 locutiones
1910 1777 1925 1817 z
1958 1755 2040 1820 ‚Si

479 1851 643 1914 Deua
666 1852 819 1916 milti
848 1841 1086 1930 ,iuberet
1139 1853 1369 1917 credero
1388 1898 1403 1925 ‚
1447 1853 1517 1916 id
1535 1864 1813 1923 tacerem,
1860 1856 1923 1910 et
1959 1849 2040 1911 si·

482 1943 683 2010 miles,
712 1963 843 2006 esse
872 1945 1123 2026 quidem
1156 1951 1411 2025 possunt
1433 1946 1499 2006 in
1530 1944 1759 2021 Beatis3
1790 1961 1917 2004 uon
1950 1951 2039 2004 ta-

480 2053 629 2097 men
660 2036 975 2100 declarant
1001 2039 1271 2118 aliquem
1302 2044 1503 2098 actum
1532 2038 1702 2114 fidei,
1734 2055 1917 2116 quem
1961 2037 2042 2098 de

480 2128 641 2192 facto
684 2131 985 2202 habeant,
1034 2133 1139 2192 sed
1176 2123 1378 2193 solum
1418 2131 1593 2194 illum
1642 2133 1815 2212 pium
1858 2131 2041 2191 affec-

482 2231 639 2301 tum,
680 2231 742 2285 et
782 2226 975 2286 animi
1023 2227 1537 2306 praeparationem
1556 2271 1577 2302 ,
1632 2243 1823 2304 quam
1865 2239 2042 2305 posse

500 2317 716 2380 haberi
750 2319 902 2380 dixi.

565 2413 627 2474 8.
678 2415 1053 2496 Disputatwr
1106 2416 1358 2494 quaestio
1413 2415 1482 2477 de
1536 2431 1655 2476 *non
1703 2414 2045 2477 viatoribus

484 2506 814 2569 damnatis.
836 2539 921 2554 -
940 2497 1160 2570 Prinna
1220 2508 1419 2586 opinio
1476 2509 1772 2584 affirmat.
1822 2537 1907 2553 --
1940 2504 2046 2568 Ul-

486 2603 667 2676 timo,
698 2601 1029 2664 dicendum
1072 2610 1349 2682 superest
1398 2603 1473 2662 de
1516 2602 1711 2662 altero
1750 2601 2044 2674 termino,

486 2695 591 2773 qui
623 2702 713 2755 est
740 2701 937 2756 status
974 2695 1412 2771 damnationiS,
1440 2696 1515 2756 de
1544 2715 1667 2773 quo
1696 2697 1881 2756 etiam
1925 2695 2048 2754 Du-

486 2789 741 2865 randus‚
766 2792 833 2852 in
874 2789 936 2850 d.
964 2792 1065 2863 23,
1098 2810 1159 2870 q.
1195 2793 1257 2866 9,
1288 2791 1439 2851 dicit
1466 2790 1649 2851 fidem
1688 2790 1755 2850 in
1785 2788 2046 2850 damna-

486 2881 567 2942 tis
596 2900 871 2957 manere,
925 2889 986 2944 et
1033 2883 1273 2944 videtur
1321 2883 1505 2944 fuisse
1548 2882 1853 2944 sententia
1906 2879 2048 2942 Ale-

486 2977 673 3054 xand.
726 2978 961 3052 Alens„
994 2979 1031 3038 3
1062 2997 1151 3056 p.,
1200 2985 1414 3057 quaest.
1466 2980 1569 3051 64,
1614 2984 1730 3039 art.
1782 2977 1840 3037 6.
1876 2975 1949 3035 Et
1979 2976 2046 3036 in

489 3087 627 3130 eam
654 3070 913 3132 inclinat
938 3071 1311 3144 Salmeron.,
1342 3071 1499 3149 disp.
1546 3071 1607 3144 3,
1638 3070 1701 3129 in
1736 3069 1911 3148 epist.
1942 3068 2048 3128 Ja-

488 3163 649 3240 cobi,
682 3169 743 3224 et
768 3163 1014 3226 videtur
1040 3163 1245 3224 favere
1269 3165 1341 3224 D.
1369 3164 1637 3224 Thomas
1668 3163 1729 3224 2.
1762 3165 1823 3236 Ξ,
1844 3180 1906 3239 q.
1942 3164 2044 3237 18,

489 3261 607 3317 art.
640 3259 701 3331 3,
740 3257 818 3317 ad
848 3258 909 3330 Ξ,
956 3257 1063 3318 ubi
1090 3258 1405 3318 constituit
1434 3257 1850 3317 differentiam
1882 3257 2050 3316 inter

488 3348 676 3410 iidem
706 3359 769 3410 et
795 3367 965 3430 spem
997 3350 1315 3425 informes,
1346 3351 1508 3430 quod
1561 3367 1697 3429 spes
1745 3369 1871 3410 non
1916 3367 2048 3410 ma·-

491 3448 597 3503 net
624 3442 689 3502 in
718 3442 1051 3517 damnatis,
1091 3442 1243 3504 fides
1278 3450 1489 3506 autem
1540 3449 1783 3517 manet3
1816 3449 1879 3504 et
1916 3460 2049 3502 om·

489 3553 599 3598 nes
628 3535 968 3616 loquuntur
991 3538 1068 3598 de
1096 3545 1260 3611 actu,
1289 3555 1431 3597 nam
1453 3536 1799 3597 fundantur
1820 3537 1886 3596 in
1912 3553 2051 3597 ver·

489 3627 587 3690 bis
606 3629 843 3704 Jacobi,
874 3649 929 3692 c.
956 3632 995 3692 2
1042 3647 1058 3691 z
1090 3631 1401 3694 Daemones
1429 3631 1697 3704 eredunt,
1741 3635 1797 3692 ct
1822 3634 2050 3692 contre-

490 3723 777 3797 miseunt,
807 3722 915 3782 ubi
940 3723 1123 3802 plane
1156 3722 1429 3801 loquitur
1468 3723 1543 3783 do.
1571 3730 1745 3796 actu3
1790 3730 1853 3783 et
1878 3721 2053 3782 vide-

490 3824 597 3876 tur
619 3817 1031 3878 necessarium
1058 3823 1131 3878 ut
1169 3816 1456 3896 loquatur
1483 3816 1560 3877 de
1587 3823 1725 3876 actu
1755 3834 2053 3895 superna·

489 3909 677 3970 turali
699 3909 845 3971 fidei
870 3909 1115 3984 infusae,
1131 3910 1281 3970 alias
1302 3927 1426 3969 non
1455 3916 1619 3970 recte
1647 3915 1926 3970 uteretur
1943 3909 2050 3970 illo

369 4013 376 4024 '
488 4003 773 4085 exemplo
810 4003 891 4064 ad
938 4002 1324 4083 probandum
1368 4001 1563 4063 solam
1588 4001 1773 4063 fidem
1796 4047 1816 4077 ,
1860 4002 2052 4064 etiam

488 4097 783 4172 infusam,
812 4115 939 4158 non
990 4096 1263 4158 sufficere
1304 4093 1379 4156 ad
1421 4095 1705 4168 salutem,
1754 4094 1919 4172 quod
1961 4095 2052 4155 ibi

490 4191 778 4252 intendit.
828 4190 1089 4252 Ratione
1150 4190 1338 4251 etiam
1406 4187 1762 4249 confirmari
1816 4193 2046 4267 potest,

490 4285 637 4364 quia
664 4283 944 4346 damnati
972 4281 1153 4360 (licet
1186 4301 1312 4343 non
1342 4279 2050 4362 omnes)habue1·untin

491 4377 595 4436 via
623 4377 807 4438 fidem
852 4381 915 4438 et
946 4375 1383 4437 revelationem
1410 4376 1564 4455 ejus,
1604 4373 1781 4452 cujus
1806 4375 2049 4436 revela-

492 4469 682 4531 tionis
728 4479 981 4549 possunt
1033 4471 1100 4530 in
1156 4475 1320 4528 statu
1390 4467 1807 4530 damnationis
1852 4484 2052 4530 recor·

492 4563 629 4624 dari
651 4585 670 4639 3
698 4563 847 4642 quid
894 4581 1043 4642 ergo
1082 4562 1341 4642 impedit
1368 4562 1701 4641 quominus
1742 4561 1929 4621 etiam
1981 4561 2050 4622 iu

491 4655 600 4718 ille
648 4662 810 4718 statu
861 4657 1090 4718 habere
1142 4655 1376 4735 possint
1418 4671 1736 4715 assensum
1768 4671 1845 4716 ex
1882 4653 2052 4714 dicta

492 4749 869 4813 revelatione
901 4755 928 4811 t

572 4847 633 4906 9.
682 4843 962 4907 Secunda
984 4843 1212 4924 opinio.
1243 4859 1349 4905 seu
1382 4839 1635 4904 assertio
1660 4842 1949 4920 myctica
1984 4843 2053 4905 do

490 4939 617 5016 leye
654 4937 990 5001 ordinaria.
1019 4967 1104 4982 —
1127 4935 1541 4996 Nihilominus
1588 4935 1921 4996 dicendum
1959 4941 2052 4997 est

494 5029 687 5092 inille
708 5035 867 5092 statu
910 5047 1035 5090 non
1077 5046 1208 5090 esse
1236 5045 1439 5108 neque
1474 5045 1605 5088 esse
1632 5046 1805 5108 posse
1830 5045 2052 5090 verum

448 5157 459 5168 ·
489 5140 697 5186 actum
725 5123 869 5184 fidei
906 5123 1153 5196 infusae,
1184 5139 1291 5184 seu
1334 5121 1835 5201 supernaturalis.
1870 5122 2052 5185 Intel-

489 5217 709 5296 ligitur
740 5218 995 5278 assertio
1022 5216 1100 5277 de
1130 5216 1289 5278 facto
1338 5222 1402 5276 et
1446 5214 1523 5276 de
1566 5217 1839 5294 potentia
1884 5217 2049 5276 ordi-

493 5309 705 5385 naria;
747 5325 893 5370 nam
932 5309 1009 5370 de
1052 5309 1333 5370 absoluta
1379 5307 1615 5369 clarum
1642 5314 1734 5370 est
1774 5325 1901 5368 non
1932 5308 2050 5370 im-

494 5402 721 5480 plicare
744 5400 1319 5476 contradictionem,
1346 5419 1550 5482 neque
1576 5401 1653 5460 de
1681 5401 1799 5462 hoc
1824 5400 2050 5481 aliquis

489 5494 889 5574 questionem
918 5494 1133 5556 movit.
1166 5493 1265 5557 Sic
1292 5511 1443 5574 ergo
1484 5493 1737 5556 assertio
1762 5511 2048 5556 commu-

1632 351 1847 404 1215ch
1855 393 1864 403 .
1904 352 1982 402 Vl.
2025 353 2100 404 DE
2137 353 2292 406 Acw
2329 351 2509 404 Pium.

2107 453 2204 514 nis
2229 460 2342 528 est,
2376 455 2446 514 D.
2474 453 2748 529 Thomas,
2777 473 2841 534 q.
2873 457 2935 528 5,
2966 459 3084 515 art.
3115 456 3180 524 2,
3209 453 3318 515 ubi
3339 455 3680 537 Cajetanns·

2109 555 2170 609 et
2197 549 2330 623 alii,
2353 555 2418 609 et
2441 547 2970 625 scholasticorum,
3005 547 3071 608 in
3101 550 3162 623 3,
3185 548 3248 609 d.
3279 552 3383 625 25,
3417 550 3525 612 ubi
3549 552 3677 614 Bo-

2109 649 2476 716 naventura,
2509 647 2630 702 art.
2660 643 2721 708 2.
2747 659 2808 720 q.
2843 645 2882 703 3
2901 657 2923 718 ;
2953 641 3222 718 Gabriel,
3257 661 3320 720 q.
3345 644 3406 714 2,
3437 649 3558 704 art.
3595 645 3672 718 33

2109 736 2380 797 sumitur
2397 754 2474 798 ex
2489 736 2861 814 Angustiae,
2883 737 2928 797 1.
2953 739 2993 798 9
3017 737 3096 797 de
3118 735 3300 797 civit.
3327 736 3460 813 Dei,
3482 753 3540 797 c.
3567 739 3674 813 21,

2113 828 2355 890 dicente
2399 829 2712 890 daemones
2765 847 3133 909 cognoscere
3185 828 3522 905 Christum,
3555 845 3690 891 mm

2111 923 2362 996 lumine,
2411 923 2519 985 sed
2553 924 2824 1003 efficacia
2859 923 3204 1004 siquos-um..
3231 921 3385 982 Item
3413 939 3492 982 ex
3535 921 3683 983 Dio·

2113 1021 2315 1100 nysio,
2361 1039 2418 1080 c.
2455 1022 2494 1081 4
2537 1020 2616 1080 de
2669 1019 2896 1079 divinis
2946 1017 3352 1091 Nominibus,
3401 1016 3690 1092 dicente,-

2115 1132 2319 1178 oarere
2357 1115 2670 1177 damnatos
2705 1112 2978 1174 omnibus
3009 1111 3240 1174 divinis
3275 1111 3474 1173 donis.
3500 1109 3686 1172 Unde

2113 1207 2378 1268 sumitur
2403 1207 2606 1288 pxima
2631 1206 2790 1267 ratio
2819 1204 3128 1266 sufficiens
3143 1221 3260 1283 pro
3286 1203 3404 1264 hae
3429 1209 3678 1266 senten·

2111 1301 2224 1376 tia,
2273 1301 2420 1380 quia
2459 1300 2646 1372 dona,
2690 1305 2753 1360 et
2801 1296 3034 1360 auxilia
3071 1296 3290 1375 gratiae
3341 1315 3468 1358 non
3511 1313 3675 1358 eom·

2115 1396 2514 1456 municantnr
2531 1394 2872 1470 damnatis;
2892 1407 3074 1452 verus
3098 1397 3311 1452 autem
3331 1390 3478 1451 fidei
3503 1396 3692 1451 aetus

2113 1487 2328 1550 haberi
2355 1489 2572 1568 nequit
2597 1487 2729 1548 sine
2759 1484 2992 1548 auxilio
3021 1485 3236 1564 gratiae
3257 1529 3277 1560 ,
3325 1489 3396 1545 ut
3435 1483 3694 1546 dictum*

2115 1589 2240 1656 est;
2275 1600 2422 1662 ergo
2451 1598 2582 1642 esse
2608 1599 2736 1641 non
2767 1585 2966 1659 potest
2993 1579 3059 1639 in
3091 1577 3441 1655 damnatis;
3481 1578 3693 1656 major

2117 1681 2378 1751 constat,
2410 1675 2578 1754 quia,
2609 1681 2681 1734 ut
2706 1674 2982 1737 Christus
3009 1672 3164 1734 dixit
3192 1691 3205 1733 z
3241 1671 3532 1735 Sanctum-
3560 1689 3687 1734 non

2118 1770 2301 1831 datur
2329 1767 2465 1832 cani
2473 1769 2576 1830 'ius
2597 1814 2616 1843 ,
2658 1785 2840 1849 neque
2873 1764 3232 1848 maryaricoe
3267 1765 3690 1845 projiciuntur

2117 1866 2257 1926 ante
2278 1878 2506 1941 porco-³.
2542 1862 2712 1922 Esset
2740 1861 2909 1921 enim
2957 1858 3339 1938 superfluum
3367 1863 3431 1920 et
3456 1857 3686 1918 inutile

2117 1954 2241 2016 tale
2279 1955 2585 2017 auxilium
2617 1953 2764 2016 dare
2793 1952 3126 2029 damnatis,
3164 1956 3298 2011 tum
3337 1951 3484 2030 quia
3527 1950 3687 2012 fides

2121 2054 2213 2110 est
2237 2050 2577 2112 substantia
2616 2065 2814 2110 rerum
2847 2045 3283 2126 sperandarum
3295 2068 3320 2115 ;
3348 2043 3442 2105 illi
3470 2049 3688 2104 autem

2119 2144 2360 2202 suntin
2409 2147 2573 2202 statu
2619 2138 3096 2220 desperationis⁸;
3133 2151 3270 2198 tum
3303 2137 3489 2198 etiam
3535 2138 3692 2216 quia

2119 2235 2270 2298 fides
2307 2235 2494 2296 datur
2534 2241 2607 2293 ut
2633 2233 3116 2295 fundamentum
3137 2231 3421 2310 justitiae,
3451 2231 3542 2292 illi
3570 2249 3687 2292 au-

2120 2341 2248 2390 tem
2276 2334 2422 2388 sunt
2439 2329 2692 2407 justitiae
2731 2329 3070 2405 incapaces.
3116 2325 3253 2386 Alia
3295 2325 3482 2385 etiam
3525 2325 3692 2406 ratio

2123 2422 2362 2500 optima
2389 2428 2506 2496 est,
2531 2422 2680 2501 quia
2717 2421 2796 2481 ad
2819 2419 3192 2480 credendum
3218 2417 3342 2478 fide
3363 2416 3569 2479 infusa
3589 2435 3694 2479 re·

2125 2515 2394 2594 quiritur
2451 2515 2552 2594 pia
2615 2513 2858 2574 affectio
2915 2519 2976 2572 et
3047 2511 3302 2572 honesta
3356 2509 3686 2583 volunta&

2127 2608 2406 2670 damnati
2457 2614 2664 2666 autem
2729 2625 2930 2684 neque
2987 2603 3376 2665 affectionem
3423 2602 3688 2678 habeut,

2125 2720 2326 2783 neque
2346 2701 2670 2762 honestam
2715 2698 3100 2761 voluntatem
3139 2695 3370 2757 habere
3403 2701 3689 2776 possunt,

2126 2802 2198 2856 ut
2243 2800 2517 2869 constat3
2557 2812 2706 2872 ergo
2747 2809 2950 2873 neque
3000 2807 3216 2852 veram
3261 2789 3488 2862 fldem3
3519 2789 3694 2850 unde

2127 2905 2252 2949 non
2295 2886 2434 2967 plus
2463 2886 2748 2961 credunt,
2791 2903 2994 2967 neque
3035 2883 3259 2962 majori
3295 2882 3691 2955 certitudine,

2125 2997 2314 3061 quam
2343 2999 2417 3040 ex
2448 2981 2510 3041 vi
2535 2980 2882 3058 signorum,
2911 2996 3018 3039 seu
3044 2977 3378 3040 affectuum
3399 2993 3552 3056 quos
3573 2991 3694 3036 ex-

2125 3077 2478 3156 periuntur,
2509 3081 2835 3152 cogantur.

2207 3171 2307 3230 10.
2353 3168 2458 3230 Aa
2482 3168 2705 3228 motiva
2745 3166 3058 3228 contraria
3085 3165 3154 3225 in
3177 3181 3342 3225 num,
3373 3160 3696 3224 8.--Εω-

2123 3263 2346 3341 positio
2389 3261 2472 3322 ad
2509 3261 2700 3322 locum
2725 3259 2964 3335 Jacobi,
3023 3277 3156 3340 qua·
3205 3273 3324 3318 non
3365 3257 3698 3334 placet.—

2141 3357 2290 3420 Vem
2317 3355 2642 3434 responsio.
2663 3383 2747 3400 -—
2765 3351 2869 3414 Aa
2895 3351 3090 3414 locum
3117 3352 3197 3413 D.
3235 3349 3696 3414 fl'liomoee-Ad

2126 3447 2423 3510 Jacobum
2449 3447 2822 3526 respondent
2843 3444 3034 3523 aliqui
3070 3443 3333 3504 verbum
3362 3441 3539 3504 illud.
3571 3461 3698 3504 oro-

2131 3543 2300 3616 dunt,
2333 3539 2496 3601 sumi
2525 3557 2700 3619 posse
2729 3539 2795 3598 in
2825 3539 2888 3598 vi
2917 3537 3236 3617 praeteriti,
3259 3534 3324 3596 id
3351 3551 3467 3610 est,
3497 3536 3702 3597 credi-

2131 3635 2380 3708 derunt,
2411 3639 2471 3694 et
2513 3634 2601 3692 ita
2629 3637 3068 3710 argumentum
3113 3628 3324 3691 Jacebi
3373 3629 3513 3703 erit,
3561 3629 3704 3688 dee-

2131 3744 2346 3788 mones
2383 3729 2570 3787 etiam
2599 3724 2955 3800 credidisse,
2987 3724 3204 3803 utique
3238 3721 3363 3784 fide
3388 3721 3595 3782 infusa
3625 3722 3698 3782 in

2131 3821 2258 3898 via,
2303 3825 2366 3881 et
2394 3818 2800 3879 nihilominus
2840 3818 3167 3878 damnatos
3189 3815 3402 3890 fuisse,
3429 3815 3580 3894 quia
3617 3814 3702 3873 fi-

2129 3913 2272 3976 dem
2301 3911 2434 3972 sine
2472 3910 2764 3991 operibus
2797 3909 3171 3971 habuerunt.
3196 3909 3316 3970 Sed
3343 3925 3469 3967 non
3493 3906 3704 3986 placet

2131 4005 2455 4086 expositio,
2494 4010 2630 4065 tum
2661 4005 2808 4083 quia
2847 4002 2995 4065 facit
3015 4000 3290 4081 aliquam
3333 3999 3700 4061 violentiam

2131 4099 2339 4173 verbo,
2363 4099 2498 4158 sine
2523 4095 2852 4158 sufficienti
2875 4095 3316 4170 fundament03
3341 4101 3474 4154 tum
3503 4091 3702 4152 etiam

2130 4188 2278 4272 q'uia
2301 4191 2508 4252 statim
2534 4189 2709 4251 addit
2740 4189 3036 4250 Jacobus:
3077 4189 3164 4250 Et
3209 4184 3698 4260 contremiseunt,

2131 4285 2297 4366 quod
2325 4287 2460 4346 sine
2503 4284 2693 4344 dubio
2743 4284 2820 4344 de
2865 4281 3151 4362 praesenti
3193 4277 3506 4356 intelligit.
3549 4279 3704 4338 Dico

2131 4396 2280 4458 ergo
2323 4396 2467 4438 cum
2497 4376 2868 4455 Augustino,
2899 4376 2970 4436 D.
2996 4375 3258 4450 Thema,
3287 4379 3352 4433 et
3377 4369 3707 4432 mmmuni.

2129 4471 2460 4546 sententia,
2497 4469 2810 4530 daemones
2835 4467 3084 4529 credere
3121 4465 3246 4527 fide
3289 4470 3520 4539 coacta,
3564 4479 3704 4524 non

2131 4565 2503 4638 voluntaria,
2555 4581 2626 4623 ac.
2669 4561 2930 4622 subinde
2971 4558 3275 4636 naturali,
3306 4576 3434 4618 non
3463 4557 3694 4617 infusa.

2129 4657 2224 4720 Ad
2267 4656 2678 4736 objectionem
2717 4661 2928 4714 autem
2983 4652 3326 4733 respondeo
3361 4667 3704 4730 argumen-

2129 4759 2266 4812 tum
2306 4749 2516 4811 Jacobi
2567 4749 2753 4809 fuisse
2802 4747 3154 4822 sufficiens,
3193 4747 3344 4826 quia
3389 4743 3694 4811 heretici,

2131 4845 2238 4924 qui
2265 4849 2414 4904 tunc
2437 4845 2570 4923 jam
2597 4841 3014 4920 praedieabant
3039 4839 3226 4900 fidem
3247 4839 3380 4900 sine
3407 4836 3704 4916 operibus

2130 4939 2404 4998 sufficere
2443 4935 2524 4996 ad
2567 4934 2862 5009 salutem,
2910 4949 3036 4994 non
3081 4931 3393 4994 faciebant
3442 4931 3572 4990 vim
3629 4931 3700 4992 in

2131 5031 2316 5094 modo
2343 5029 2658 5104 credendi,
2690 5028 2890 5088 sedin
2919 5043 2986 5088 re
3027 5026 3281 5101 credita,
3311 5031 3375 5087 et
3415 5025 3483 5086 in
3509 5023 3701 5087 firmo

2130 5142 2377 5192 assensu
2418 5123 2587 5184 illius
2635 5122 3068 5198 undecumque
3099 5119 3546 5198 conciperetur.
3597 5118 3700 5178 Ad

2130 5216 2201 5277 D.
2234 5215 2538 5280 'rhomam
2583 5213 2926 5294 respondeo
2957 5230 3083 5274 uon
3129 5227 3263 5274 esse
3303 5211 3420 5272 sibi
3447 5215 3704 5272 contra-

2129 5306 2293 5368 rium
2327 5307 2726 5370 zdifferentia
2774 5323 2926 5385 ergo
2949 5321 3141 5384 quam
3189 5304 3370 5384 ponit
3411 5305 3574 5364 inter
3623 5302 3702 5362 fi-

2129 5400 2270 5462 dem
2299 5407 2362 5462 et
2390 5418 2582 5480 spem,
2627 5401 2717 5476 ita
2743 5399 3148 5476 intelligenda
3175 5405 3289 5472 est,
3329 5397 3496 5478 quod
3544 5395 3704 5456 fides

2129 5493 2336 5574 aliqua
2386 5495 2464 5556 de
2511 5494 2696 5556 rebus
2747 5491 3032 5555 revelatis
3077 5503 3341 5554 manere·
3377 5495 3575 5571 potest
3627 5489 3700 5552 in
