3900 6217
571 388 692 449 610

573 493 689 554 dus
717 489 1022 554 sentiendi
1057 498 1120 552 et
1139 489 1438 570 loquendi
1490 491 1770 550 omnium
1797 487 2136 567 Theologo-

573 603 715 646 rum
745 591 805 645 et
835 585 1080 645 Patrum
1105 605 1123 659 3
1153 592 1455 664 quantum
1505 601 1652 644 vero
1680 580 1759 642 ad
1797 579 2138 641 distinctio-

573 697 716 740 nem
752 677 1006 752 realem,
1035 695 1160 738 non
1211 682 1302 738 est
1343 682 1521 737 tanta
1568 673 1904 750 certitud03
1932 677 2137 753 posset

576 772 743 832 enim
772 772 908 850 quis
959 769 1160 830 dicere
1207 769 1505 847 distingui
1551 768 1708 829 sicut
1752 766 2132 828 intellectum

574 871 636 926 et
675 864 1060 938 memoriam,
1089 867 1152 923 et
1175 861 1296 922 dici
1338 868 1462 922 tres
1491 861 1778 935 virtutes,
1810 861 1973 920 sicut
2009 864 2135 918 tres

573 958 877 1038 potentias
926 953 1173 1015 animae.
1217 953 1632 1015 Nihilominus
1678 959 1890 1014 tamen
1935 950 2134 1011 multo

575 1048 950 1128 probabilius
1008 1053 1134 1123 est,
1186 1046 1442 1108 omnino
1506 1045 1806 1124 distingui
1853 1044 2128 1118 realiter,

575 1143 724 1222 quia
766 1141 886 1202 hoc
930 1147 1024 1201 est
1069 1139 1271 1220 magis
1313 1147 1798 1202 consentaneum
1828 1137 2013 1199 modo
2043 1136 2135 1197 lo-

572 1236 1015 1317 quendisacrae
1058 1235 1388 1314 scripuras,
1429 1240 1493 1295 et
1520 1234 1842 1310 omnium3
1882 1237 1946 1292 et
1986 1228 2135 1310 quia

571 1333 863 1405 rationeS,
890 1327 1114 1406 quibus
1137 1327 1516 1387 ostendimus
1549 1325 2007 1387 distinctionem
2032 1341 2135 1384 ac-

569 1429 749 1482 tuum
771 1427 833 1483 et
861 1420 1262 1499 objectorum,
1287 1419 1352 1480 id
1371 1420 1518 1480 satis
1540 1419 1919 1480 concludunt
1941 1439 1959 1492 ;
1982 1416 2133 1478 item

570 1533 608 1576 a
633 1515 980 1595 posteriori,
1011 1513 1157 1592 quia
1185 1514 1253 1575 in
1280 1520 1596 1594 peccatore
1649 1517 1860 1572 manet
1887 1529 2025 1590 spes
2052 1509 2132 1569 si-

569 1629 651 1672 ne
697 1609 1016 1685 charitate,
1044 1615 1106 1670 et
1153 1607 1303 1670 fides
1349 1609 1482 1669 sine
1527 1614 1810 1687 utraque.
1840 1605 2135 1680 Quocirca

570 1703 782 1783 opinio
834 1720 1020 1781 quam
1067 1719 1252 1781 supra
1287 1701 1501 1763 Scotus
1542 1699 1752 1776 refert,
1803 1704 2133 1777 censetque

571 1795 977 1878 probabilem,
1024 1801 1086 1856 et
1133 1795 1336 1856 tenuit
1385 1793 1634 1869 Ocham,
1683 1791 2025 1868 Quodlibet.
2068 1793 2131 1866 3,

570 1896 784 1972 quaest.
813 1895 872 1968 1,
899 1905 1068 1968 spem
1091 1906 1219 1948 non
1245 1905 1374 1949 esse
1411 1887 1562 1968 quid
1589 1887 1844 1948 tertium
1873 1885 2133 1945 distinc-

572 1989 706 2044 tum
732 2001 771 2043 a
796 1983 1096 2043 charitate
1125 1988 1188 2042 et
1213 1979 1358 2056 fide,
1390 1980 1495 2041 sed
1538 1985 1948 2059 aggregatum
2000 1977 2135 2038 illa-

568 2093 712 2138 rum
761 2075 964 2156 (quia,
999 2074 1311 2156 inquiunt,
1360 2091 1606 2154 sperare
1637 2072 1792 2134 nihil
1819 2069 1991 2133 aliud
2042 2076 2133 2132 est

570 2187 758 2249 quam
789 2167 1092 2229 credendo
1116 2167 1516 2243 desiderare),
1549 2165 1806 2227 omnino
1833 2170 1924 2225 est
1951 2163 2128 2239 falsa,

569 2269 705 2322 tum
741 2267 990 2342 propter
1027 2260 1217 2335 dicta,
1264 2265 1400 2320 tum
1425 2261 1573 2340 quia
1610 2269 1820 2340 aperte
1853 2257 2133 2338 sequitur

570 2355 638 2415 in
665 2361 984 2435 peccatore
1024 2371 1153 2416 non
1196 2368 1448 2416 manere
1476 2371 1673 2436 spem,
1704 2351 1872 2435 quod
1911 2368 2133 2413 censeo

573 2465 870 2511 errorem.

1179 2652 1394 2707 SECTIO
1425 2653 1510 2706 lv.

587 2829 806 2896 Utrum
829 2847 965 2911 spes
1018 2828 1227 2892 eliciat
1253 2845 1372 2890 non
1399 2827 1594 2890 solum
1618 2831 1791 2890 actus
1837 2825 2137 2889 tendentes

652 2921 717 2984 in
745 2923 983 2998 bonum,
1020 2921 1128 2985 sed
1158 2923 1339 2986 etiam
1367 2927 1569 2984 actum
1597 2917 1858 2996 timoris,
1891 2921 1950 2982 ct
1982 2916 2137 2982 alios

651 3017 866 3098 quibus
884 3017 1159 3098 sapimus
1180 3015 1428 3077 malum.

654 3210 711 3268 1.
759 3205 1024 3271 Ἠνιοήε
1051 3205 1297 3286 vulyata
1325 3203 1562 3268 divitia.
1581 3201 1901 3266 -Pn‘ma
1930 3205 2135 3265 aucto-

571 3303 663 3366 ris
687 3301 885 3382 ipsius
915 3299 1159 3372 divisio,
1180 3316 1253 3361 ac
1276 3299 1421 3362 item
1448 3295 1790 3378 differentia
1815 3293 1975 3358 inter
2001 3297 2132 3375 ejvs

569 3395 854 3457 membra.
881 3427 960 3438 —
991 3392 1359 3472 Differ-entia
1388 3391 1664 3454 secunda.
1685 3387 2009 3452 -Tertica
2050 3423 2132 3434 -

574 3487 832 3562 Quarta.
875 3517 956 3530 —-
987 3485 1070 3546 Ut
1108 3484 1377 3545 breviter
1419 3482 1902 3562 complectamur
1936 3486 2131 3542 totam

577 3581 901 3640 materiam
945 3577 1133 3655 hujus
1182 3576 1490 3650 sectioniS,
1538 3573 1984 3636 advertendum
2040 3580 2132 3636 est

571 3671 778 3752 plures
821 3689 974 3747 esse,
1028 3668 1233 3751 quoad
1271 3686 1557 3748 praesens,
1595 3666 1808 3728 modos
1864 3667 2129 3743 timoris,

577 3765 829 3840 scilicet,
860 3763 1149 3823 timorem
1196 3761 1608 3836 mundanum,
1647 3759 1954 3836 servilem,
1979 3760 2137 3821 filia·

577 3857 701 3919 lem
751 3855 1114 3936 perfectum,
1164 3859 1226 3915 et
1269 3853 1594 3928 initialem,
1644 3853 1788 3933 quia
1833 3851 2135 3914 divisione

573 3959 838 4013 utuntur
865 3947 1162 4027 Theologi
1183 3948 1250 4008 in
1279 3947 1340 4023 3,
1373 3946 1516 4008 dist.
1565 3948 1680 4022 345
1711 3963 1828 4024 ego
1856 3964 2001 4007 vero
2029 3965 2139 4007 ex-

578 4043 738 4126 plico
772 4061 882 4123 per
919 4046 1040 4103 tres
1085 4040 1260 4102 alias.
1290 4039 1497 4101 Primo
1537 4058 1686 4119 ergo
1731 4039 2028 4101 dividitur
2065 4041 2139 4100 ti-

578 4157 716 4199 mor
739 4139 805 4197 in
846 4136 1196 4197 humanum
1219 4141 1282 4196 et
1311 4134 1630 4194 divinum:
1661 4131 1996 4208 humanus,
2032 4133 2137 4215 qui

581 4232 770 4294 etiam
805 4229 1182 4304 mundanus,
1212 4233 1273 4288 et
1287 4227 1475 4288 timor
1486 4225 1676 4305 hujus
1691 4224 1894 4288 saeculi
1909 4227 2141 4288 dicitur

580 4343 738 4405 saepe
769 4321 848 4385 ab
876 4322 1244 4400 Augustino,
1269 4326 1331 4381 et
1357 4319 1674 4397 Gregorio,
1717 4322 1758 4380 4
1784 4319 2133 4397 Moralium,

577 4437 709 4498 cap.
741 4419 844 4493 14,
867 4421 960 4478 est
982 4432 1106 4496 quo
1138 4413 1428 4475 timemus
1459 4412 1714 4489 malum,
1737 4413 1903 4492 quod
1932 4413 2012 4475 ab
2031 4413 2138 4475 ho-

581 4511 854 4576 minibus
901 4509 1118 4571 inferri
1159 4513 1382 4587 potest,
1413 4507 1513 4569 vel
1561 4507 1726 4588 quod
1770 4514 2017 4568 tantum
2046 4516 2138 4570 est

577 4605 813 4668 malum
869 4601 1208 4684 temporale
1267 4599 1558 4662 hominis.
1603 4600 1857 4660 Divinus
1910 4601 2134 4678 timor,

579 4718 702 4780 quo
761 4699 1055 4760 timemus
1114 4695 1215 4757 vel
1264 4693 1550 4755 divinum
1601 4694 1860 4772 malum,
1918 4695 2019 4757 vel
2064 4696 2138 4756 il·

579 4791 688 4855 lud
748 4789 914 4871 quod
970 4789 1129 4850 Deus
1165 4787 1396 4850 inferre
1451 4792 1696 4868 potest,
1750 4787 1849 4850 vel
1905 4789 2140 4867 specia-

581 4885 726 4946 liter
773 4883 1000 4944 infert:
1075 4881 1238 4942 inter
1289 4899 1447 4960 quos
1501 4881 1756 4942 timores
1793 4879 2002 4942 differt
2046 4899 2139 4942 se-

582 4976 804 5051 cund0,
857 4975 1004 5056 quia
1067 4974 1258 5036 timor
1315 4973 1627 5035 humanus
1688 4973 1866 5036 timet
1943 4973 2140 5035 homi-

583 5089 752 5146 nem,
787 5075 848 5131 et
875 5075 948 5128 ut
971 5086 1218 5130 causam
1249 5067 1420 5143 mali,
1451 5074 1514 5128 ct
1554 5073 1625 5126 ut
1673 5067 1910 5129 malum
1948 5067 2140 5146 quod·

584 5169 727 5228 dam
744 5182 765 5244 3
808 5173 1018 5226 tamen
1069 5163 1228 5226 alius
1268 5181 1398 5224 non
1428 5161 1609 5224 timet
1665 5162 1881 5238 Deum,
1914 5161 2033 5224 nisi
2070 5169 2141 5222 ut

585 5277 835 5322 causam
887 5258 1077 5332 mali,
1122 5257 1270 5336 quia
1315 5255 1475 5317 Deus
1525 5255 1593 5316 in
1651 5274 1718 5317 se
1759 5254 1960 5316 malus
2011 5273 2141 5317 non

586 5360 700 5428 est,
733 5354 894 5414 sicut
919 5351 1131 5424 bomo,
1161 5350 1283 5412 nisi
1315 5348 1470 5410 falso
1517 5347 2041 5430 apprehendatur,
2072 5353 2144 5409 ut

586 5467 624 5510 a
648 5444 1023 5520 ManichaeiS,
1069 5441 1138 5506 in
1172 5461 1293 5523 quo
1336 5447 1429 5503 est
1480 5442 1754 5503 notanda
1794 5439 2143 5502 differentia

583 5541 746 5603 inter
788 5557 982 5621 spem,
1037 5543 1100 5599 et
1143 5553 1417 5600 amorem
1469 5533 1750 5598 divinum
1761 5551 1782 5614 3
1815 5553 1964 5596 nam
1996 5535 2145 5616 quia

1016 389 1252 443 DISPUT.
1288 389 1327 441 1.
1362 387 1788 442 SPECULATIVA
1823 387 1902 439 DE
1935 385 2207 439 vm'rn'rss
2239 387 2373 438 SPE!
2407 387 2749 442 CONTINENS
2780 389 3116 444 SECTIONES
3156 393 3325 448 ocm.

2216 488 2372 550 Deus
2400 496 2491 550 est
2535 489 2597 550 in
2648 509 2712 552 se
2738 509 2981 552 summe
3030 491 3249 570 bonus,
3300 501 3487 576 potest
3511 499 3623 582 ipse
3661 512 3719 566 ut

2218 602 2531 646 summum
2560 586 2793 646 bonum
2823 587 3081 668 sperari,
3111 607 3236 650 nou
3264 589 3453 652 solum
3481 602 3545 656 ut
3567 615 3720 662 causa

2218 684 2309 738 est
2324 679 2525 739 omnis
2547 679 2717 755 boni,
2744 681 2846 741 sed
2874 681 3060 741 etiam
3077 688 3145 742 ut
3162 682 3461 762 obJ'ectum
3482 687 3541 750 in
3564 707 3722 754 senos

2215 768 2437 846 beans;
2470 780 2534 832 at
2556 771 2763 833 timeri
2806 772 3008 833 solum
3052 781 3249 853 potest
3291 783 3359 837 ut
3384 795 3609 842 causare
3632 803 3723 863 po-

2215 869 2332 924 test
2353 865 2419 924 in
2460 863 2638 926 nobis
2669 865 2904 927 malum
2936 885 3121 929 omne
3150 887 3371 948 poenae,
3408 891 3524 935 non
3549 889 3723 940 autem

2213 957 2422 1018 timeri
2468 964 2538 1018 ut
2566 957 2899 1038 objectum.
2930 961 3238 1022 Differunt
3260 965 3461 1039 terti0,
3500 985 3629 1028 nam
3664 972 3724 1031 ti-

2217 1069 2354 1111 mor
2400 1051 2652 1113 divinus
2698 1071 2807 1133 per
2834 1072 2901 1115 se
2948 1055 3173 1115 avertit
3199 1075 3237 1118 a
3280 1057 3477 1136 culpa,
3504 1079 3625 1140 quoe
3654 1071 3726 1125 est

2214 1145 2532 1226 potissima
2561 1165 2743 1208 causa
2764 1147 2911 1207 mali
2932 1167 3129 1228 poenae
3142 1165 3164 1226 3
3190 1150 3376 1210 timor
3394 1169 3528 1214 vero
3546 1153 3726 1218 huma·

2213 1257 2331 1300 nus
2362 1257 2474 1318 per
2499 1258 2563 1300 se
2591 1258 2716 1300 non
2740 1242 2963 1302 avertit
3008 1259 3046 1301 a
3078 1242 3284 1322 culpa,
3311 1243 3455 1323 quia
3488 1243 3725 1310 homines

2213 1348 2341 1391 non
2364 1331 2563 1392 solum
2600 1339 2855 1413 propter
2873 1333 3144 1413 culpam,
3176 1335 3283 1396 sed
3312 1337 3493 1398 etiam
3520 1349 3726 1420 propter

2214 1423 2468 1484 virtutes
2498 1425 2663 1486 mala
2688 1425 2984 1502 inferunt,
3016 1434 3078 1488 et
3102 1429 3251 1510 quia
3276 1429 3547 1493 homines
3564 1437 3726 1498 inten-

2213 1517 2369 1577 dunt
2416 1526 2589 1578 actus
2635 1520 2968 1581 exteriores
3009 1522 3319 1602 praecipue
3359 1530 3431 1582 ut
3478 1527 3721 1607 puniant,

2213 1616 2274 1671 et
2301 1610 2440 1671 ideo
2459 1612 2648 1672 timor
2667 1611 2979 1674 humanus
2998 1614 3197 1676 solum
3236 1623 3472 1678 coercet
3497 1617 3569 1678 ab
3594 1629 3727 1684 exte-

2215 1703 2364 1764 riori
2392 1718 2555 1778 actu,
2580 1724 2705 1766 non
2726 1725 2871 1767 vcro
2892 1709 3117 1770 avertit
3138 1707 3430 1770 affectum
3455 1728 3491 1770 a
3510 1713 3722 1790 malitia,

2215 1795 2281 1855 in
2314 1815 2437 1876 quo
2468 1804 2557 1858 est
2582 1803 2708 1859 tota
2741 1801 2901 1862 ratio
2946 1799 3162 1882 culpae.
3202 1801 3430 1876 Quarto
3456 1798 3724 1884 differunt,

2214 1908 2361 1950 nam
2378 1891 2566 1952 timor
2584 1891 2831 1952 divinus
2854 1912 2964 1974 per
2986 1913 3048 1955 se
3074 1913 3396 1976 nunquam
3422 1896 3651 1958 inclinat
3668 1900 3727 1960 ad

2213 1981 2484 2061 culpam,
2520 1985 2668 2063 quia
2698 2004 3015 2066 nunquam
3046 1987 3226 2068 culpa
3255 1993 3347 2050 est
3388 1987 3729 2070 mediumpcr

2212 2091 2277 2135 se
2310 2075 2388 2135 ad
2424 2074 2791 2155 fugiendum
2833 2079 3067 2140 malum
3102 2081 3512 2160 infligendum
3538 2101 3571 2144 a
3602 2083 3699 2146 Deo
3711 2101 3727 2162 ;

2212 2169 2399 2230 timor
2419 2188 2563 2231 vero
2592 2170 2903 2233 humanus
2926 2172 3182 2234 inclinat
3211 2193 3373 2254 saepe
3405 2174 3479 2237 ad
3506 2176 3725 2255 culpam,

2211 2263 2358 2342 quia
2384 2281 2543 2344 saepe
2562 2283 2723 2325 unus
2744 2265 2932 2326 homo
2982 2267 3147 2346 cogit
3174 2267 3373 2328 alium
3398 2287 3504 2348 per
3528 2287 3731 2348 poenam

2212 2355 2289 2416 ad
2311 2357 2714 2435 peccandum,
2765 2364 2829 2420 et
2848 2359 2988 2421 ideo
3016 2359 3092 2420 de
3133 2359 3257 2421 boc
3286 2362 3503 2424 timore
3526 2361 3727 2436 dicitur,

2212 2450 2431 2513 Mattb.
2477 2453 2575 2524 10,
2602 2457 2663 2512 et
2690 2453 2869 2514 Lucoe
2918 2456 3027 2515 12:
3066 2451 3280 2518 Nolite
3320 2453 3523 2520 timore
3544 2474 3626 2520 eos
3652 2456 3731 2537 qui

2214 2543 2484 2607 occidunt
2515 2562 2768 2626 corpus;
2793 2545 2932 2607 ideo
2958 2545 3146 2608 etiam
3170 2548 3357 2610 divus
3386 2549 3593 2612 Thom.
3614 2551 3663 2610 2.
3682 2553 3727 2624 2,

2219 2641 2433 2714 quaest.
2470 2639 2569 2714 19,
2596 2645 2711 2698 art.
2742 2641 2800 2714 3,
2837 2639 2987 2705 dicit
3030 2639 3197 2701 hunc
3224 2643 3510 2704 timorem
3536 2661 3731 2722 semper

2215 2745 2347 2790 esse
2386 2730 2644 2806 malum,
2678 2731 2825 2810 quia
2852 2733 3122 2794 nascitur
3170 2752 3251 2795 ex
3275 2753 3484 2796 amore
3514 2733 3731 2798 munda-

2216 2840 2321 2898 no,
2351 2825 2458 2904 qui
2506 2829 2600 2886 est
2626 2824 2955 2888 intrinsece
3006 2827 3231 2903 malus,
3263 2829 3411 2910 quia
3464 2829 3733 2890 constituit
3825 2869 3826 2872 =

2216 2915 2405 2979 finem
2458 2917 2750 2980 ultimum
2794 2920 2861 2980 in
2912 2928 3191 2982 creatura
3238 2929 3477 2988 amata:
3528 2923 3671 2984 unde
3704 2923 3725 2984 1

2213 3011 2437 3071 Joann.
2466 3012 2529 3072 2:
2565 3011 2683 3086 Qui
2708 3011 2916 3094 diliyit
2932 3017 3248 3092 mundum,
3280 3033 3399 3078 non
3426 3021 3611 3080 manet
3624 3017 3730 3080 clm·

2212 3104 2375 3166 ritas
2402 3105 2519 3167 Dei
2540 3106 2605 3166 in
2628 3123 2690 3168 eo
2706 3130 2731 3176 ,·
2753 3113 2936 3187 atque
2964 3108 3129 3168 idem
3155 3109 3427 3170 sumitur
3450 3126 3523 3172 ex
3546 3109 3729 3170 Joaun.

2214 3214 2349 3277 cap.
2378 3198 2484 3258 12:
2513 3198 2776 3280 Propter
2806 3199 3153 3266 Pharisoeos
3186 3221 3311 3266 non
3331 3204 3730 3284 confitebantur,

2213 3307 2287 3353 ue
2305 3295 2483 3354 extra
2510 3309 2852 3376 synaqoyas
2880 3293 3281 3374 eJicerontur;
3302 3295 3472 3358 Isaiae
3489 3297 3551 3356 51
3574 3313 3587 3354 :
3615 3293 3731 3368 Quis

2216 3389 2283 3448 lu
2317 3391 2387 3448 ut
2416 3386 2653 3448 timeres
2700 3386 2772 3450 ab
2805 3387 3034 3450 homine
3056 3387 3315 3453 mortali
3330 3391 3359 3450 ἓ
3386 3398 3445 3452 et
3472 3407 3542 3452 ex
3580 3390 3733 3452 Patri·

2214 3476 2351 3551 hus,
2370 3478 2773 3556 Nazianzeno,
2802 3485 2955 3541 orat.
2992 3484 3021 3541 1
3052 3479 3129 3542 de
3170 3481 3329 3544 Pace
3345 3498 3365 3562 5
3396 3481 3621 3557 Basilio,
3648 3481 3732 3542 ho-

2214 3571 2345 3633 mil.
2396 3571 2465 3632 in
2504 3572 2731 3633 Psalm.
2781 3573 2891 3650 33;
2939 3574 3313 3653 Augustino,
3360 3595 3536 3666 serm.
3573 3577 3637 3637 ¹8
3673 3573 3733 3636 de

2218 3665 2433 3728 Verbis
2473 3666 2714 3746 Apost.,
2742 3686 2797 3729 c.
2831 3671 2909 3744 53
2954 3668 3311 3748 Ambrosio,
3342 3671 3408 3734 iu
3438 3691 3487 3732 c.
3520 3673 3733 3750 21Apo·

2216 3757 2357 3832 cal„
2390 3757 2706 3837 aliquanto
2744 3765 2881 3839 post
2900 3761 3173 3835 initium,
3200 3761 3304 3826 vel
3341 3765 3731 3842 cujuscumque

2214 3851 2441 3912 veteris
2474 3852 2668 3912 Patris
2706 3853 2787 3912 sit
2814 3871 3005 3933 opus;
3047 3853 3370 3934 Origenes,
3397 3854 3595 3916 homil.
3622 3857 3655 3916 9
3678 3853 3730 3912 in

2217 3944 2323 4007 lib.
2355 3945 2670 4022 Judicum,
2702 3951 2765 4008 et
2788 3945 2931 4022 alii3
2965 3953 3025 4008 et
3044 3946 3160 4010 hac
3181 3951 3425 4012 ratione
3450 3947 3731 4030 exponitur

2217 4039 2373 4100 illud
2407 4043 2433 4100 1
2460 4040 2639 4102 Joan.
2674 4041 2753 4101 ιε
2785 4041 3075 4119 Perfecta
3102 4041 3380 4108 charitas
3396 4045 3556 4122 soros
3574 4038 3728 4102 mittit

2219 4133 2515 4197 timorem.

2301 4229 2363 4290 2.
2404 4227 2663 4296 Notatio
2688 4227 3001 4308 explicans
3030 4227 3311 4310 proxime
3342 4228 3517 4292 dicta.
3545 4259 3611 4271 --
3633 4221 3725 4286 Sed

2219 4319 2664 4384 advertendum
2692 4327 2784 4382 est
2808 4321 2927 4382 hoc
2950 4318 3214 4399 intelligi
3238 4321 3420 4401 juxta
3440 4321 3725 4402 figorosam

2217 4413 2731 4494 significationem
2771 4413 3009 4475 timoris
3048 4413 3148 4474 vel
3175 4415 3409 4476 amoris
3436 4411 3721 4476 mundani:

2218 4525 2364 4571 nam
2386 4506 2437 4568 si
2466 4505 2742 4568 absolute
2764 4505 3093 4587 loquamur
3110 4507 3185 4568 de
3212 4508 3436 4570 timore
3456 4503 3589 4568 mali
3608 4511 3728 4566 tem·

2218 4600 2465 4680 poralis,
2512 4601 2672 4662 sicut
2706 4618 2881 4662 amor
2928 4601 3145 4661 talium
3174 4599 3481 4662 bonorum
3515 4617 3624 4660 non
3658 4599 3727 4658 est

2216 4693 2544 4756 intrinsece
2589 4693 2813 4770 maluS,
2856 4694 2963 4756 sed
2992 4713 3070 4755 ex
3110 4693 3354 4773 objecto
3395 4691 3725 4763 indifferens,

2218 4787 2501 4868 quamvis
2543 4805 2618 4848 ex
2664 4785 2788 4849 fine
2816 4786 2912 4849 vel
2956 4787 3141 4850 modo
3166 4789 3355 4867 possit
3382 4785 3511 4848 fieri
3542 4784 3723 4856 malus,

2220 4881 2309 4940 ita
2348 4887 2411 4942 et
2442 4880 2631 4942 timor
2670 4880 2896 4960 poterit
2934 4899 3065 4942 esse
3108 4879 3353 4942 veniale
3382 4879 3479 4942 vel
3514 4871 3728 4940 mortale

2220 4978 2561 5056 peccatum,
2588 4972 2837 5052 quando
2863 4971 2942 5034 ad
2965 4973 3099 5034 haec
3123 4972 3403 5046 iuducet;
3430 4969 3581 5032 unde
3602 4969 3731 5029 sicut

2220 5085 2397 5128 amor
2427 5066 2627 5128 malus
2657 5065 3011 5146 temporalis
3049 5083 3175 5128 non
3208 5063 3518 5128 constituit
3540 5060 3732 5144 specia-

2221 5159 2343 5222 lem
2370 5159 2635 5240 speciem
2663 5157 2821 5230 vitii,
2850 5159 2957 5220 sed
2986 5159 3357 5238 generaliter
3379 5163 3622 5237 vagatur
3644 5169 3733 5232 per

2221 5255 2434 5313 omnia
2456 5251 2627 5328 vitia,
2654 5251 2743 5312 ita
2768 5251 3306 5332 proportionaliter
3330 5249 3511 5314 timor
3536 5256 3732 5326 tempo-

2222 5345 2368 5410 ralis
2394 5344 2670 5407 absolute
2698 5351 3022 5425 spectatus.

2303 5441 2362 5500 3.
2408 5437 2691 5502 Secunda
2716 5438 2937 5501 divisio
2966 5437 3579 5502 cintoria—Secunda
3604 5427 3731 5492 divi·
