3900 6217
533 372 655 432 070

490 530 505 539 ,
530 473 908 555 impossibile
952 491 1085 535 esse
1136 473 1377 535 ratione
1423 475 1693 536 naturali
1744 476 2102 553 persuaderi

532 569 861 630 inimicum
902 584 1035 629 esse
1062 584 1140 626 ex
1175 574 1480 646 praecepto
1507 568 1916 647 diligendum,
1956 569 2102 648 quia

532 662 707 723 nulla
733 663 891 721 ratio
928 659 1073 720 boni
1091 705 1110 735 ,
1161 678 1299 737 quae
1348 661 1427 720 sit
1468 662 1771 721 naturalis
1791 705 1812 735 ,
1846 668 2104 741 apparet

529 754 597 815 in
631 753 741 813 tali
790 753 1046 831 objecto.
1082 753 1313 815 Deinde
1346 754 1659 814 difficilius
1688 754 1749 813 id
1794 760 1885 814 est
1911 772 2098 832 quam

532 854 603 907 ut
632 847 821 926 possit
845 862 955 925 per
978 851 1265 907 naturam
1294 846 1540 926 perfici;
1576 853 1668 907 est
1690 848 1856 907 enim
1898 845 2101 907 heroi-

530 958 617 1001 coe
648 941 919 1014 virtutiS,
952 947 1023 1000 ut
1052 940 1143 999 ait
1169 940 1574 1018 Augustinus,
1608 958 1793 1001 serm.
1828 942 1867 1001 6
1897 942 2014 1001 819
2033 941 2101 1001 in

532 1032 755 1094 Psalm.
807 1033 942 1093 118.
988 1032 1080 1093 Ad
1134 1034 1406 1111 primum
1454 1034 1811 1111 negandum
1860 1039 1951 1094 est
2005 1052 2103 1094 as-

530 1131 888 1204 sumptum;
914 1125 1046 1205 ipsa
1074 1126 1239 1186 enim
1270 1126 1547 1187 humana
1584 1133 1806 1187 natura
1834 1132 1929 1187 est
1963 1126 2090 1187 suf-

527 1218 739 1278 ficiens
776 1210 935 1278 111116
964 1218 1265 1296 diligendi
1274 1235 1295 1295 3
1328 1219 1551 1279 deinde
1581 1219 1771 1279 etiam
1798 1220 1984 1294 Deua,
2022 1225 2092 1281 ut

528 1317 623 1373 est
646 1317 860 1372 auctor
886 1316 1146 1374 naturae.
1170 1313 1265 1373 Ad
1294 1313 1660 1388 secundum,
1684 1331 1859 1392 posse
1886 1313 2090 1374 homi-

526 1423 671 1466 nem
696 1422 805 1484 per
830 1405 993 1465 vires
1028 1412 1262 1466 naturae
1290 1424 1537 1467 servare
1568 1407 1684 1467 hoc
1713 1413 2088 1485 praeceptum

527 1498 737 1577 aliquo
775 1498 960 1558 modo
1008 1498 1071 1558 in
1116 1499 1332 1560 ordine
1373 1500 1451 1559 ad
1484 1498 1671 1560 finem
1710 1500 2086 1575 naturalem,

528 1591 811 1669 quamvis
848 1597 1199 1651 constanter
1253 1610 1499 1653 servare
1548 1592 1667 1653 hoc
1712 1598 2090 1672 praeceptum

525 1684 632 1743 vix
682 1689 792 1744 aut
838 1701 1161 1762 nunquam
1218 1684 1351 1746 sine
1380 1686 1629 1764 speciali
1674 1685 1909 1747 auxilio
1952 1683 2091 1746 fieri

531 1776 759 1857 possit;
820 1776 938 1836 hoc
975 1783 1185 1839 tamen
1234 1795 1565 1839 commuue
1620 1784 1713 1840 est
1762 1797 1904 1839 cum
1955 1778 2094 1841 aliis

524 1871 865 1948 proeceptis.
901 1870 1092 1947 (Vide
1135 1870 1178 1930 l.
1230 1870 1307 1930 10
1334 1870 1412 1930 de
1434 1870 1673 1949 Legib„
1705 1890 1761 1931 c.
1794 1873 1897 1945 21,
1928 1890 1996 1933 n.
2030 1872 2090 1947 ὃ,

529 1962 661 2024 etl.
699 1969 728 2023 1
763 1963 838 2024 de
863 1962 1058 2038 Grat.,
1093 1964 1431 2041 praesertim
1460 1984 1514 2024 1.
1541 1966 1683 2041 26.)

607 2058 665 2118 5.
721 2054 1065 2119 Secundum
1094 2056 1483 2119 corollarium
1529 2082 1553 2117 .·
1587 2062 1951 2137 proeoeptwm
1999 2060 2094 2121 di-

526 2150 754 2231 liqendi
790 2151 1067 2213 inimicos
1114 2151 1240 2223 fait
1284 2148 1464 2214 etiam
1503 2148 1571 2211 in
1621 2152 1744 2232 leffe
1773 2152 1980 2215 veteri.
2011 2182 2095 2199 —-

522 2244 801 2305 Secundo
834 2288 849 2315 ‚
916 2242 1227 2321 colligitur
1284 2242 1402 2305 1108
1476 2250 1849 2322 praeceptum
1897 2243 2090 2307 fuisse

523 2338 711 2398 etiam
739 2337 806 2395 iu
830 2336 969 2413 lege
992 2336 1213 2408 veteri;
1246 2344 1553 2415 praecepta
1581 2336 1748 2397 enim
1778 2336 2086 2398 naturalia

522 2436 667 2490 sunt
702 2430 1059 2490 communia
1086 2430 1259 2491 omni
1296 2429 1443 2509 legi,
1470 2437 1541 2491 ut.
1568 2430 1789 2510 probat
1812 2429 1935 2491 late
1964 2430 2086 2490 Au-

521 2525 829 2602 gustinus,
879 2542 1146 2585 sermon.
1196 2524 1311 2585 168
1356 2524 1433 2585 de
1478 2526 1799 2603 Tempore.
1852 2523 2028 2584 Dices
2065 2541 2082 2584 :

525 2617 799 2678 Christus
848 2621 1025 2677 vocat
1076 2616 1191 2677 hoc
1236 2624 1609 2696 proeceptum
1648 2635 1827 2677 suum
1844 2662 1865 2692 ,
1908 2616 2084 2695 quasi

528 2728 799 2789 eousque
828 2727 1149 2789 nunquam
1202 2710 1584 2789 impositum,
1608 2709 1877 2772 Matthaei
1903 2710 2086 2788 quin-

525 2807 589 2862 to
624 2820 640 2863 ε
671 2803 809 2885 Ego
854 2809 1051 2867 autem
1096 2804 1225 2867 dico
1271 2802 1467 2865 vobis:
1503 2803 1760 2884 Diliyite
1806 2804 2090 2865 inimicos

524 2900 776 2970 testo-oa,
816 2904 929 2957 etc.
974 2896 1398 2976 Respondetur
1428 2898 1517 2957 ita
1554 2896 1757 2975 loqui,
1792 2903 1863 2956 ut
1894 2896 2088 2975 expli-

522 2996 619 3050 cet
660 2990 1088 3051 necessitatem
1139 2996 1201 3051 et
1245 2989 1711 3068 obligationem,
1768 3008 1891 3069 qua
1954 3006 2084 3051 ma-

521 3084 689 3143 xime
713 3084 1079 3145 tenebamur
1105 3083 1183 3144 de
1232 3082 1419 3161 hujus
1474 3083 1763 3161 proeeepti
1803 3082 2086 3143 observa-

522 3179 713 3238 tione.
764 3178 917 3238 Item
957 3178 1103 3256 quia
1148 3176 1471 3237 renovavit
1520 3182 1895 3255 praeceptum
1952 3177 2085 3254 jam

522 3270 881 3329 extinctum.
916 3270 1033 3331 Sed
1065 3276 1317 3331 contra:
1350 3286 1495 3329 nam
1526 3271 1655 3348 ipse
1688 3268 1876 3330 refert
1901 3268 2086 3329 fuisse

521 3363 754 3423 dietum
780 3364 845 3424 in
867 3364 1003 3444 lege
1026 3366 1221 3426 veteri
1252 3380 1270 3423 τ
1308 3363 1453 3426 odio
1482 3363 1714 3426 habebis
1737 3362 2076 3425 inimicum.

523 3456 951 3535 Respondetur
996 3457 1151 3519 illud
1189 3456 1449 3518 verbum
1502 3474 1627 3517 non
1665 3455 1951 3517 habuisse
1995 3456 2084 3517 le-

521 3568 663 3628 gem
698 3558 993 3627 veterem,
1030 3550 1133 3611 sed
1161 3550 1351 3611 fuisse
1378 3550 1595 3610 falsam
1636 3550 2082 3610 Pharisaeorum

518 3641 920 3706 additionem.
962 3644 1117 3703 Nam
1162 3644 1309 3721 quia
1362 3643 1585 3717 Levit„
1630 3642 1866 3703 decimo
1918 3660 2086 3703 110110

519 3736 747 3797 dicitur
778 3754 797 3798 ε
840 3736 1081 3819 Diliyes
1116 3738 1376 3800 amioum
1411 3741 1584 3799 tuum
1620 3736 1777 3799 sicia
1802 3737 2085 3816 teipsum,

518 3828 667 3889 iude
708 3846 747 3889 a
794 3829 1102 3890 contrario
1151 3848 1335 3890 sensu
1370 3828 1527 3890 falso
1571 3827 1925 3891 inferebant
1969 3830 2089 3889 ini-

519 3921 753 3982 micum
797 3940 927 3983 esse
974 3922 1117 3983 odio
1161 3922 1539 3984 habendum.

600 4016 659 4075 6.
712 4012 956 4088 &cando
1004 4020 1062 4079 et
1102 4016 1384 4095 quomodo
1444 4016 1661 4099 oblique-t
1718 4022 2089 4098 proeceptum

517 4107 809 4191 diziyemli
852 4109 1153 4172 inimicos.
1209 4140 1293 4155 --
1348 4110 1639 4189 Sequitur
1704 4126 2088 4189 exponamus

522 4202 775 4283 quando
826 4209 889 4263 et
948 4202 1256 4281 quomodo
1306 4202 1559 4280 obliget.
1614 4202 2084 4282 Respondetur:

518 4312 631 4377 per
668 4312 733 4355 se
771 4293 1105 4373 loquendo,
1135 4295 1338 4355 solum
1374 4294 1726 4373 obligamur
1752 4293 1833 4354 ad
1863 4312 2086 4355 aman·-

518 4388 669 4447 dum
694 4386 1041 4463 inimicum,
1074 4406 1147 4449 eo
1176 4395 1451 4468 tempore
1479 4394 1541 4448 et
1568 4388 1753 4447 modo
1780 4404 1903 4465 quo
1932 4386 2086 4449 alios

516 4478 819 4541 homines.
854 4481 1030 4542 Unde
1058 4498 1185 4541 non
1226 4488 1513 4543 tenemur
1542 4498 1650 4560 per
1677 4498 1741 4541 se
1762 4480 1840 4539 ad
1870 4498 2086 4541 amau—

521 4571 696 4647 dum,
730 4572 828 4633 vel
856 4572 1279 4635 exhibendum
1318 4576 1497 4652 signa
1518 4573 1837 4648 amicitiae,
1873 4572 1996 4633 nisi
2015 4574 2084 4633 in

516 4682 592 4725 eo
624 4666 999 4727 necessitatis
1024 4666 1315 4743 articulo,
1336 4685 1460 4745 quo
1486 4667 1651 4728 circa
1676 4666 1873 4727 alium
1897 4688 1914 4741 3
1942 4666 2083 4727 nul-

514 4756 577 4818 la
606 4758 773 4819 enim
816 4760 975 4821 ratio
1004 4762 1174 4838 cogit
1198 4760 1279 4821 ad
1326 4760 1525 4838 magis
1552 4760 1935 4838 diligendum
1965 4760 2088 4821 ini-

514 4852 772 4911 micum.
809 4852 957 4913 Dico
972 4870 1088 4933 per
1118 4870 1205 4929 so,
1237 4870 1387 4913 nam
1417 4871 1528 4932 per
1572 4853 1853 4915 accidens
1885 4857 2085 4932 potest

516 4944 669 5005 oriri
696 4948 897 5024 major
926 4944 1222 5024 obligatio
1244 4945 1325 5007 ad
1346 4944 1669 5005 vitandum
1694 4944 2080 5021 scandalum,

515 5035 617 5097 vel
644 5037 771 5097 odii
796 5038 1343 5117 significationem.
1384 5038 1473 5099 lta
1498 5038 1680 5098 divus
1712 5038 1980 5099 Thomas
2018 5038 2081 5097 2.

516 5131 579 5203 2,
604 5148 665 5209 q.
699 5132 803 5207 25,
822 5144 943 5193 art.
974 5134 1015 5193 8
1041 5133 1161 5193 819
1182 5148 1202 5209 ;
1224 5132 1515 5211 sylvest„
1541 5130 1731 5192 verbo
1756 5129 2084 5205 Charitas,-

516 5222 773 5300 Navar„
802 5242 935 5304 cap.
968 5226 1071 5300 24,
1102 5242 1279 5285 num.
1312 5224 1413 5285 75.

598 5319 659 5377 7.
704 5318 989 5381 Primum
1030 5320 1489 5381 consectarium.
1518 5350 1597 5363 —
1638 5318 1753 5392 Qui
1784 5318 2087 5397 colligunt

517 5414 742 5491 primo,
800 5430 931 5473 esse
974 5419 1292 5491 peccatum
1339 5412 1599 5473 mortale
1642 5430 1716 5471 ex
1770 5430 1996 5490 genere
2045 5430 2086 5475 a

517 5505 954 5569 communibus
993 5505 1397 5582 orationibuS,
1428 5511 1541 5569 aut
1583 5504 1895 5569 beneflciis
1914 5550 1935 5583 ,
1979 5512 2085 5569 aut

1508 374 1743 429 msruT.
1783 375 1842 428 V.
1878 374 1960 428 DE
1992 374 2345 429 PRAECEPTIS
2379 374 2764 429 CHARnATtS.

2180 477 2516 551 desider-iia,
2573 475 2858 549 auxilii5‚
2903 481 3014 536 aut
3061 473 3249 554 signis
3289 475 3691 545 benevolentiae

2179 571 2503 631 inimicum
2535 569 2848 648 excipere3
2876 568 3024 647 quia
3050 568 3358 629 moraliter
3385 570 3514 631 talis
3541 590 3692 635 exce-

2179 664 2309 743 ptio
2365 670 2456 723 est
2503 663 2754 739 siguum
2799 661 2968 736 odii,
3011 667 3073 722 et
3131 662 3354 724 excitat
3417 662 3592 723 alium
3629 668 3694 727 ad

2181 757 2416 817 odium.
2451 755 2624 816 Unde
2665 756 2825 835 parit
2856 754 3213 815 scandalum
3235 800 3252 827 ‚
3285 761 3345 815 et
3381 756 3692 821 animarum

2181 849 2586 927 divisionem3
2633 857 2696 911 et
2737 855 2831 910 est
2871 848 3192 926 injuriosa,
3243 866 3384 909 nam
3429 852 3694 929 excipitur

2180 944 2497 1023 proximus
2551 950 2850 1021 tanquam
2901 941 3224 1019 indignior
3278 942 3444 1014 aliis;
3491 948 3548 1001 et
3597 944 3694 1005 hoc

2180 1034 2366 1095 modo
2405 1034 2556 1095 dicit
2609 1034 3078 1113 Chrysostomus
3102 1080 3122 1109 ,
3169 1033 3384 1095 homil.
3417 1041 3698 1115 septuage-

2172 1127 2331 1187 sima
2377 1128 2582 1205 prima
2613 1128 2696 1187 ad
2726 1126 3052 1207 Populum,
3087 1132 3150 1186 et
3195 1126 3413 1188 homil.
3463 1134 3617 1188 sexta
3641 1130 3696 1191 in

2175 1223 2206 1282 1
2241 1222 2320 1283 ad
2348 1219 2786 1294 Timothoeum,
2829 1225 2892 1280 et
2929 1218 3098 1279 -libro
3135 1218 3212 1279 de
3252 1218 3698 1297 Compunctione

2171 1316 2394 1391 cordis,
2422 1332 2548 1376 esse
2577 1313 2754 1375 nobis
2794 1319 3177 1393 praeceptum
3219 1312 3522 1376 beneficiis
3575 1334 3696 1393 pro-

2171 1410 2369 1488 sequi,
2399 1413 2462 1471 et
2515 1426 2692 1469 orare
2743 1426 2856 1487 pro
2903 1408 3193 1469 inimicis
3227 1407 3442 1469 Dices:
3487 1425 3602 1471 non
3623 1416 3696 1471 te·

2171 1520 2326 1562 neor
2359 1519 2560 1576 orare,
2593 1501 2694 1563 vel
2737 1501 2940 1561 facere
2977 1499 3268 1563 omuibus
3311 1499 3690 1577 beneficium3

2171 1612 2321 1673 ergo
2363 1613 2612 1673 possum
2689 1594 2970 1673 excipere
3023 1610 3210 1671 quem
3261 1592 3525 1653 voluero.
3575 1593 3693 1655 Res-

2173 1688 2482 1767 pondetur
2509 1708 2586 1749 ex
2615 1689 2683 1749 D.
2725 1688 2966 1749 Thoma
3006 1689 3066 1748 Ξ.
3101 1688 3178 1761 2,
3213 1693 3426 1764 quaest.
3458 1687 3550 1759 83,
3595 1694 3690 1747 art.

2175 1783 2212 1843 3
2234 1829 2255 1859 ,
2306 1782 2623 1843 interdum
2673 1780 3036 1860 simpliciter
3081 1798 3210 1840 non
3263 1780 3453 1841 teneri
3500 1797 3600 1841 nos
3633 1782 3693 1843 ad

2174 1876 2407 1955 aliquid
2447 1875 2845 1951 faciendum3
2877 1874 2931 1933 si
2967 1879 3180 1935 tamen
3210 1872 3468 1935 facimus
3489 1918 3506 1945 ,
3557 1878 3697 1934 tene-

2173 1988 2318 2031 mur
2355 1966 2563 2029 debito
2592 1969 2810 2029 ordine
2857 1972 2920 2027 et
2957 1966 3143 2027 modo
3190 1965 3422 2041 faeere3
3463 1972 3528 2025 ut
3567 1985 3696 2044 saepe

2175 2080 2301 2123 non
2325 2062 2554 2123 teneris
2583 2079 2782 2135 orare,
2815 2060 2947 2136 sed,
2979 2060 3032 2120 si
3059 2078 3222 2133 oras,
3245 2059 3471 2122 teneris
3497 2066 3698 2121 attente

2173 2173 2346 2217 orare
2374 2172 2395 2232 3
2434 2156 2522 2215 ita
2567 2173 2718 2234 ergo
2760 2155 2827 2215 in
2879 2154 3213 2233 proposito.

2253 2251 2311 2310 8.
2363 2248 2708 2312 Secundum
2744 2244 3180 2312 consectarium
3213 2278 3296 2293 -·-
3325 2246 3585 2307 Secundo
3619 2249 3695 2309 in·

2167 2344 2388 2417 fertur,
2421 2342 2666 2403 etiamsi
2693 2359 2819 2402 non
2871 2346 3201 2411 teneamur
3243 2339 3585 2418 simpliciter
3621 2358 3697 2401 sa·

2167 2436 2368 2497 lutare
2440 2435 2764 2495 inimicum
2801 2481 2822 2510 ,
2895 2433 3099 2495 teneri
3153 2440 3370 2493 tamen
3431 2432 3506 2493 ad
3565 2452 3697 2493 resa-

2166 2528 2516 2591 lutandum.
2583 2528 2810 2589 Prioris
2881 2528 3040 2589 ratio
3103 2532 3198 2587 est
3221 2572 3244 2601 ,
3300 2526 3444 2605 quia
3509 2526 3699 2587 saluta·

2165 2625 2254 2684 tio
2299 2629 2391 2683 est
2429 2622 2693 2702 speciale
2739 2624 2988 2699 signum
3043 2618 3490 2683 benevolentiae
3512 2664 3529 2694 ,
3565 2620 3698 2699 quod

2169 2736 2302 2777 nou
2333 2724 2550 2777 teneor
2580 2735 2693 2796 per
2723 2733 2786 2776 se
2820 2715 3128 2794 loquendo
3175 2714 3367 2790 dare3
3412 2732 3572 2775 secus
3611 2732 3698 2792 per

2168 2809 2473 2883 accidens,
2505 2808 2604 2869 vel
2635 2812 2872 2869 ratione
2903 2808 3179 2870 scandali
3201 2853 3222 2883 ,
3253 2806 3350 2868 vel
3384 2806 3436 2867 si
3461 2824 3699 2867 necessa·

2167 2903 2332 2963 rium
2377 2902 2762 2980 judicaretur
2805 2901 2883 2963 ad
2927 2900 3371 2979 deponendum
3424 2900 3698 2959 internum

2168 2995 2410 3071 odium,
2452 2994 2550 3056 vel
2599 3000 2766 3056 certe
2831 2994 2907 3054 ad
2961 2992 3338 3073 placandum
3381 2991 3696 3067 inimicum,

2165 3094 2228 3147 et
2267 3086 2660 3149 efficiendum
2703 3095 2776 3149 ut
2820 3088 2950 3167 ipse
2989 3086 3262 3165 deponat
3297 3084 3540 3155 odium;
3579 3100 3698 3143 nam

2164 3198 2278 3262 pro
2339 3180 2538 3242 salute
2589 3181 2726 3260 ejus
2781 3180 3096 3241 interdum
3145 3178 3265 3239 hoc
3327 3177 3521 3239 fucere
3558 3184 3700 3239 tene·

2167 3290 2330 3335 mur.
2361 3274 2516 3333 Vide
2565 3274 2952 3353 Cajetauum,
2985 3270 3266 3333 Matthaei
3313 3270 3520 3350 quinto
3540 3315 3557 3346 ,
3594 3270 3694 3329 ibi:

2161 3367 2320 3431 Esto
2347 3370 2718 3431 consentiens
2746 3366 3094 3431 adversario
3123 3370 3252 3427 tuo.
3287 3362 3556 3427 Secunda
3585 3381 3699 3443 pars

2161 3460 2430 3521 sumitur
2477 3478 2554 3521 ex
2592 3459 2738 3521 divo
2775 3459 3036 3531 Thema,
3067 3465 3130 3519 et
3181 3458 3470 3535 Caietano
3497 3470 3696 3534 supra3

2163 3554 2501 3632 Sylvestro,
2533 3552 2724 3615 verbo
2771 3550 3056 3615 Charitas
3081 3596 3102 3626 ,
3151 3550 3489 3629 quaestione
3527 3554 3690 3609 sexta.

2169 3648 2246 3706 Et
2271 3648 2406 3724 ejus
2443 3645 2604 3707 ratio
2631 3652 2746 3721 est,
2781 3646 2932 3725 quia
2975 3644 3320 3717 moraliter,
3355 3643 3476 3703 imo
3505 3660 3572 3701 ex
3609 3658 3696 3701 na-

2168 3744 2310 3799 tura
2337 3742 2426 3799 rei
2455 3737 2614 3799 illud
2643 3744 2734 3799 est
2761 3739 3012 3817 signum
3055 3737 3207 3813 odii,
3239 3736 3406 3799 unde
3433 3737 3506 3798 de
3529 3754 3586 3797 se
3613 3752 3698 3813 ge-

2168 3837 2347 3893 nerat
2389 3830 2788 3906 scandalum,
2839 3836 2900 3891 et
2953 3830 3170 3892 odium
3223 3832 3292 3891 in
3333 3830 3472 3891 alio.
3503 3829 3694 3896 Dices:

2113 3957 2116 3960 ·
2167 3941 2298 3986 nou
2341 3929 2558 3985 teneor
2607 3942 2685 3985 ex
2737 3924 3040 3985 charitate
3091 3922 3434 3988 resalutare
3483 3938 3698 3983 omnem

2164 4016 2564 4093 salutantem,
2607 4020 2765 4079 sicut
2811 4036 2925 4082 1188
2983 4018 3362 4097 respondere
3417 4016 3575 4079 omni
3628 4013 3697 4072 lo-

2169 4111 2412 4189 quenti.
2443 4110 2874 4191 Respondetur
2901 4112 3088 4173 etiam
3120 4110 3324 4173 teneri
3363 4127 3436 4171 ex
3464 4106 3694 4188 quadam

2170 4202 2547 4279 urbanitate,
2579 4204 2887 4283 quamvis,
2917 4206 2969 4265 si
3013 4204 3328 4278 omittam,
3371 4201 3560 4263 solum
3599 4198 3694 4259 erit

2167 4294 2434 4370 veniale,
2471 4313 2602 4357 non
2627 4294 2798 4357 enim
2831 4300 2924 4356 est
2963 4294 3174 4373 gravis
3221 4294 3393 4358 laesio
3419 4290 3694 4353 charitatis

2165 4404 2276 4467 per
2317 4405 2422 4461 se;
2475 4395 2689 4452 tamen
2729 4396 3012 4468 respectu
3050 4389 3312 4461 inimici,
3357 4388 3496 4467 quia
3521 4385 3609 4445 hic
3645 4388 3694 4443 et

2163 4498 2358 4559 nunc,
2387 4483 2662 4561 pensatis
2707 4482 2998 4545 omnibus
3052 4480 3524 4543 circumstantiis
3547 4525 3564 4555 ,
3607 4476 3694 4537 illa

2166 4575 2412 4635 omissio
2441 4580 2534 4635 est
2577 4574 2988 4655 significativa
3015 4576 3188 4649 odii,
3230 4575 3372 4635 ideo
3403 4591 3476 4635 ex
3501 4588 3692 4650 genere

2164 4685 2278 4727 suo
2305 4669 2558 4750 gra-vius
2589 4673 2684 4730 est
2707 4674 3054 4748 peecatum,
3107 4674 3170 4729 et
3209 4672 3426 4728 contra
3466 4664 3692 4725 charita-

2163 4766 2314 4838 tem,
2357 4762 2643 4841 quamvis
2697 4763 2763 4823 in
2803 4762 3126 4835 individuo
3167 4780 3330 4841 saepe
3370 4761 3548 4841 possit
3587 4772 3690 4816 esse

2163 4854 2408 4915 veniale
2428 4900 2448 4930 ,
2501 4862 2738 4919 attenta
2803 4855 3154 4917 conditione
3197 4867 3586 4935 personarum
3641 4852 3690 4907 et

2164 4946 2792 5009 circumstantiarum.

2245 5043 2302 5103 9.
2357 5040 2634 5103 Tertium
2673 5039 3423 5105 consectarium—Tertio
3463 5036 3693 5098 infertur

2165 5132 2414 5213 quando
2445 5140 2506 5195 et
2533 5135 2846 5214 quomodo
2887 5140 3174 5195 teneatur
3199 5133 3504 5195 remittere
3548 5128 3689 5206 inju-

2165 5226 2325 5289 riam
2369 5226 2656 5303 iuimico;
2689 5226 2888 5289 multa
2917 5227 3086 5290 enim
3124 5226 3378 5289 nomine
3417 5224 3587 5301 hujus
3610 5236 3690 5279 re·

2163 5319 2474 5381 missionis
2525 5320 2959 5399 intelliguntur
2991 5344 3006 5382 ε
3059 5323 3330 5401 primum
3355 5363 3376 5393 ,
3415 5312 3689 5377 interioris

2162 5414 2290 5474 odii
2335 5413 2636 5493 depositio
2665 5459 2686 5490 ,
2736 5420 2798 5475 et
2819 5414 2954 5486 ,hoc
3000 5415 3184 5477 modo
3232 5429 3468 5492 semper
3509 5413 3590 5469 est
3634 5406 3688 5464 in

2163 5514 2474 5589 praecepto
2505 5508 2640 5569 haec
2663 5509 2967 5585 remissi0,
2988 5509 3172 5587 juxta
3203 5508 3354 5569 illud
3379 5503 3581 5569 Matth.
3609 5504 3681 5561 6:
