3900 6217
548 386 665 449 620

548 503 721 557 actus
773 492 1002 573 quibus
1058 494 1487 571 prosequimur
1542 490 1775 552 bonum
1824 509 2116 571 superna-

548 586 784 663 turale3
828 591 891 647 et
920 584 1033 645 sub
1060 585 1307 660 timore,
1337 604 1554 646 omnes
1591 585 1815 665 quibus
1842 584 2117 663 fugimus

552 680 785 741 malum
818 679 1219 756 contrarium,
1248 679 1374 739 sive
1409 679 1535 738 sint
1557 678 1806 752 amoriS,
1844 680 1973 738 sive
2013 676 2118 737 de-

552 772 785 849 siderii,
819 773 949 832 sive
991 772 1148 845 odii;
1197 790 1322 831 non
1358 770 1523 851 quod
1568 770 1985 832 necessarium
2037 772 2117 830 sit

551 885 794 945 semper
822 884 1037 926 omues
1080 864 1193 924 hos
1242 871 1414 925 actus
1456 884 1761 938 exercere,
1810 864 1916 924 sed
1952 864 2117 943 quod

550 960 777 1039 singuli
809 960 1041 1038 possint
1074 958 1385 1019 interdum
1428 960 1644 1019 cadere
1694 956 1806 1019 sub
1847 977 2116 1037 praecep-

555 1060 683 1113 tum
706 1075 723 1127 ;
766 1052 867 1113 vel
906 1058 1091 1127 certe,
1140 1052 1305 1131 quod
1352 1058 1710 1113 occurrente
1756 1053 2120 1112 necessitate

552 1145 869 1227 praecepti,
900 1165 1045 1220 uno,
1093 1146 1190 1205 vel
1230 1146 1421 1206 altero
1450 1145 1698 1207 illorum
1744 1144 2120 1207 sufficienter

554 1240 999 1302 satisfaciamus
1029 1246 1349 1319 praecepto.
1371 1239 1525 1313 Quia
1548 1257 1693 1299 vero
1716 1240 1971 1300 nomine
1994 1239 2120 1318 spei

555 1335 865 1395 indicatur
904 1332 1116 1392 efficax
1146 1333 1410 1392 intentio
1450 1331 1874 1407 beatitudiniS,
1906 1337 1969 1393 et
2007 1350 2118 1391 no-

554 1429 722 1489 mine
751 1426 990 1489 timoris
1022 1426 1167 1505 fuga
1197 1426 1407 1486 efficax
1450 1444 1649 1505 poenoe
1679 1433 1947 1502 aeternae,
1980 1424 2119 1487 ideo

555 1522 619 1583 in
651 1522 749 1582 his
779 1520 1019 1580 actibus
1045 1519 1391 1599 explicatur
1423 1526 1819 1599 praeceptum.

636 1618 694 1678 5.
745 1613 1021 1677 Tertium
1063 1614 1324 1675 dubium.
1356 1644 1437 1658 —
1474 1614 1704 1689 Tertio,
1750 1613 1873 1692 peti
1919 1617 2120 1691 potest

556 1728 712 1790 quas
735 1728 830 1769 res
855 1725 1099 1787 sperare
1130 1712 1473 1766 teneamur.
1506 1706 1951 1785 Respondetur,
1971 1706 2022 1764 si
2043 1705 2120 1766 de

555 1803 915 1865 necessitate
954 1800 1142 1861 medii
1179 1802 1257 1859 sit
1295 1818 1525 1873 sermo,
1574 1805 1856 1879 oportere
1902 1798 2118 1859 saltem

557 1896 806 1957 confuse
832 1894 1377 1975 sperarealiquam
1407 1892 1880 1954 retributionem
1909 1910 2122 1972 super-

558 1989 927 2059 naturalem,
964 1994 1034 2047 ut
1070 1986 1385 2065 colligitur
1433 2006 1510 2048 ex
1560 1986 1770 2061 Pau10‚
1804 1986 1882 2047 ad
1931 1986 2116 2047 Hebr.

560 2083 637 2143 10
670 2090 731 2144 et
773 2086 868 2143 Η.
923 2082 1071 2142 [tem
1120 2088 1363 2160 oportet
1407 2098 1652 2159 sperare
1692 2080 2120 2141 remissionem

557 2182 970 2256 peccatorum,
1005 2179 1074 2233 ut
1098 2180 1267 2254 patet
1286 2192 1364 2235 ex
1386 2174 1771 2249 TridentinO,
1809 2179 1872 2233 et
1909 2191 1984 2233 ex
2021 2191 2122 2233 su-

556 2269 880 2351 pradictis;
917 2268 1183 2347 denique
1226 2285 1469 2347 sperare
1516 2272 1757 2344 oportet
1820 2266 2123 2345 quidquid

558 2362 971 2423 necessarium
996 2367 1086 2421 est
1115 2361 1192 2420 ad
1223 2360 1484 2421 salutem
1502 2378 1523 2438 3
1556 2359 1661 2419 sed
1690 2359 1767 2419 de
1804 2359 1902 2420 his
1944 2358 2124 2419 bonis

560 2462 760 2535 potest
797 2473 924 2515 esse
968 2453 1269 2534 implicita
1312 2458 1374 2513 et
1416 2452 1706 2533 explicita
1747 2471 1906 2533 speS,
1965 2454 2126 2514 sicut

560 2548 735 2624 fides,
779 2554 848 2609 ut
888 2566 999 2609 suo
1055 2547 1186 2607 loeo
1237 2546 1473 2607 dictum
1516 2555 1625 2609 est.
1680 2546 1855 2607 Unde
1902 2546 2124 2608 eodem

560 2642 744 2703 modo
773 2647 863 2702 est
891 2640 967 2703 de
994 2647 1257 2721 utraque
1287 2639 1691 2719 loquendum,
1724 2640 2124 2721 proportione

560 2742 819 2797 servata.

643 2833 703 2891 6.
750 2830 1048 2905 Quartum
1084 2828 1348 2891 dubium.
1380 2860 1455 2870 —-
1482 2825 1765 2888 Primum
1804 2841 2126 2906 arqumcn-

567 2930 696 2988 tum
718 2942 829 3005 pro
873 2928 1055 3005 parte
1098 2922 1459 3002 affirmante.
1515 2952 1599 2965 —
1642 2919 2010 2982 Secundum.
2044 2950 2126 2964 -

564 3022 862 3086 Tertium.
894 3052 975 3065 —
1014 3020 1266 3094 Quat-tn,
1320 3016 1590 3077 dubitari
1643 3020 1843 3095 potest
1881 3033 1964 3076 an
2009 3014 2127 3075 hoc

560 3121 938 3197 praeceptum
970 3113 1051 3173 sit
1076 3110 1285 3192 aliquo
1314 3108 1497 3170 modo
1525 3107 1829 3173 naturale.
1874 3110 2126 3171 Certum

562 3214 654 3269 est
677 3208 843 3269 enim
870 3211 1242 3285 praeceptum
1271 3203 1411 3277 hoc,
1448 3209 1518 3263 ut
1547 3221 1586 3262 a
1613 3202 1790 3264 nobis
1818 3208 1909 3263 est
1932 3201 2126 3281 expli-

564 3308 793 3375 catum,
821 3298 1179 3379 simpliciter
1207 3315 1337 3358 esse
1365 3294 1832 3376 supernaturale
1856 3293 2123 3368 homini,

565 3393 845 3475 quamvis
880 3393 959 3452 sit
987 3389 1387 3451 connaturale
1413 3390 1648 3468 gratioe,
1677 3393 1927 3469 propter
1958 3387 2122 3467 quod

562 3488 769 3547 locum
824 3484 1043 3544 habuit
1096 3483 1267 3543 omni
1310 3492 1612 3563 tempore,
1658 3482 1847 3542 etiam
1892 3482 1960 3541 iu
1988 3479 2124 3559 lege

559 3586 821 3641 naturae.
883 3576 1147 3637 Dubium
1186 3592 1334 3636 vero
1386 3581 1478 3635 est
1538 3593 1644 3649 an,
1696 3574 2004 3653 loquendo
2046 3574 2124 3635 de

564 3694 720 3753 pura
760 3671 1030 3733 naturali
1072 3671 1333 3746 ratione,
1385 3670 1541 3729 sicut
1587 3667 1898 3748 obligatur
1936 3669 2124 3729 homo

562 3768 642 3827 ad
669 3764 1104 3846 inquirendam
1132 3768 1194 3823 et
1220 3762 1553 3823 tenendam
1584 3780 1794 3822 veram
1830 3762 2128 3841 cognitio·

566 3878 709 3920 nem
739 3860 814 3919 de
841 3876 984 3919 vero
1004 3858 1149 3933 De0,
1171 3862 1232 3916 et
1258 3854 1595 3916 amandum
1626 3854 1819 3915 Deum
1838 3861 1909 3914 ut
1936 3854 2126 3914 finem

566 3958 807 4012 naturae
837 3968 1021 4029 super
1052 3948 1285 4023 omnia,
1310 3950 1397 4008 ita
1428 3948 1736 4026 obligetur
1768 3947 1847 4007 ad
1880 3964 2130 4027 speran-

562 4046 714 4106 dum
753 4044 833 4106 ab
881 4044 988 4104 illo
1043 4043 1289 4121 aliquod
1340 4042 1597 4118 bonum,
1658 4047 1719 4102 et
1776 4039 2127 4102 timendum

566 4137 823 4199 malum.
850 4138 933 4197 De
955 4155 1078 4216 qua
1104 4154 1171 4197 re
1208 4136 1374 4216 apud
1409 4134 1815 4196 Scholasticos
1844 4134 2004 4195 nihil
2033 4134 2127 4193 in-

566 4234 749 4293 venio
795 4250 811 4294 :
860 4232 1142 4293 Clemens
1188 4240 1397 4291 tamen
1450 4229 1927 4304 Alexandrinus,
1989 4229 2032 4289 l.
2087 4229 2128 4289 4

566 4328 822 4404 Strom.,
854 4326 919 4387 in
942 4324 1088 4400 fine,
1116 4325 1245 4388 etl.
1270 4328 1330 4401 5,
1359 4326 1425 4385 in
1452 4325 1751 4405 principio
1757 4370 1777 4401 ,
1800 4324 1991 4385 refert
2019 4340 2128 4382 an·

567 4422 771 4502 tiquos
789 4418 1177 4502 philosophos
1204 4422 1560 4500 cognovisse
1580 4427 1641 4481 et
1670 4418 2128 4479 commendasse

532 4553 535 4557 1
568 4532 741 4595 spem
773 4514 1165 4593 praemiorum
1197 4519 1335 4592 post
1382 4520 1665 4574 mortem.
1714 4505 2128 4573 confirmatur

567 4609 769 4687 primo
788 4629 805 4683 3
868 4625 1015 4667 nam
1080 4611 1371 4666 tenentur
1418 4624 1633 4667 omnes
1689 4604 1825 4684 lege
1888 4609 2126 4665 naturae

569 4700 727 4761 bene
753 4700 977 4760 sentire
1001 4698 1075 4761 de
1101 4698 1313 4759 divina
1347 4698 1755 4779 providentia,
1790 4706 1851 4759 et
1877 4698 1954 4758 ad
1990 4716 2127 4757 eam

566 4799 800 4873 spectat
854 4792 1107 4853 reddere
1170 4792 1388 4852 virtuti
1445 4793 1796 4873 praemium,
1852 4796 1912 4851 et
1962 4791 2129 4851 vitiis

567 4905 855 4967 poenam;
890 4905 1037 4965 ergo
1066 4888 1198 4967 ipsa
1225 4893 1382 4947 ratio
1410 4885 1711 4947 naturalis
1756 4884 1991 4964 obligat
2018 4885 2129 4945 ali-

564 4999 689 5059 quo
726 4982 908 5040 modo
962 4980 1040 5039 ad
1093 4979 1224 5040 haec
1262 4980 1633 5059 sperandum
1660 4986 1721 5039 et
1749 4979 2120 5039 timendum.

571 5072 875 5146 SecundO,
920 5072 1035 5135 hoc
1088 5078 1179 5133 est
1221 5090 1417 5132 unum
1459 5090 1535 5132 ex
1586 5072 1805 5132 mediis
1855 5071 2126 5131 maxime

568 5167 947 5242 necessariis,
996 5173 1057 5226 et
1096 5172 1168 5225 ut
1211 5183 1427 5225 omues
1471 5164 1824 5225 alliciantur
1850 5162 1929 5223 ad
1971 5182 2128 5243 prae-

566 5260 848 5320 standum
870 5259 1105 5319 cultum
1135 5259 1281 5333 De0,
1309 5258 1545 5318 auctori
1570 5264 1837 5334 naturae,
1864 5256 1943 5316 ad
1963 5256 2128 5335 quod

566 5351 701 5430 lege
731 5358 969 5412 naturae
996 5358 1309 5425 tenentur,
1340 5356 1403 5410 ct
1428 5350 1507 5409 ad
1544 5349 1666 5409 alia
1711 5350 1964 5409 vitanda
1990 5366 2128 5428 pec-

566 5452 724 5520 cata,
750 5446 1168 5523 virtutemque
1200 5442 1624 5505 exercendam.
1670 5442 1968 5521 Denique,
2000 5459 2128 5501 non

568 5538 783 5600 dubito
806 5538 957 5618 quin
988 5541 1305 5600 teneretur
1338 5536 1525 5597 homo
1563 5537 1699 5616 lege
1726 5542 1963 5597 naturae
1993 5538 2126 5595 ten-

1230 388 1467 442 DISPUT.
1504 388 1564 441 11.
1601 387 1870 440 MORALIS
1903 388 1985 439 DE
2020 386 2132 438 SPE
2166 388 2509 441 CONTINENS
2543 388 2876 441 SECTIONES
2907 388 3082 442 TRES.

2196 491 2340 581 dere
2369 496 2434 554 in
2463 495 2657 554 Deum
2681 498 2750 553 ut
2775 492 3066 554 ultimum
3097 493 3301 571 finem,
3331 497 3390 559 iu
3419 519 3589 581 eoque
3607 526 3689 585 po-

2197 605 2347 648 nere
2381 606 2551 647 snam
2597 586 3070 662 beatitudinem,
3115 587 3394 669 illamque
3420 594 3691 661 intendere

2197 698 2308 759 per
2334 680 2541 740 debita
2569 681 2795 757 media,
2847 700 2982 761 quae
3011 689 3154 742 sunt
3197 702 3441 747 munera
3474 690 3603 768 spei,
3639 700 3694 753 ut

2199 792 2274 835 ex
2306 792 2490 854 supra
2519 774 2698 834 dictis
2727 780 2915 853 patet.

2281 870 2338 927 7.
2389 867 2668 929 Secunda
2691 868 3094 931 conclusio.—
3112 868 3255 928 Dico
3277 872 3524 931 secundo
3547 892 3561 933 ε
3584 892 3698 937 cum

2197 960 2316 1021 hoc
2345 966 2648 1040 praecepto
2685 960 3056 1022 affirmativo
3086 964 3474 1042 conjunctum
3513 974 3590 1029 est
3615 988 3698 1030 ne-

2200 1055 2478 1131 gativum
2502 1064 2876 1133 praeceptum
2904 1073 3030 1116 non
3047 1057 3360 1115 exercendi
3383 1065 3566 1119 actum
3588 1080 3701 1122 con-

2199 1148 2459 1209 trarium
2521 1148 2671 1227 spei.
2706 1149 2796 1207 Ita
2844 1148 2912 1208 D.
2959 1148 3246 1223 ThornaS,
3299 1150 3476 1211 citata
3514 1171 3566 1231 q.
3617 1156 3698 1229 Ἠ,

2199 1248 2317 1303 art.
2352 1244 2410 1316 1,
2440 1242 2519 1302 ad
2547 1243 2606 1314 3,
2640 1241 2747 1301 ubi
2802 1242 3003 1303 reddit
3044 1240 3371 1317 rationem,
3420 1262 3590 1321 quare
3633 1248 3704 1307 in-

2199 1336 2443 1396 terdum
2475 1335 2608 1396 haee
2647 1336 2938 1413 negativa
2979 1340 3280 1415 praecepta
3319 1354 3438 1396 non
3470 1338 3705 1418 explicite

2203 1430 2558 1505 tradantur3
2585 1430 2734 1509 quia
2761 1428 2870 1489 ubi
2902 1431 3032 1507 ipsa
3057 1428 3428 1488 affirmativa
3455 1440 3707 1511 praecepta

2199 1533 2342 1583 sunt
2370 1528 2434 1582 in
2470 1529 2643 1582 tanta
2671 1522 3068 1601 obligatione,
3091 1528 3160 1581 ut
3191 1539 3298 1601 per
3324 1540 3386 1582 se
3409 1526 3708 1585 contineant

2200 1616 2506 1676 rationem
2531 1616 2746 1690 debiti,
2791 1614 3227 1693 intelliguntur
3248 1633 3358 1694 per
3381 1617 3576 1676 eadem
3601 1636 3708 1697 pro·

2200 1709 2400 1770 hiberi
2433 1710 2644 1769 omnia
2683 1726 2819 1787 quae.
2851 1707 2941 1768 illi
2977 1708 3346 1786 obligationi
3386 1716 3704 1787 repugnant.

2203 1804 2376 1864 Unde
2401 1804 2558 1864 ratio
2583 1795 2989 1863 conclusionis
3019 1810 3133 1876 est,
3165 1802 3312 1881 quia
3338 1820 3539 1862 omnes
3555 1812 3709 1879 actus,

2201 1897 2307 1976 qui
2336 1903 2482 1957 sunt
2519 1894 2811 1956 contrarii
2862 1894 3015 1975 spei,
3057 1901 3204 1955 sunt
3248 1895 3562 1956 intrinsece
3599 1896 3711 1957 mali

2204 1988 2444 2050 malitia
2495 1989 2803 2049 contraria
2849 1989 2979 2067 spei
2993 2010 3010 2063 3
3073 2007 3224 2067 ergo
3265 1988 3548 2068 prohibiti
3595 2008 3714 2069 prae·

2205 2089 2378 2164 cepto
2397 2084 2548 2163 spei,
2569 2084 2755 2161 quod,
2784 2101 2926 2143 cum
2954 2084 3320 2163 negativum
3349 2084 3450 2159 sit,
3471 2102 3572 2163 pro
3591 2102 3713 2144 sem-

2203 2196 2313 2257 per
2335 2177 2592 2257 obligat.

2835 2339 3054 2391 snc'rlo
3089 2340 3150 2391 ll.

2217 2481 2438 2545 Utrum
2460 2480 2792 2560 desperatio
2823 2478 2909 2543 sit
2935 2484 3108 2543 actus
3145 2480 3278 2562 spei
3317 2480 3658 2557 contrarius,
3681 2486 3721 2543 et

2561 2575 2695 2654 ejus
2715 2578 3016 2656 proeoepto
3041 2572 3410 2657 prohibitus.

2286 2743 2342 2800 1.
2391 2740 2612 2802 Prima
2664 2738 2981 2802 conclusio.
3031 2771 3115 2785 -
3148 2736 3444 2819 Almaym'
3476 2738 3726 2821 placitum

2205 2839 2417 2899 contra
2439 2833 2891 2897 conclusionem.
2917 2864 3000 2879 —
3025 2832 3146 2911 ch
3150 2832 3361 2895 icitur.
3385 2868 3464 2877 —-
3483 2834 3613 2893 Dico
3635 2834 3727 2910 pri·

2206 2946 2348 2988 mo:
2398 2927 2741 3005 desperatio
2805 2932 2898 2986 est
2946 2935 3118 2985 actus
3152 2926 3388 2986 directe
3437 2928 3728 2985 contrarius

2205 3020 2353 3100 spei.
2382 3019 2704 3081 Conclusio
2732 3026 2825 3080 est
2869 3018 3247 3091 communis,
3292 3026 3352 3079 et
3393 3019 3621 3087 videtur
3647 3036 3731 3097 per

2207 3133 2269 3174 se
2299 3119 2470 3190 uota,
2504 3114 2729 3194 primo,
2765 3132 2842 3173 ex
2882 3113 3015 3191 ipsa
3067 3112 3519 3191 significatione
3562 3111 3732 3171 termi-

2206 3223 2469 3285 norum3
2521 3206 2811 3281 secundo,
2861 3204 3008 3286 quia
3053 3206 3118 3266 in
3160 3205 3441 3287 appetitu
3487 3205 3732 3265 sensitivo

2207 3318 2344 3380 spes
2367 3305 2428 3361 et
2457 3300 2799 3379 desperatio
2821 3312 2968 3359 sunt
2987 3298 3309 3379 passiones
3329 3298 3650 3371 contrariae,
3678 3305 3732 3353 ut

2204 3396 2374 3473 patet
2401 3411 2479 3453 ex
2506 3396 2563 3453 1.
2597 3394 2659 3467 2,
2687 3397 2898 3470 qnaest.
2933 3392 3034 3465 23,
3059 3397 3176 3450 art.
3210 3392 3274 3465 Ξ,
3319 3398 3381 3451 et
3421 3408 3482 3469 q.
3513 3392 3603 3460 40,
3633 3393 3726 3446 art.

2203 3489 2266 3546 4.
2311 3484 2422 3546 Sed
2459 3485 2864 3545 nihilominus
2891 3483 3278 3544 contrarium
3314 3482 3548 3543 videtur
3578 3480 3736 3541 senti-

2204 3596 2272 3638 re
2301 3578 2662 3657 AlmaynuS,
2689 3577 2754 3636 in
2791 3576 2919 3636 suis
2947 3575 3313 3649 MoralibuS‚
3343 3592 3476 3655 cap.
3510 3574 3578 3633 de
3607 3572 3732 3651 Spe;

2207 3670 2360 3730 dicit
2389 3672 2558 3730 enim
2584 3669 3073 3748 desperationem
3106 3686 3240 3729 esse
3263 3668 3561 3747 judicium
3585 3663 3732 3725 intel-

2208 3765 2422 3839 lectae,
2465 3764 2806 3823 nimirum:
2839 3762 3228 3843 Impossibile
3259 3766 3351 3823 est
3390 3780 3479 3823 mc
3505 3756 3738 3839 consequi

2208 3859 2314 3921 hoc
2337 3858 2569 3931 bonum,
2592 3856 2693 3916 vel
2710 3854 3092 3933 simpliciter,
3109 3853 3214 3915 vel
3239 3874 3315 3915 ex
3337 3854 3536 3933 aliqua
3552 3866 3736 3931 suppo·

2207 3953 2451 4026 sitione,
2479 3952 2568 4010 ita
2600 3956 2670 4009 ut
2714 3951 2970 4009 omnino
3022 3948 3443 4009 determinate
3465 3945 3731 4026 judicem:

2207 4044 2352 4109 Non
2381 4061 2705 4125 consequar
2725 4066 2751 4116 ;
2794 4042 2958 4102 unde
2995 4041 3066 4103 fit
3093 4060 3272 4121 spem
3320 4047 3383 4102 et
3411 4037 3734 4121 desperatio-

2207 4154 2353 4196 nem
2395 4155 2522 4197 non
2567 4154 2694 4196 esse
2721 4136 3083 4210 contrariaS,
3119 4137 3274 4214 quia
3313 4140 3455 4195 sunt
3482 4140 3631 4193 actus
3662 4128 3734 4188 di-

2207 4247 2524 4290 versarnm
2558 4228 2996 4309 potentiarum.
3051 4222 3362 4289 Cisterum
3405 4225 3547 4287 falsa
3573 4221 3732 4301 loqui-

2207 4326 2311 4382 tur
2343 4322 2719 4400 Almaynus;
2757 4338 2905 4381 nam
2948 4321 3116 4383 aliud
3150 4328 3250 4382 est
3290 4321 3454 4401 quod
3500 4319 3560 4380 in
3586 4314 3731 4378 intel·

2207 4415 2372 4477 lectu
2399 4417 2767 4495 supponitur
2797 4414 3216 4495 desperationi
3235 4462 3256 4492 ,
3299 4414 3469 4475 aliud
3495 4414 3552 4473 id
3599 4407 3732 4490 quod

2208 4516 2300 4569 est
2343 4510 2685 4570 formaliter
2724 4511 2859 4589 ipsa
2903 4510 3290 4587 desperatio;
3352 4508 3429 4569 ad
3457 4505 3599 4567 illud
3639 4500 3736 4583 pri-

2207 4619 2382 4662 mum
2441 4604 2746 4681 pertinere
2805 4601 2987 4663 credo
3035 4602 3188 4662 illud
3244 4602 3572 4681 judicium,
3619 4611 3733 4656 cum

2207 4713 2332 4774 quo
2360 4691 2522 4756 certe
2573 4714 2694 4755 non
2735 4694 2938 4775 potest
2979 4713 3110 4756 esse
3154 4711 3322 4773 speS,
3351 4711 3496 4755 nam
3522 4708 3642 4771 spes
3665 4696 3736 4747 est

2209 4789 2285 4849 de
2341 4787 2549 4849 futuro
2603 4788 2804 4867 bouo;
2859 4805 3030 4869 ergO,
3084 4788 3132 4848 si
3179 4787 3422 4848 bonum
3463 4786 3736 4865 judicatur

2209 4881 2574 4963 simpliciter
2625 4902 2952 4963 nunqnam
3005 4883 3294 4942 futurum
3325 4927 3344 4959 ,
3405 4898 3526 4942 non
3575 4878 3740 4959 potest

2207 4976 2460 5055 sperari.
2512 4976 2665 5036 Item
2693 4994 2838 5037 cum
2873 4975 2983 5036 tali
3001 4976 3241 5054 judicio
3267 4992 3396 5035 non
3426 4978 3615 5054 potest
3635 4986 3740 5029 esse

2208 5068 2424 5129 efficax
2479 5077 2540 5130 et
2588 5070 2868 5130 absoluta
2904 5071 3169 5131 intentio
3223 5070 3374 5130 finis
3406 5115 3425 5146 ,
3473 5086 3572 5129 seu
3619 5061 3743 5125 boni

2209 5164 2626 5243 consequendi
2649 5186 2668 5239 3
2701 5180 2850 5241 ergo
2887 5182 3089 5242 neque
3118 5182 3280 5243 speS.

2289 5258 2350 5317 2.
2394 5256 2811 5338 Explicantur
2835 5256 3002 5320 dicta
3037 5262 3252 5320 contra
3279 5256 3654 5337 AEmaymcm.
3676 5282 3740 5297 -

2213 5347 2386 5412 Corol
2391 5352 2615 5413 larium
2633 5368 2706 5413 ex
2725 5368 2884 5413 nunc
2904 5350 3108 5425 dictis,
3128 5352 3744 5431 desperacionemposst

2209 5444 2340 5505 sine
2363 5444 2578 5506 haeresi
2609 5444 2922 5507 committi.
2943 5444 3407 5522 —Iutelligitur
3429 5450 3624 5505 autem
3645 5440 3742 5500 hoc

2211 5536 2287 5597 de
2313 5536 2494 5596 firmo
2516 5544 2578 5598 et
2605 5538 2884 5599 absoluto
2907 5539 3179 5617 judici03
3209 5556 3363 5599 nam
3384 5540 3433 5599 si
3455 5542 3603 5599 esset
3620 5549 3743 5613 qua-
