3900 6217
564 370 686 435 640

564 496 687 557 que
715 482 912 558 potest
938 475 1056 537 hoc
1081 474 1374 554 explicari
1401 491 1419 536 t
1449 492 1595 535 nam
1625 479 1852 553 praeter
1880 489 2132 532 omnem

562 572 861 632 virtutem
903 588 1027 649 qua
1062 568 1251 628 homo
1292 567 1499 646 diligit
1548 568 1767 643 Deum,
1814 569 1878 626 et
1912 570 2135 625 caetera

565 665 841 744 proxime
878 668 940 722 et
980 659 1339 722 immediate
1386 663 1635 740 propter
1679 660 1867 720 Deum
1875 704 1895 734 ,
1941 657 2134 736 assig-

564 763 796 818 nantur
823 756 1083 817 virtutes
1118 752 1401 821 morale&
1430 752 1653 832 quibus
1682 757 1844 812 recte
1886 750 2134 811 ordina-

566 856 669 911 tur
702 852 867 911 circa
908 848 1153 927 singula
1194 848 1451 908 honesta
1499 845 1687 921 bona,
1734 849 1799 906 et
1836 844 2003 919 inter
2031 862 2135 904 eas

568 946 753 1006 datur
781 963 909 1005 una
931 962 1069 1023 quae
1104 947 1194 1003 est
1238 940 1489 1001 moralis
1525 944 1587 1000 et
1614 938 1893 1001 humana
1920 936 2136 999 amici-

562 1038 695 1115 tia3
740 1038 829 1098 sic
875 1038 943 1097 in
980 1035 1198 1095 ordine
1240 1030 1691 1113 supernaturali
1720 1032 1842 1094 alia
1872 1038 1964 1091 est
2013 1030 2134 1091 vir·

566 1141 687 1207 tus,
717 1150 840 1212 qua
871 1131 949 1192 ad
980 1132 1177 1191 Deum
1209 1128 1550 1189 amandum
1578 1127 1935 1205 dirigimur,
1962 1140 2025 1186 et
2051 1124 2132 1185 ad

562 1225 686 1286 alia
718 1229 967 1305 propter
985 1224 1189 1303 ipsum
1232 1220 1615 1297 immediate,
1642 1226 1701 1281 et
1738 1219 1845 1280 illa
1866 1226 1960 1281 est
1989 1218 2131 1282 cha-

563 1318 734 1394 ritas,
766 1318 943 1397 cujus
971 1317 1364 1395 adaequatum
1390 1314 1704 1392 objectum
1728 1312 1990 1375 formale
2015 1312 2133 1374 erit

563 1412 805 1473 bonitas
828 1411 1101 1472 increata
1117 1426 1137 1488 3
1170 1410 1292 1470 alia
1315 1426 1462 1469 vero
1492 1408 1610 1469 erit
1639 1411 1852 1482 virtus,
1884 1425 2022 1487 quae
2053 1406 2133 1466 sit

562 1506 835 1566 amicitia
874 1502 1147 1564 humana
1188 1502 1438 1563 moralis
1482 1509 1543 1563 et
1572 1500 1797 1575 infusa,
1838 1518 1963 1580 qua
1989 1498 2131 1559 dili-

563 1604 748 1676 gatur
764 1599 1085 1679 proximus
1106 1594 1656 1675 supernaturaliter
1676 1599 1925 1673 propter
1948 1608 2125 1653 suam

560 1690 901 1752 bonitatem
962 1692 1397 1765 intrinsecam3
1454 1687 1625 1747 omui
1687 1688 1855 1747 enim
1908 1684 2132 1746 morali

566 1784 784 1845 virtuti
811 1785 1129 1863 acquisltae
1157 1782 1339 1843 dehet
1373 1781 1746 1859 respondere
1787 1779 1910 1840 alia
1934 1779 2132 1841 virtus

562 1877 812 1939 moralis
833 1878 1038 1938 infusa
1060 1881 1105 1937 ¹.
1129 1874 1567 1948 Confirmatur,
1592 1891 1738 1934 nam
1754 1872 1911 1934 velle
1929 1870 2133 1950 proxi-

565 1989 669 2032 mo
703 1969 936 2031 bonum
991 1970 1351 2031 immediate
1396 1974 1647 2049 propter
1703 1968 1837 2045 ejus
1888 1965 2133 2025 honita-

558 2071 725 2141 tem,
761 2064 1040 2145 ejusdem
1080 2062 1336 2125 rationis
1373 2061 1621 2123 videtur
1650 2078 1721 2121 ac
1765 2059 1921 2120 velle
1971 2059 2128 2119 milri

560 2158 796 2220 bonum
822 2165 1071 2239 propter
1106 2157 1445 2218 bonitatem
1479 2173 1680 2215 meam
1705 2170 1727 2231 3
1764 2153 1870 2215 sed
1897 2152 2001 2213 hic
2027 2169 2129 2212 ac-

560 2257 662 2313 tus
703 2271 831 2313 non
862 2258 955 2313 est
992 2250 1309 2311 charitatis
1359 2248 1770 2326 Theologicae,
1817 2246 1930 2306 etsi
1977 2245 2130 2306 alias

561 2346 641 2405 sit
682 2346 881 2407 bonus
908 2350 971 2406 et
1010 2342 1539 2424 supernaturalis3
1572 2358 1721 2419 ergo
1759 2358 1960 2418 neque
1994 2338 2120 2400 ille.

560 2440 638 2501 Et
664 2440 801 2500 haee
839 2438 1051 2499 omnia
1080 2435 1421 2517 procedunt
1446 2432 1863 2513 comparando
1893 2432 2125 2492 motiva

559 2532 857 2613 diligendi
909 2534 1104 2611 posita
1143 2530 1209 2590 in
1244 2528 1511 2590 secunda
1549 2535 1611 2589 et
1647 2527 1829 2587 tertia
1882 2525 2130 2587 conclu·

562 2630 756 2704 sione,
798 2645 941 2688 cum
982 2624 1217 2685 motivo
1265 2624 1461 2703 posito
1510 2622 1575 2682 in
1606 2621 1828 2701 prima.
1871 2621 2127 2699 Compa-

563 2721 757 2782 rando
798 2726 1007 2780 tamen
1064 2719 1199 2779 haec
1244 2718 1367 2777 duo
1400 2716 1621 2776 ultima
1659 2716 1824 2774 inter
1862 2731 1949 2789 se,
1999 2732 2128 2775 non

564 2833 621 2895 p:
638 2814 903 2875 ocedunt
926 2812 1136 2873 omnia
1157 2829 1294 2890 quoe
1314 2810 1607 2884 diximuS,
1631 2809 1775 2889 quia
1794 2814 2128 2887 utrumque

564 2910 867 2969 motivum
898 2914 987 2969 est
1029 2912 1305 2967 creatum
1352 2914 1414 2965 et
1464 2904 1873 2964 intrinsecum
1919 2902 2129 2980 proxi-

564 3020 691 3077 mo,
736 3007 799 3063 et
840 3001 1045 3080 potius
1082 2998 1485 3060 materialiter
1535 3014 1725 3077 quam
1775 2994 2130 3058 formaliter

564 3084 895 3167 differunt3
950 3093 1109 3155 sicut
1156 3097 1323 3173 patet
1372 3110 1409 3152 a
1450 3090 1638 3152 simili
1689 3090 1757 3150 in
1806 3090 1925 3151 Deo
1954 3090 2085 3168 ipso
2105 3104 2126 3168 3

564 3205 711 3249 nam
743 3188 959 3249 eadem
1004 3188 1270 3249 charitas
1297 3191 1466 3247 amat
1496 3186 1731 3245 bonum
1756 3183 2042 3245 naturale
2067 3189 2132 3245 et

564 3280 1028 3362 supernaturale
1065 3280 1197 3356 Dei,
1232 3282 1283 3341 si
1308 3286 1643 3358 utrumque
1670 3278 1888 3339 eadem
1916 3296 2130 3358 super-

562 3374 835 3437 naturali
889 3374 1105 3454 regula
1160 3378 1565 3454 proponatur.
1616 3372 1785 3433 Idem
1837 3378 2008 3451 patet
2061 3372 2129 3432 in

566 3469 703 3529 aliis
741 3466 1075 3530 moralibus
1119 3465 1489 3540 virtutihus3
1542 3464 1760 3527 eadem
1809 3464 1978 3527 enim
2006 3463 2130 3526 vir-

564 3568 665 3624 tus
708 3562 1023 3641 religionis
1068 3562 1288 3622 infusae
1334 3560 1482 3621 colit
1528 3560 1726 3621 Deum
1774 3558 1945 3621 ctsstu
1982 3560 2128 3620 sim-

568 3657 807 3736 pliciter
851 3663 913 3717 et
947 3656 1425 3735 supernaturali,
1470 3662 1539 3715 ut
1586 3654 1731 3717 fidei
1770 3659 1833 3715 et
1879 3654 2034 3733 spei,
2065 3660 2127 3715 et

566 3750 739 3812 cultu
775 3765 1187 3830 quocumque,
1219 3760 1282 3809 et
1321 3748 1565 3809 actione
1588 3747 1879 3823 naturali,
1912 3765 2127 3827 super-

566 3846 931 3905 naturaliter
954 3849 1166 3905 tamen
1194 3842 1497 3921 regulata.
1527 3841 1801 3902 Tandem
1820 3840 1980 3902 ratio
2008 3846 2124 3916 est,

568 3938 716 4018 quia
742 3954 951 3999 amare
990 3937 1192 4017 ipsum
1230 3934 1513 3997 naturale
1552 3934 1787 3996 bonum
1827 3933 2118 4013 proximi,

570 4031 712 4092 ideo
740 4037 831 4092 est
868 4036 1353 4092 consentaneum
1381 4028 1615 4108 regulae
1646 4026 2126 4107 supernaturali,

568 4125 715 4205 quia
743 4124 1056 4186 naturalia
1085 4130 1230 4184 sunt
1266 4123 1441 4204 quasi
1486 4121 1964 4182 fundamentum
1992 4138 2130 4200 gra·

568 4218 694 4294 tiae,
721 4224 784 4279 et
808 4218 997 4299 ipsius
1032 4235 1162 4280 esse
1191 4214 1675 4295 supernaturalis
1690 4230 1711 4292 3
1756 4232 1903 4293 ergo
1931 4215 1998 4274 in
2024 4213 2130 4275 illo

570 4330 782 4375 amore
832 4312 1046 4373 eadem
1100 4312 1415 4372 invenitur
1460 4308 1734 4370 formalis
1771 4308 1929 4370 ratio
1971 4307 2132 4368 dile-

569 4404 790 4466 ctionis
816 4404 1321 4485 supernaturalis.

652 4500 711 4560 7.
760 4500 968 4567 Verior
993 4497 1212 4579 opiniO,
1248 4516 1353 4561 seu
1373 4494 1703 4579 responsu),
1718 4512 1837 4575 pro
1861 4513 1982 4577 qua
2002 4495 2133 4559 vide

570 4592 674 4655 lib.
710 4595 747 4653 3
771 4594 841 4655 de
863 4593 1105 4657 Habitu
1132 4593 1337 4672 reliq„
1382 4610 1433 4654 o.
1465 4592 1526 4666 5,
1550 4609 1589 4653 a
1624 4607 1688 4650 n.
1714 4590 1776 4650 8.
1807 4586 2130 4667 —Opinio

570 4686 703 4748 haec
730 4703 855 4747 non
887 4694 979 4747 est
1025 4683 1473 4766 improbabilis,
1505 4691 1575 4745 ut
1597 4684 1725 4743 dixi
1741 4698 1762 4761 3
1791 4688 2002 4743 tamen
2029 4700 2131 4743 ve-

570 4778 700 4840 rius
740 4786 831 4840 est
879 4798 1128 4840 omnem
1166 4778 1421 4839 modum
1471 4776 1815 4838 dilectionis
1861 4775 2132 4857 proximi

570 4875 650 4935 ad
694 4891 887 4936 unam
920 4874 1207 4935 virtutem
1238 4872 1553 4934 charitatis
1599 4872 1947 4952 pertinere3
1984 4872 2133 4951 quia

568 4969 638 5030 in
678 4986 851 5029 sacra
891 4968 1210 5048 Scriptura
1242 4974 1304 5029 et
1350 4966 1629 5028 Patribus
1675 4966 1992 5027 inauditus
2040 4972 2134 5027 est

569 5062 727 5123 alius
772 5079 948 5122 amor
992 5061 1231 5121 infusus
1264 5060 1371 5121 Dei
1413 5067 1474 5121 et
1518 5059 1809 5140 proximi,
1858 5065 1927 5119 ut
1968 5060 2132 5120 sumi

567 5161 767 5235 potest
804 5174 881 5216 ex
916 5158 945 5216 1
1003 5153 1259 5234 epistola
1297 5154 1591 5229 Joannis;
1628 5159 1689 5215 et
1723 5152 2128 5231 Augustinus,

569 5250 609 5311 8
634 5249 711 5310 de
734 5248 1055 5325 Trinitate,
1090 5266 1226 5329 cap.
1261 5251 1322 5324 8,
1353 5253 1416 5309 et
1443 5264 1712 5309 sermon.
1742 5248 1818 5309 13
1850 5245 1926 5305 de
1950 5248 2131 5308 Tem-

650 5440 669 5477 ¹
702 5436 928 5591 Desshoc
948 5436 1074 5517 legi
1096 5441 1295 5517 potest
1322 5434 1364 5497 1.
1395 5435 1434 5495 6
1453 5434 1529 5496 de
1548 5433 1745 5510 Grat.,
1766 5452 1823 5495 c.
1846 5436 1908 5511 9,
1935 5441 1998 5496 et
2027 5436 2128 5511 14,

566 5550 605 5593 a
632 5550 696 5593 ιι.
736 5534 759 5593 i
820 5576 833 5591 .

1098 408 1129 433 ο,
1196 372 1433 428 DISPUT.
1470 373 1509 428 1.
1545 376 1625 427 m:
1658 368 1927 427 omnem
1961 370 2321 435 Mammam,
2355 373 2438 425 ΕΤ
2471 372 2740 426 rounam
2773 373 3154 426 anmTA‘ns,

2212 489 2385 553 pore,
2419 491 2701 553 expresse
2754 472 2927 548 dicit,
2970 474 3212 553 quando
3247 474 3504 556 diligitur
3539 488 3704 561 proxi.

2213 586 2354 628 mus
2381 568 2526 647 quia
2549 567 2954 649 spiritualiter
2974 576 3360 647 regeneratus
3380 579 3480 647 est,
3507 593 3574 637 ex
3594 578 3706 641 cha.

2213 662 2396 723 ritate
2442 662 2648 741 diligi3
2709 662 2873 722 idem
2923 661 3110 722 tradit
3149 661 3324 723 divus
3367 664 3602 729 Thomas
3635 692 3707 733 se.

2215 756 2418 817 cunda
2471 756 2792 831 secundae,
2832 762 3050 835 quaest.
3108 756 3185 816 23
3204 802 3223 831 ,
3275 758 3515 819 articulo
3562 766 3704 841 quin.

2213 854 2302 925 to,
2345 850 2423 910 ad
2453 850 2750 929 primum,
2774 854 2837 911 et
2880 849 3203 929 quaestion.
3240 851 3336 924 81,
3386 853 3614 916 articulo
3657 862 3704 935 4,

2215 942 2294 1003 ad
2327 945 2388 1004 3.

2299 1038 2359 1098 8.
2411 1037 2646 1111 Quarta
2684 1038 3002 1101 conclu-sic.
3035 1070 3117 1083 --
3145 1035 3286 1097 Dico
3314 1054 3452 1116 ergo
3495 1050 3708 1119 quarto:
3801 1028 3803 1053 '

2213 1132 2524 1212 objectum
2571 1132 2834 1193 formale
2888 1130 3285 1211 adaequatum
3326 1132 3607 1196 charitatis
3647 1148 3712 1201 est

2211 1226 2456 1288 bonitas
2485 1226 2596 1287 Dei
2629 1225 2928 1300 increata,
2965 1242 3214 1286 omnem
3271 1224 3546 1287 excedens
3567 1236 3711 1292 natu·
3803 1247 3805 1277 ³

2213 1338 2372 1395 ram,
2402 1319 2502 1380 vel
2528 1337 2640 1398 per
2667 1337 2754 1395 se,
2787 1319 2883 1379 vel
2915 1336 3026 1399 per
3051 1318 3565 1397 participationem
3591 1324 3712 1401 ejus·
3803 1312 3805 1317 ’

2214 1413 2356 1475 dem
2387 1414 2646 1489 ordinis,
2691 1432 2798 1475 seu
2833 1431 2972 1493 quoe
3009 1411 3392 1473 honestatem
3415 1412 3563 1475 illius
3590 1418 3714 1479 ordi·
3805 1484 3807 1487 Α

2211 1507 2308 1567 nis
2353 1506 2595 1568 induat.
2657 1508 2803 1567 Haec
2857 1506 3167 1567 conclusio
3217 1510 3383 1585 patet
3422 1522 3495 1566 ex
3537 1506 3710 1587 dictis3
3805 1492 3807 1507 '

2209 1618 2360 1661 nam
2396 1618 2538 1661 cum
2561 1600 2828 1661 charitas
2867 1600 2966 1661 his
2995 1598 3285 1659 omnibus
3326 1598 3510 1660 modis
3544 1599 3712 1681 diligat

2214 1694 2594 1773 proximum,
2622 1701 2684 1755 et
2706 1694 2857 1755 alias
2885 1694 2965 1754 sit
2994 1710 3144 1767 una,
3173 1698 3408 1772 oportet
3430 1700 3494 1752 ut
3517 1690 3572 1753 hi
3589 1696 3713 1756 modi

2213 1786 2516 1865 diligendi
2568 1788 2941 1848 conveniant
2993 1786 3061 1847 in
3112 1785 3323 1865 aliqua
3363 1803 3480 1846 una
3527 1788 3715 1849 ratione

2212 1880 2461 1942 formali
2495 1880 2743 1960 objecti,
2780 1881 3079 1961 quoniam
3113 1879 3251 1939 haec
3291 1880 3356 1939 in
3391 1882 3546 1939 omni
3570 1882 3714 1941 virtu·

2211 1980 2274 2035 te
2298 1974 2482 2036 debet
2505 1993 2634 2036 esse
2664 1994 2790 2035 una
2804 1992 2825 2053 3
2851 1994 2976 2035 non
3007 1972 3386 2035 conveniunt
3422 1982 3604 2033 autem
3629 1975 3714 2035 nisi

2211 2071 2374 2131 dicto
2412 2069 2618 2130 mod0.
2673 2070 3000 2141 Secundo,
3055 2067 3206 2147 quia
3233 2084 3444 2126 omnes
3491 2065 3718 2129 homines

2209 2165 2539 2225 existentes
2567 2164 2633 2223 in
2657 2164 2877 2243 gratia,
2911 2169 2982 2222 ut
3013 2162 3121 2237 sic,
3155 2165 3303 2221 sunt
3331 2159 3717 2239 quodammodo

2208 2258 2358 2330 Dei;
2388 2275 2535 2337 ergo
2564 2256 2942 2317 conveniunt
2978 2255 3190 2335 aliquo
3243 2252 3425 2314 modo
3465 2252 3524 2311 iu
3549 2254 3718 2314 eadem

2208 2352 2448 2411 ratione
2478 2350 2722 2411 formali
2752 2349 2996 2428 objecti,
3023 2347 3139 2408 sub
3179 2364 3302 2427 qua
3331 2346 3486 2407 idem
3521 2344 3717 2407 habitus

2207 2443 2489 2505 inclinat.
2547 2442 2984 2504 confirmatur.
3039 2442 3194 2502 Nam
3242 2445 3469 2500 certum
3507 2445 3588 2499 est
3613 2456 3716 2499 om-

2207 2556 2319 2599 nes
2354 2537 2606 2617 angelos
2637 2542 2699 2598 et
2745 2534 3030 2597 homines
3077 2534 3309 2596 habere
3355 2532 3610 2593 eamdem
3645 2551 3718 2595 ra-

2207 2633 2445 2694 tionem
2494 2630 2821 2693 formalem
2861 2630 3084 2709 objecti
3131 2628 3495 2707 diligibili53
3534 2632 3720 2707 ergoet

2209 2725 2491 2787 eamdem
2521 2743 2661 2785 cum
2708 2725 2836 2786 Deo
2859 2770 2877 2799 ,
2919 2724 3170 2784 dicente
3219 2722 3568 2799 AugustinO,
3604 2722 3634 2781 8
3665 2720 3720 2782 de

2208 2819 2460 2895 Trinit.,
2485 2838 2539 2879 c.
2573 2818 2645 2879 8:
2677 2818 2795 2891 Qui
2812 2818 3162 2899 proximum
3183 2814 3408 2897 ιίἰῑῑρίε,
3427 2832 3719 2893 consequens

2210 2920 2301 2977 est
2341 2919 2412 2977 ut
2460 2915 2661 2995 ipsam
2711 2914 2896 2975 eciam
2946 2908 3318 2973 dilectionem
3365 2908 3569 2987 diliyat
3591 2952 3606 2983 ,
3646 2906 3718 2967 cui

2212 3007 2402 3069 etiam
2431 3007 2702 3067 concinit
2743 3012 2986 3066 tractat.
3045 3006 3084 3066 9
3135 3004 3207 3063 in
3253 3006 3284 3063 1
3339 3003 3502 3082 epist.
3555 3002 3718 3075 Joan.,

2211 3098 2532 3179 aliquanto
2577 3104 2720 3159 ante
2769 3098 2983 3159 finem.
3037 3098 3274 3173 Tertio,
3311 3096 3452 3176 quia
3484 3094 3626 3174 quod
3656 3098 3722 3153 est

2211 3194 2331 3255 tale
2359 3212 2470 3273 per
2497 3193 3028 3273 participationem
3073 3191 3353 3269 ejusdem
3390 3188 3620 3261 ordiniS‚
3653 3205 3724 3246 re·

2211 3286 2460 3347 ducitur
2492 3286 2570 3347 ad
2617 3286 2681 3345 id
2726 3286 2891 3365 quod
2937 3290 3030 3347 est
3070 3284 3198 3343 tale
3251 3301 3358 3362 per
3398 3278 3720 3342 essentiam:

2210 3386 2341 3441 tota
2390 3386 2601 3441 autem
2652 3379 2895 3439 bonitas
2943 3374 3429 3457 supernaturalis
3473 3382 3559 3434 est
3592 3391 3724 3452 qum-

2211 3473 2356 3534 dam
2384 3473 2773 3553 participatio
2798 3472 3024 3533 divinae
3051 3470 3366 3531 bonitatis

2291 3568 2352 3629 9.
2390 3566 2491 3629 Aa
2528 3568 2798 3647 primam
2845 3564 3230 3646 objaetionem
3271 3561 3632 3635 contrariam,
3675 3560 3725 3619 iu

2209 3680 2377 3724 num.
2409 3662 2581 3721 5.-
2617 3660 2988 3724 Declaratur
3014 3677 3055 3722 a
3093 3658 3296 3721 simili
3338 3659 3404 3720 de
3444 3674 3556 3736 spe,
3585 3658 3632 3715 et
3671 3652 3723 3714 de

2200 3757 2338 3837 fide.
2368 3785 2452 3801 —
2484 3752 3005 3817 Aocommodatius
3052 3752 3259 3814 simile
3293 3754 3383 3813 est
3417 3750 3595 3813 lumen
3626 3746 3724 3826 qlo-

2205 3850 2344 3911 rioe.
2369 3884 2450 3893 —
2475 3848 2566 3909 Ex
2618 3865 2742 3927 quo
2777 3845 3034 3906 solvitur
3072 3844 3278 3924 prima
3321 3844 3472 3904 ratio
3511 3842 3568 3901 in
3609 3857 3723 3899 con-

2207 3943 2498 4017 trarium,
2529 3939 2739 4001 facta'
2723 3958 2790 3999 ιιι
2813 3956 2991 3999 ιιιιιιι.
3027 3940 3087 4014 5,
3113 3956 3266 3997 nam
3291 3936 3366 3997 de
3389 3935 3602 3996 ratione
3625 3932 3722 3992 vir-

2209 4036 2359 4096 tutis
2384 4032 2769 4112 Theologicae
2810 4036 2992 4093 estut
3017 4030 3176 4092 ratio
3207 4028 3474 4090 formalis
3499 4026 3614 4105 ejus
3637 4023 3720 4083 ob-

2205 4130 2355 4209 jecti
2398 4129 2476 4189 sit
2520 4128 2818 4203 increata,
2860 4125 2959 4187 vel
2994 4124 3376 4229 simpliciter,
3419 4122 3510 4182 vel
3546 4136 3717 4179 secun·

2211 4223 2365 4284 dum
2421 4220 2756 4301 quamdam
2811 4219 3284 4293 reductionem,
3346 4218 3408 4277 in
3465 4220 3715 4317 quantum

2217 4314 2604 4395 participatio
2643 4313 2922 4393 ejusdem
2967 4312 3201 4373 ordinis
3255 4310 3334 4371 ad
3373 4326 3534 4369 suam
3570 4304 3715 4383 origi·

2215 4428 2360 4471 uem
2388 4414 2748 4483 revocatur;
2780 4406 2946 4487 quod
2976 4404 3156 4468 aliter
3196 4404 3318 4466 dici
3357 4406 3556 4483 potest,
3585 4394 3714 4477 quod

2213 4502 2372 4563 ratio
2404 4502 2678 4564 increata
2714 4454 2894 4562 dehet
2926 4518 3056 4560 esse
3080 4496 3403 4577 adaequata
3437 4492 3580 4555 vel
3564 4512 3618 4552 ιιι
3641 4507 3715 4550 re-

2211 4601 2331 4672 cte,
2357 4596 2458 4657 vel
2495 4596 2562 4655 in
2592 4594 2865 4675 obliquo,
2906 4594 3066 4653 sicut
3092 4592 3168 4655 de
3205 4590 3438 4670 objecto
3463 4581 3716 4648 materiali

2210 4688 2567 4751 dicebamus
2601 4704 2618 4748 ε
2649 4692 2712 4749 et
2739 4691 2908 4767 patet
2934 4704 2970 4746 a
2998 4684 3183 4746 simili
3214 4686 3280 4745 in
3311 4700 3435 4762 spe,
3460 4681 3587 4761 quia
3617 4694 3714 4737 non

2211 4782 2412 4844 solum
2447 4781 2864 4844 desideramus
2893 4777 3342 4840 beatitudinem
3375 4774 3709 4854 objectivam,

2215 4883 2284 4939 ut
2315 4882 2404 4938 est
2431 4875 2666 4935 bonum
2702 4876 3068 4949 increatum,
3096 4870 3200 4933 sed
3227 4870 3412 4933 etiam
3436 4867 3546 4929 alia
3565 4864 3710 4937 bona,

2211 4988 2415 5077 neque
2457 4967 2708 5030 solum
2692 4986 2759 5028 ιιι
2805 4968 2932 5027 Deo
2970 4983 3311 5046 speramus,
3345 4963 3445 5024 sed
3480 4962 3639 5020 ctiam
3663 4954 3716 5013 in

2211 5064 2287 5125 iis
2314 5065 2422 5144 qui
2450 5062 2715 5142 gratiam
2745 5066 2808 5122 et
2833 5059 3127 5120 virtutem
3145 5058 3258 5120 Dei
3275 5048 3715 5139 participantia

2210 5156 2331 5218 fide
2359 5157 2547 5221 etiam
2573 5152 3030 5235 quodammodo
3061 5152 3364 5232 reperitur
3390 5150 3563 5223 idem,
3596 5143 3716 5225 quia

2211 5250 2519 5313 credimus
2545 5249 2694 5323 Deo,
2725 5254 2787 5309 et
2826 5247 2902 5307 iis
2942 5248 3049 5327 qui
3094 5245 3312 5326 spiritu
3355 5244 3456 5305 Dei
3495 5242 3715 5319 loquun-

2214 5352 2315 5406 tur
2345 5365 2361 5405 :
2394 5342 2852 5425 quodammodo
2891 5359 3040 5403 vero
3080 5359 3208 5402 non
3241 5346 3330 5401 est
3363 5338 3552 5410 idcm;
3593 5347 3712 5393 nam

2213 5456 2428 5499 revera
2483 5437 2642 5497 ratio
2689 5434 2964 5497 formalis
3024 5434 3170 5496 fidei
3225 5440 3318 5495 est
3364 5430 3483 5492 sola
3527 5426 3713 5488 veritas

2213 5530 2346 5607 Dei,
2377 5527 2500 5591 alia
2526 5533 2673 5590 sunt
2700 5528 3114 5590 instrumenta
3127 5542 3148 5606 3
3181 5533 3240 5588 et
3265 5525 3548 5586 rationem
3567 5514 3714 5578 diffc-
