3900 6217
479 409 598 469 482

481 514 646 574 Cano
673 510 1140 590 intelligendam
1197 529 1326 573 esse
1371 512 1576 591 quoad
1629 510 2042 591 suspicionem

479 607 572 668 ve]
606 606 1152 687 praesumptionem
1181 605 1470 682 haeresis3
1519 606 1626 667 sed
1656 606 1776 667 hoc
1821 608 2041 684 parum

479 720 609 761 esse
639 701 908 767 videtur,
940 700 1086 778 quia
1123 700 1438 761 incurrere
1480 700 1908 779 suspicionem,
1942 695 2043 757 vel

480 792 1057 873 praesumptionem,
1082 810 1208 853 non
1237 798 1330 853 est
1363 794 1679 854 incurrere
1723 792 2039 866 haeresim,

481 888 820 966 praescrtim
852 884 998 963 quia
1026 884 1118 944 illi
1154 886 1384 961 PatreS,
1418 904 1546 947 non
1579 893 1650 945 ut
1674 884 2037 964 jurisperiti,

478 980 580 1040 sed
605 985 673 1039 ut
695 978 994 1055 Theologi
1021 977 1380 1057 loquuntur.
1411 981 1488 1039 Et
1517 980 1655 1041 ideo
1687 979 1860 1040 addit
1881 980 2043 1039 Ban-

478 1091 612 1145 neS‚
646 1072 712 1131 in
741 1072 888 1131 dict.
927 1070 1188 1131 articulo
1217 1073 1520 1148 secunde,
1574 1079 1725 1134 tunc
1774 1091 1884 1153 per
1945 1073 2042 1132 in·-

478 1164 766 1225 ordinata
792 1161 984 1223 verba
1009 1163 1244 1224 incurri
1259 1164 1540 1226 haeresim
1545 1210 1566 1241 ,
1599 1166 1848 1246 quando
1873 1170 2043 1226 certa

479 1258 670 1319 verba
697 1262 842 1317 sunt
877 1258 1216 1336 approbata
1243 1264 1308 1319 et
1343 1259 1692 1339 praescripta
1734 1258 1812 1320 ab
1839 1258 2044 1319 Eccle-

479 1352 593 1425 sia,
625 1358 687 1413 et
714 1352 934 1430 aliquis
976 1368 1049 1411 ea
1084 1350 1361 1429 despicit,
1394 1358 1456 1414 et
1483 1352 1608 1415 alia
1645 1358 1707 1415 et
1735 1354 2043 1413 contraria

481 1445 860 1516 introducit3
905 1449 974 1503 ut
1011 1444 1186 1505 verbi
1243 1446 1470 1523 gratia,
1520 1446 1586 1507 in
1637 1447 1827 1507 verbo
1865 1452 2043 1510 tran-

479 1535 1038 1613 substantiationis,
1071 1538 1235 1615 quod
1288 1557 1454 1599 nunc
1497 1540 1788 1616 rejiciunt
1812 1538 2044 1599 Luthe-

477 1631 640 1705 rani,
691 1636 752 1690 et
803 1629 869 1690 in
899 1646 1064 1709 *voce
1113 1630 1767 1695 consubstantialitatis
1786 1676 1801 1705 ,
1851 1649 2041 1710 quam

476 1722 626 1784 olim
653 1720 901 1783 Arriani
929 1722 1226 1785 nolebant
1253 1724 1600 1785 admittere.
1633 1726 1708 1785 Et
1734 1724 2043 1786 rationem

478 1815 703 1885 reddit,
747 1816 895 1896 quia
923 1816 1190 1877 Ecclesia
1218 1835 1346 1877 non
1381 1816 1582 1877 solum
1619 1816 1806 1878 habet
1833 1824 2042 1879 aucto-

479 1910 726 1970 ritatem
771 1908 1162 1970 infallibilem
1210 1908 1290 1969 ad
1341 1928 1440 1971 res
1493 1910 1904 1986 definiendas,
1935 1910 2044 1973 sed

479 2002 667 2063 etiam
701 2001 778 2062 ad
813 2000 950 2063 illas
977 2001 1409 2082 proponendas
1435 2002 1550 2063 sub
1583 2004 1763 2063 certis
1796 2008 1856 2063 et
1886 2022 2044 2083 prae-

479 2096 721 2175 scriptis
761 2087 989 2170 verbiS,
1036 2096 1182 2175 quia
1219 2096 1306 2157 ita
1335 2096 1580 2176 expedit
1617 2097 1696 2158 ad
1736 2098 2042 2158 unitatem

479 2188 647 2265 fidei,
679 2194 741 2249 et
765 2187 1261 2250 conformitatem
1290 2190 1358 2250 in
1377 2189 1756 2251 confessione
1785 2191 1939 2270 ejuS,
1970 2196 2043 2251 ut

479 2282 810 2345 schismata
833 2282 1110 2343 vitentur
1119 2297 1142 2359 3
1169 2301 1306 2363 quae
1330 2282 1610 2345 doctrina
1635 2284 1790 2344 mihi
1816 2282 2037 2363 placet,

479 2392 738 2453 eamque
766 2373 968 2434 dictus
1003 2381 1217 2435 auctor
1242 2375 1377 2436 aliis
1408 2377 1776 2437 testimoniis
1798 2382 1863 2437 et
1893 2395 2037 2437 con-

477 2467 726 2547 jecturis
753 2464 1096 2528 confirmat.
1126 2468 1424 2529 Existimo
1447 2476 1652 2531 tamen
1685 2487 1811 2530 non
1847 2469 2038 2531 fuisse

478 2562 648 2621 hunc
669 2578 918 2623 sensum
956 2560 1124 2621 illius
1151 2561 1332 2634 dicti3
1365 2568 1502 2623 tum
1531 2562 1678 2641 quia
1719 2569 1809 2623 est
1849 2562 2038 2623 nimis

476 2657 777 2717 limitatus
802 2660 864 2716 et
901 2655 1252 2717 reconditus
1270 2672 1292 2733 3
1325 2664 1462 2719 tum
1489 2659 1679 2719 etiam
1713 2658 1861 2737 quia
1887 2658 1938 2718 si
1971 2658 2037 2718 in

479 2768 554 2813 eo
603 2767 748 2809 casu
795 2747 1002 2829 aliqua
1051 2750 1384 2831 incurritur
1429 2750 1677 2811 haeresis
1706 2796 1722 2823 ‚
1771 2769 1896 2810 non
1948 2756 2042 2813 est

480 2849 726 2925 propter
764 2842 1182 2903 inordinatam
1211 2842 1606 2920 locutionem,
1653 2843 1759 2905 sed
1791 2850 2039 2924 propter

473 2936 777 3014 judicium
807 2936 1159 2997 auctoritati
1203 2936 1494 2997 Ecclesiae
1531 2938 1934 3012 contrarium,
1968 2944 2042 2998 ut

483 3028 682 3089 dictus
712 3033 926 3089 auctor
953 3026 1202 3089 fatetur.
1236 3029 1482 3089 Duobus
1521 3046 1668 3108 ergo
1699 3029 1897 3091 modis
1927 3048 2037 3110 po-

477 3129 598 3185 test
639 3121 796 3183 illud
835 3121 1070 3182 dictum
1111 3122 1412 3183 verificari
1449 3140 1465 3184 ε
1498 3125 1723 3203 prime,
1759 3130 2039 3205 respectu

478 3216 766 3290 aliorum,
810 3213 956 3294 quia
990 3215 1098 3294 qui
1125 3216 1472 3278 inordinate
1500 3217 1776 3297 loquitur
1823 3217 1899 3278 de
1939 3235 2038 3277 re-

478 3309 596 3370 bus
624 3308 793 3383 fidei,
825 3308 1209 3368 occasionem
1250 3307 1386 3369 aliis
1418 3309 1651 3388 praebet
1678 3310 2034 3389 concipien-

481 3402 540 3462 di
565 3400 852 3462 haeresim
878 3405 939 3460 et
961 3400 1028 3459 in
1057 3399 1230 3460 illam
1259 3400 1646 3477 incurrendi;
1681 3408 1744 3463 et
1769 3402 1886 3462 hoc
1909 3420 2040 3463 mo-

480 3496 559 3555 do
583 3494 862 3573 exposuit
889 3491 1124 3553 dictum
1153 3492 1305 3553 illud
1335 3494 1513 3555 divus
1539 3493 1806 3555 Thomas
1829 3513 2037 3573 supra,

481 3588 826 3667 exponique
881 3585 1067 3646 etiam
1111 3592 1313 3665 potest
1363 3588 1542 3648 divus
1588 3588 1918 3667 Gregorius
1971 3588 2039 3649 in

481 3681 585 3742 cit.
643 3697 781 3758 cap.
820 3678 1121 3755 vigesimo
1159 3685 1402 3757 quart0,
1443 3697 1554 3759 pro
1608 3698 1730 3759 quo
1782 3680 2039 3741 fortasse

480 3772 769 3851 Magister
807 3770 1259 3850 Hieronymum
1309 3773 1560 3848 citavit,
1607 3774 1908 3833 memoria
1949 3774 2038 3834 la-

481 3867 684 3927 bente.
721 3864 1022 3939 Secundo,
1053 3870 1326 3944 respectu
1349 3864 1666 3944 ipsiusmet
1696 3866 2005 3945 loquentis
2014 3882 2035 3944 3

482 3965 543 4019 et
575 3959 663 4017 sic
706 3955 1177 4035 intelligendum
1219 3962 1338 4032 est,
1380 3975 1508 4018 non
1546 3958 1710 4037 quod
1740 3960 1872 4039 ipsa
1899 3976 2040 4037 pro·

483 4050 632 4113 latio
674 4048 1004 4111 verborum
1053 4050 1185 4109 sine
1225 4068 1407 4111 sensu
1443 4052 1690 4111 interno
1727 4053 1806 4111 sit
1843 4051 2039 4113 haere·

482 4144 605 4221 sis3
636 4142 754 4203 hoc
785 4142 956 4202 enim
1003 4141 1228 4203 falsum
1283 4150 1398 4219 est,
1441 4149 1512 4204 ut
1552 4145 1704 4219 dixi,
1753 4152 1814 4205 et
1864 4144 2042 4206 docet

483 4254 763 4317 expresse
790 4234 1087 4309 Hilurica,
1137 4236 1182 4296 l.
1219 4240 1246 4297 1
1283 4242 1346 4297 et
1385 4238 1424 4299 8
1452 4238 1529 4298 de
1561 4238 1780 4299 Trinit.
1800 4284 1823 4313 ,
1855 4256 2040 4317 quem

482 4330 772 4408 Magister
799 4328 990 4389 etiam
1017 4346 1202 4409 supra
1228 4330 1440 4407 refert,
1465 4337 1528 4392 et
1559 4334 1822 4392 sumitur
1852 4334 2041 4393 etiam

484 4440 558 4483 ex
588 4420 993 4500 HieronymO,
1037 4422 1293 4501 epistola
1316 4425 1392 4485 50
1425 4422 1503 4485 ad
1530 4425 1768 4487 Damas,
1776 4470 1798 4501 ‚
1829 4425 1905 4485 de
1932 4444 2045 4486 no-

483 4516 654 4577 mine
675 4516 1055 4595 Hypostasis
1069 4540 1096 4587 ;
1127 4516 1231 4576 sed
1257 4516 1788 4595 interpretandum
1818 4524 1912 4579 est
1932 4536 2045 4597 per

484 4608 863 4670 occasionem
879 4624 900 4684 3
952 4626 1100 4669 nam
1121 4654 1142 4685 ,
1198 4609 1356 4669 sicut
1405 4608 1556 4671 alibi
1609 4610 1872 4673 dicitur:
1925 4610 2045 4685 Qui

483 4702 718 4782 spernit
762 4702 1015 4779 modica,
1055 4703 1362 4784 paulatim
1409 4704 1663 4780 decidet,
1712 4705 1929 4785 utique
1977 4707 2043 4766 in

485 4796 772 4873 graviora
789 4839 809 4869 ,
840 4793 929 4855 ita
963 4796 1074 4873 qui
1100 4802 1334 4858 temere
1361 4803 1425 4858 et
1463 4797 1813 4859 inordinate
1837 4798 2041 4878 loqui-

485 4894 609 4964 tur,
655 4888 722 4947 in
757 4887 1032 4966 periculo
1069 4897 1348 4951 versatur
1381 4889 1694 4951 incidendi
1741 4892 1808 4951 in
1855 4890 2045 4953 haere-

484 5000 622 5044 sim.

565 5078 626 5139 8.
671 5074 850 5141 Circa
870 5079 1142 5159 primm
1189 5084 1608 5158 aryumentum
1647 5078 1718 5140 in
1739 5096 1800 5139 n.
1847 5082 1874 5139 1
1909 5100 1924 5139 ε
1965 5096 2047 5141 aa

486 5168 869 5234 deliberatum
927 5171 1173 5233 dubium
1225 5172 1294 5231 in
1351 5171 1468 5250 fide
1506 5170 1592 5234 sit
1653 5172 1924 5234 haeresis.
1964 5203 2046 5257 7-

484 5264 690 5345 Neyat
717 5262 1012 5337 Sanctia,
1043 5267 1304 5343 referem
1347 5263 1521 5326 alios.
1550 5296 1632 5309 —
1657 5264 2043 5328 Moderamen

489 5355 832 5422 Sancii.—
863 5357 1382 5437 Respondendum
1411 5356 1699 5435 [superest
1735 5356 1811 5416 ad
1854 5374 2043 5436 argu·

486 5458 694 5513 menta
728 5450 908 5511 initio
953 5452 1171 5530 posita,
1223 5468 1488 5530 quorum
1530 5449 1804 5529 primum
1853 5468 2042 5529 grave

481 5542 750 5624 postulat
779 5541 1032 5605 dubium
1067 5588 1083 5620 ,
1131 5560 1214 5605 an
1241 5542 1546 5605 dubitatio
1591 5540 1930 5605 deliberata
1972 5544 2041 5605 in

1073 410 1310 467 mspn'r.
1341 412 1472 465 xlx.
1505 411 1590 465 DE
1622 410 2005 464 lNFIDELlBUS
2038 408 2395 473 APOSTATls,
2430 409 2547 463 SEU
2580 411 2938 474 HAERETlcls
2974 413 3109 466 E'rc,

2124 508 2245 571 fide
2292 510 2373 570 sit
2416 509 2683 573 haeresis,
2732 512 2879 572 Dico
2927 513 3279 590 deliberata,
3314 516 3467 593 quia
3511 516 3565 576 si
3614 516 3693 577 sit

2122 620 2233 683 per
2259 602 2654 664 subitaneum
2693 611 2960 682 motum,
2998 612 3061 667 et
3086 608 3221 669 sine
3257 625 3563 669 consensu
3592 628 3694 669 vo-

2122 694 2380 755 luntatis
2405 742 2425 770 ,
2472 696 2600 757 imo
2642 698 2691 757 si
2723 698 2803 758 sit
2828 698 2963 758 sine
2998 702 3406 775 contumacia,
3442 720 3575 761 non
3604 706 3697 761 cst

2121 784 2389 865 haeresis,
2418 796 2489 849 ut
2516 808 2591 851 ex
2608 790 2785 851 dictis
2808 797 3013 870 patet3
3044 797 3107 853 et
3132 792 3271 853 ideo
3298 812 3521 853 omnes
3548 812 3695 853 auc·

2120 887 2283 941 tores
2328 883 2681 957 consulunt,
2712 890 2783 942 ut
2816 885 2915 944 isti
2941 890 3147 945 motus
3182 886 3609 965 despiciantur
3634 890 3696 945 et

2122 973 2495 1053 abjiciantur
2552 976 2685 1036 sine
2736 975 2865 1035 ulla
2917 978 3113 1038 animi
3172 978 3691 1056 perturbatione,

2124 1068 2269 1146 quia
2307 1067 2517 1129 nullus
2566 1070 2633 1128 in
2666 1068 2754 1129 eis
2794 1074 2887 1129 est
2930 1070 3279 1151 scrupulus,
3312 1076 3375 1132 et
3406 1070 3531 1131 hoc
3566 1088 3693 1131 mo·

2124 1160 2202 1219 do
2230 1162 2471 1223 facilius
2500 1163 2797 1223 vitantur.
2826 1163 3100 1224 Dubium
3144 1180 3293 1243 ergo
3332 1170 3425 1224 est
3474 1163 3553 1223 de
3588 1164 3695 1223 illa

2122 1252 2529 1327 dubitatione,
2577 1273 2715 1334 quae
2748 1274 2889 1315 cum
2920 1255 3105 1335 plena
3150 1256 3435 1317 libertate
3461 1264 3523 1317 et
3554 1275 3695 1335 per·

2123 1346 2350 1409 tinacia
2380 1348 2748 1409 admittitur.
2784 1350 2853 1410 In
2874 1368 2998 1429 quo
3026 1355 3256 1429 puncto
3278 1348 3449 1411 Cano
3478 1368 3692 1427 supra,

2124 1439 2202 1500 ad
2254 1446 2571 1518 quartum,
2612 1447 2803 1520 negat
2848 1442 3126 1503 absolute
3175 1442 3534 1522 hujusmodi
3582 1442 3699 1501 du-

2122 1532 2489 1595 bitationem
2534 1536 2724 1595 etiam
2760 1552 2899 1595 cum
2931 1536 3277 1614 pertinacia
3302 1554 3435 1597 esse
3484 1535 3695 1597 haere-

2122 1627 2281 1700 sim;
2314 1625 2494 1686 illum
2532 1629 2813 1705 sequitur
2845 1628 3127 1702 Saucius,
3160 1627 3274 1688 lib.
3303 1630 3343 1688 2
3374 1628 3692 1707 Deralog„

2124 1737 2254 1799 cap.
2300 1722 2362 1793 7,
2408 1738 2583 1781 num.
2633 1724 2732 1796 12,
2770 1727 2831 1782 et
2871 1722 3017 1781 citat
3074 1722 3339 1798 BanneS,
3374 1722 3523 1783 dict.
3570 1730 3689 1785 art.

2122 1816 2185 1885 2,
2216 1813 2325 1893 qui
2368 1830 2507 1873 mea
2548 1800 2853 1873 sententia
2912 1814 3289 1875 contrarium
3321 1815 3505 1875 docet
3540 1831 3563 1891 ;
3602 1832 3693 1877 rc-

2122 1903 2245 1966 fert
2266 1906 2453 1966 etiam
2476 1907 2719 1966 Patrem
2742 1906 2845 1983 Sa,
2868 1907 2935 1965 in
2956 1908 3155 1981 Sum.‚
3182 1907 3369 1968 verbo
3384 1908 3683 1983 Han-esis,

2124 1998 2230 2059 sed
2286 1998 2560 2077 loquitur
2616 1999 2693 2059 de
2744 1998 3133 2059 dubitatione
3181 1995 3311 2061 ndu
3358 2001 3687 2079 pertinaci.

2124 2090 2402 2170 Denique
2448 2091 2637 2153 refert
2664 2092 2967 2170 vasquez,
2996 2093 3065 2152 ιιι
3098 2096 3151 2153 1.
3180 2096 3248 2168 2,
3276 2093 3552 2154 distinct.
3586 2095 3687 2168 63,

2121 2202 2257 2263 cap.
2290 2188 2350 2260 1,
2380 2202 2554 2245 num.
2586 2187 2649 2260 4,
2684 2189 2788 2263 qui
2836 2185 3071 2265 aliquid
3118 2186 3349 2259 innuit,
3380 2187 3489 2248 sed
3518 2187 3694 2247 aliud

2119 2295 2331 2355 agens,
2370 2287 2433 2337 et
2479 2284 2783 2356 punctum
2829 2296 2955 2337 non
3004 2278 3325 2359 disputans
3348 2294 3371 2357 3
3408 2298 3535 2339 non
3586 2298 3695 2341 au-

2118 2369 2223 2429 det
2265 2375 2477 2430 autem
2524 2370 2780 2431 Sancius
2826 2372 3027 2432 dicere
3067 2371 3307 2433 nullam
3357 2372 3694 2433 dubitatio·

2117 2478 2263 2523 nem
2292 2463 2672 2543 pertinacem
2698 2464 2765 2523 in
2800 2464 2917 2524 fide
2945 2464 3227 2525 haeresim
3254 2480 3427 2542 esse3
3455 2474 3519 2527 et
3549 2466 3695 2527 ideo

2118 2554 2429 2635 duplicem
2499 2555 2949 2617 dubitationem
3005 2558 3377 2637 distinguit:
3425 2578 3555 2620 una
3602 2566 3695 2621 est

2118 2667 2229 2727 per
2265 2648 2597 2729 positivum
2630 2656 2835 2710 actum
2880 2650 3263 2726 intellectuS,
3298 2652 3475 2730 quasi
3508 2652 3696 2713 refle-

2121 2759 2296 2815 xum,
2342 2761 2463 2821 quo
2492 2743 2717 2822 aliquis
2748 2743 3083 2804 deliberate
3118 2744 3357 2821 judicat
3408 2746 3696 2824 proposi-

2120 2834 2354 2895 tionem
2400 2834 2569 2910 fidei,
2601 2836 2679 2897 de
2707 2855 2831 2915 qua
2870 2838 3127 2915 cogitat,
3158 2856 3289 2897 esse
3320 2837 3601 2911 dubiam,
3631 2845 3697 2900 et

2120 2927 2243 2989 tale
2282 2928 2545 2989 dubium
2575 2930 2805 2990 fatetur
2838 2948 2965 2991 esse
2988 2930 3300 3005 haeresim,
3334 2930 3695 2993 hominem·

2118 3040 2239 3100 que
2266 3022 2445 3083 illum
2470 3023 2835 3085 haereticum
2880 3042 3033 3099 esse,
3074 3024 3237 3103 quod
3274 3026 3695 3087 certissimum

2119 3120 2209 3173 est
2231 3158 2252 3189 ,
2290 3120 2358 3175 ut
2396 3116 2561 3177 infra
2604 3117 2986 3197 probabitur.
3023 3117 3199 3177 Alius
3230 3118 3454 3178 modus
3506 3118 3697 3177 dubi-

2117 3206 2292 3267 tandi
2338 3226 2468 3270 esse
2496 3218 2719 3288 potest,
2750 3211 2929 3288 juxta
2973 3210 3084 3270 hos
3110 3216 3416 3285 auctore5‚
3448 3228 3560 3289 per
3586 3229 3693 3271 so-

2118 3298 2245 3361 lam
2274 3304 2737 3381 suspensionem
2768 3303 2970 3363 omnis
3000 3320 3303 3380 assensus,
3344 3304 3446 3364 vel
3464 3304 3693 3382 judicii

2121 3393 2491 3469 intellectuS,
2522 3402 2649 3457 tam
2692 3395 2833 3457 falsi
2872 3414 3060 3475 quam
3099 3397 3250 3469 veri,
3302 3398 3449 3477 quia
3486 3398 3553 3457 in
3600 3399 3691 3457 ri-

2120 3506 2269 3566 gore
2308 3489 2387 3549 ad
2414 3491 2718 3551 rationem
2746 3490 3152 3551 dubitationis
3178 3489 3339 3551 nihil
3382 3491 3549 3553 aliud
3582 3510 3692 3553 ne·

2120 3582 2451 3643 cessarium
2502 3590 2613 3643 est.
2659 3582 2831 3643 Unde
2885 3584 3084 3645 solent
3118 3582 3419 3663 Theologi
3465 3586 3690 3647 distin-

2120 3692 2311 3753 guere
2340 3676 2600 3735 dubium
2631 3676 2993 3755 negativum
3031 3695 3069 3737 a
3094 3677 3401 3755 positivo3
3434 3695 3561 3737 non
3593 3680 3691 3739 vi-

2120 3768 2301 3829 detur
2345 3774 2559 3829 autem
2606 3788 2785 3849 posse
2831 3771 3192 3849 negativum
3226 3770 3488 3831 dubium
3514 3818 3535 3849 ,
3570 3773 3691 3833 uisi

2122 3879 2232 3939 per
2276 3862 2738 3940 suspensionem
2773 3864 2975 3923 omnis
3017 3869 3216 3939 actm,
3254 3863 3574 3943 explicari.
3610 3868 3689 3927 De

2119 3954 2235 4015 hoc
2277 3975 2425 4035 ergo
2463 3956 2686 4032 dubio,
2731 3961 2921 4017 etiam
2963 3976 3103 4018 cum
3146 3958 3490 4037 pertinacia
3540 3978 3689 4019 con-

2122 4054 2318 4128 cepto,
2349 4050 2525 4111 aiunt
2552 4051 2698 4111 dicti
2736 4059 3013 4114 auctores
3048 4072 3173 4115 non
3202 4071 3331 4115 esse
3368 4053 3682 4129 haeresim,

2124 4143 2405 4221 quamvis
2463 4143 2774 4205 fateantur
2822 4164 2951 4207 esse
3006 4160 3259 4225 gravem
3312 4154 3635 4227 peccatum
3660 4192 3681 4225 ‚

2125 4236 2435 4316 expellens
2481 4244 2676 4299 totam
2728 4238 2937 4315 fidem,
2978 4258 3051 4301 ac
3098 4240 3360 4303 subinde
3393 4258 3523 4302 esse
3570 4242 3685 4302 ali-

2124 4349 2310 4411 quam
2348 4331 2822 4408 infidelitatem3
2856 4332 3097 4395 addunt
3138 4340 3350 4395 tamen
3399 4352 3533 4395 esse
3558 4334 3689 4414 pri-

2124 4426 2417 4500 vativam,
2454 4444 2577 4486 non
2603 4427 2957 4505 positivam,
2986 4435 3050 4488 et
3087 4427 3226 4488 ideo
3250 4445 3377 4488 uon
3406 4446 3537 4489 esse
3561 4430 3690 4491 hae-

2123 4517 2333 4593 resim,
2366 4536 2569 4598 neque
2596 4518 2877 4581 sufficere
2904 4520 2979 4581 ad
3010 4538 3225 4601 poenas
3249 4520 3687 4585 haereticorum

2125 4611 2547 4674 incurrendaS.

2204 4706 2264 4766 9.
2314 4704 2592 4766 Primum
2618 4704 3079 4783 fundamentum
3109 4710 3421 4788 proedictoe
3446 4714 3689 4773 sentcn-

2125 4794 2246 4859 tioe.
2266 4828 2347 4842 —
2377 4794 2741 4860 Secundum.
2762 4798 3149 4861 —Tertium
3180 4834 3262 4846 —
3284 4801 3685 4864 Fundamen-

2126 4897 2263 4950 tum
2294 4907 2506 4951 eorum
2542 4890 2740 4951 solum
2786 4897 2883 4951 est
2920 4891 3076 4953 illud
3112 4900 3345 4955 tactum
3372 4895 3439 4955 in
3480 4896 3687 4975 primo

2126 4988 2531 5061 argumento,
2578 5001 2752 5045 num.
2803 4987 2879 5059 1,
2918 4985 3067 5063 quia
3106 4988 3215 5065 qui
3276 4985 3533 5058 dubitat,
3576 4989 3687 5051 illo

2124 5076 2331 5151 mode,
2366 5075 2644 5137 nondum
2670 5082 2835 5137 errat
2848 5092 2871 5154 3
2896 5095 3043 5157 ergo
3070 5097 3195 5140 non
3216 5085 3308 5141 est
3334 5080 3685 5156 haereticus,

2124 5169 2273 5248 quia
2298 5168 2403 5230 ille
2442 5174 2685 5229 tantum
2730 5169 2842 5249 qui
2876 5171 2943 5231 in
2972 5171 3097 5233 fide
3138 5180 3325 5249 errat,
3356 5174 3687 5237 haereticus

2125 5268 2443 5337 censetur,
2498 5269 2568 5324 ut
2610 5282 2689 5325 ex
2724 5264 3007 5325 Patribus
3048 5284 3087 5327 a
3134 5266 3311 5328 nobis
3351 5268 3686 5347 probatum

2124 5362 2237 5416 est.
2272 5354 2575 5432 Secundo,
2603 5355 2854 5419 haeresis
2881 5365 2973 5421 est
3004 5361 3313 5422 contraria
3344 5361 3492 5423 fidei
3515 5378 3538 5439 3
3568 5364 3685 5425 du-

2122 5448 2339 5510 bitatio
2376 5467 2501 5509 non
2528 5455 2619 5511 est
2641 5452 2990 5531 contraria3
3026 5471 3177 5531 ergo
3204 5472 3331 5516 uon
3370 5462 3464 5517 est
3489 5456 3686 5519 hoere-

2122 5541 2221 5604 sis.
2261 5540 2562 5605 Probatur
2604 5544 2812 5607 minor
2835 5588 2860 5621 ,
2892 5548 3039 5627 quia
3094 5544 3247 5609 fides
3284 5548 3565 5611 consistit
3615 5552 3687 5615 in
