<?xml version="1.0" encoding="UTF-8"?>
<!DOCTYPE html PUBLIC "-//W3C//DTD XHTML 1.0 Transitional//EN"
    "http://www.w3.org/TR/xhtml1/DTD/xhtml1-transitional.dtd">
<html xmlns="http://www.w3.org/1999/xhtml" xml:lang="en" lang="en">
 <head>
  <title>
</title>
<meta http-equiv="Content-Type" content="text/html;charset=utf-8" />
  <meta name='ocr-system' content='tesseract 3.04.00' />
  <meta name='ocr-capabilities' content='ocr_page ocr_carea ocr_par ocr_line ocrx_word'/>
</head>
<body>
  <div class='ocr_page' id='page_1' title='image "./rpfranciscisuar00duvagoog_0708.png"; bbox 0 0 3900 6217; ppageno 0'>
   <div class='ocr_carea' id='block_1_1' title="bbox 563 348 2838 413">
    <p class='ocr_par' dir='ltr' id='par_1_1' title="bbox 563 348 2838 413">
     <span class='ocr_line' id='line_1_1' title="bbox 563 348 2838 413; baseline -0.005 0"><span class='ocrx_word' id='word_1_1' title='bbox 563 350 683 413; x_wconf 84' lang='grc'><strong>690</strong></span> <span class='ocrx_word' id='word_1_2' title='bbox 1495 351 1730 405; x_wconf 70' lang='lat' dir='ltr'><strong>msru‘r.</strong></span> <span class='ocrx_word' id='word_1_3' title='bbox 1768 350 1872 403; x_wconf 85' lang='lat' dir='ltr'><strong>vu.</strong></span> <span class='ocrx_word' id='word_1_4' title='bbox 1910 350 1990 401; x_wconf 73' lang='lat' dir='ltr'><strong>nn</strong></span> <span class='ocrx_word' id='word_1_5' title='bbox 2024 348 2364 401; x_wconf 71' lang='lat' dir='ltr'><strong>rnAEcsr‘ro</strong></span> <span class='ocrx_word' id='word_1_6' title='bbox 2397 348 2838 402; x_wconf 63' lang='lat' dir='ltr'><strong>Essenosvnffl.</strong></span> 
     </span>
    </p>
   </div>
   <div class='ocr_carea' id='block_1_2' title="bbox 563 450 2141 4511">
    <p class='ocr_par' dir='ltr' id='par_1_2' title="bbox 570 450 2140 1076">
     <span class='ocr_line' id='line_1_2' title="bbox 570 450 2138 539; baseline -0.006 -21"><span class='ocrx_word' id='word_1_7' title='bbox 570 460 811 539; x_wconf 83' lang='lat' dir='ltr'><strong>justus:</strong></span> <span class='ocrx_word' id='word_1_8' title='bbox 862 473 1009 535; x_wconf 82' lang='lat' dir='ltr'><strong>ergo</strong></span> <span class='ocrx_word' id='word_1_9' title='bbox 1036 455 1281 516; x_wconf 82' lang='lat' dir='ltr'><strong>induxit</strong></span> <span class='ocrx_word' id='word_1_10' title='bbox 1313 454 1790 532; x_wconf 81' lang='lat' dir='ltr'><strong>obligationem3</strong></span> <span class='ocrx_word' id='word_1_11' title='bbox 1816 450 1943 511; x_wconf 93' lang='lat' dir='ltr'><strong>imo</strong></span> <span class='ocrx_word' id='word_1_12' title='bbox 1989 467 2138 510; x_wconf 86' lang='lat' dir='ltr'><strong>con-</strong></span> 
     </span>
     <span class='ocr_line' id='line_1_3' title="bbox 574 542 2136 624; baseline -0.006 -13"><span class='ocrx_word' id='word_1_13' title='bbox 574 558 837 612; x_wconf 87' lang='lat' dir='ltr'><strong>tractum</strong></span> <span class='ocrx_word' id='word_1_14' title='bbox 891 549 1065 610; x_wconf 87' lang='lat' dir='ltr'><strong>illum</strong></span> <span class='ocrx_word' id='word_1_15' title='bbox 1103 567 1235 609; x_wconf 88' lang='lat' dir='ltr'><strong>esse</strong></span> <span class='ocrx_word' id='word_1_16' title='bbox 1274 553 1487 609; x_wconf 91' lang='lat' dir='ltr'><strong>contra</strong></span> <span class='ocrx_word' id='word_1_17' title='bbox 1520 547 1621 624; x_wconf 87' lang='lat' dir='ltr'><strong>jus</strong></span> <span class='ocrx_word' id='word_1_18' title='bbox 1644 542 1980 617; x_wconf 84' lang='lat' dir='ltr'><strong>charitatis,</strong></span> <span class='ocrx_word' id='word_1_19' title='bbox 2009 560 2136 602; x_wconf 86' lang='lat' dir='ltr'><strong>non</strong></span> 
     </span>
     <span class='ocr_line' id='line_1_4' title="bbox 572 636 2140 721; baseline -0.007 -16"><span class='ocrx_word' id='word_1_20' title='bbox 572 648 717 705; x_wconf 87' lang='lat' dir='ltr'><strong>satis</strong></span> <span class='ocrx_word' id='word_1_21' title='bbox 755 648 1023 714; x_wconf 85' lang='lat' dir='ltr'><strong>constat;</strong></span> <span class='ocrx_word' id='word_1_22' title='bbox 1056 660 1270 721; x_wconf 87' lang='lat' dir='ltr'><strong>quare,</strong></span> <span class='ocrx_word' id='word_1_23' title='bbox 1310 647 1423 701; x_wconf 88' lang='lat' dir='ltr'><strong>etc.</strong></span> <span class='ocrx_word' id='word_1_24' title='bbox 1474 638 1650 699; x_wconf 84' lang='lat' dir='ltr'>Unde</span> <span class='ocrx_word' id='word_1_25' title='bbox 1684 638 1905 697; x_wconf 91' lang='lat' dir='ltr'><strong>merito</strong></span> <span class='ocrx_word' id='word_1_26' title='bbox 1940 636 2140 696; x_wconf 88' lang='lat' dir='ltr'><strong>Theo-</strong></span> 
     </span>
     <span class='ocr_line' id='line_1_5' title="bbox 572 730 2136 817; baseline -0.006 -18"><span class='ocrx_word' id='word_1_27' title='bbox 572 739 719 817; x_wconf 87' lang='lat' dir='ltr'><strong>logi,</strong></span> <span class='ocrx_word' id='word_1_28' title='bbox 752 738 815 797; x_wconf 92' lang='lat' dir='ltr'><strong>in</strong></span> <span class='ocrx_word' id='word_1_29' title='bbox 836 738 897 811; x_wconf 74' lang='lat'><strong>4,</strong></span> <span class='ocrx_word' id='word_1_30' title='bbox 928 736 1200 795; x_wconf 83' lang='lat' dir='ltr'><strong>distinct.</strong></span> <span class='ocrx_word' id='word_1_31' title='bbox 1230 736 1328 809; x_wconf 81' lang='grc'><strong>15,</strong></span> <span class='ocrx_word' id='word_1_32' title='bbox 1352 738 1683 793; x_wconf 77' lang='lat' dir='ltr'><strong>tractantes</strong></span> <span class='ocrx_word' id='word_1_33' title='bbox 1712 749 1793 791; x_wconf 88' lang='lat' dir='ltr'><strong>an</strong></span> <span class='ocrx_word' id='word_1_34' title='bbox 1814 730 2136 789; x_wconf 83' lang='lat' dir='ltr'>restituere</span> 
     </span>
     <span class='ocr_line' id='line_1_6' title="bbox 573 824 2138 907; baseline -0.006 -16"><span class='ocrx_word' id='word_1_35' title='bbox 573 837 859 891; x_wconf 83' lang='lat' dir='ltr'><strong>teneatur</strong></span> <span class='ocrx_word' id='word_1_36' title='bbox 882 829 1015 907; x_wconf 81' lang='lat' dir='ltr'><strong>’qui</strong></span> <span class='ocrx_word' id='word_1_37' title='bbox 1070 827 1304 906; x_wconf 86' lang='lat' dir='ltr'><strong>aliquid</strong></span> <span class='ocrx_word' id='word_1_38' title='bbox 1362 826 1595 903; x_wconf 86' lang='lat' dir='ltr'><strong>accepit</strong></span> <span class='ocrx_word' id='word_1_39' title='bbox 1643 824 1707 884; x_wconf 92' lang='lat' dir='ltr'><strong>in</strong></span> <span class='ocrx_word' id='word_1_40' title='bbox 1776 824 2138 883; x_wconf 82' lang='lat' dir='ltr'><strong>necessitate</strong></span> 
     </span>
     <span class='ocr_line' id='line_1_7' title="bbox 572 914 2139 997; baseline -0.008 -13"><span class='ocrx_word' id='word_1_41' title='bbox 572 923 964 997; x_wconf 89' lang='lat' dir='ltr'><strong>constitutus,</strong></span> <span class='ocrx_word' id='word_1_42' title='bbox 1004 922 1080 979; x_wconf 91' lang='lat' dir='ltr'><strong>de</strong></span> <span class='ocrx_word' id='word_1_43' title='bbox 1106 927 1379 981; x_wconf 84' lang='lat' dir='ltr'><strong>extrema</strong></span> <span class='ocrx_word' id='word_1_44' title='bbox 1411 918 1537 978; x_wconf 85' lang='lat' dir='ltr'><strong>fere</strong></span> <span class='ocrx_word' id='word_1_45' title='bbox 1575 918 1637 977; x_wconf 93' lang='lat' dir='ltr'><strong>id</strong></span> <span class='ocrx_word' id='word_1_46' title='bbox 1681 927 1933 994; x_wconf 84' lang='lat' dir='ltr'><strong>negant.</strong></span> <span class='ocrx_word' id='word_1_47' title='bbox 1966 914 2139 993; x_wconf 84' lang='lat' dir='ltr'><strong>quasi</strong></span> 
     </span>
     <span class='ocr_line' id='line_1_8' title="bbox 571 1010 1657 1076; baseline -0.005 0"><span class='ocrx_word' id='word_1_48' title='bbox 571 1020 635 1076; x_wconf 91' lang='lat' dir='ltr'><strong>in</strong></span> <span class='ocrx_word' id='word_1_49' title='bbox 674 1015 899 1075; x_wconf 87' lang='lat' dir='ltr'><strong>minori</strong></span> <span class='ocrx_word' id='word_1_50' title='bbox 927 1014 1046 1073; x_wconf 90' lang='lat' dir='ltr'><strong>alia</strong></span> <span class='ocrx_word' id='word_1_51' title='bbox 1072 1014 1149 1073; x_wconf 88' lang='lat' dir='ltr'><strong>sit</strong></span> <span class='ocrx_word' id='word_1_52' title='bbox 1177 1010 1657 1072; x_wconf 86' lang='lat' dir='ltr'><strong>concedendum.</strong></span> 
     </span>
    </p>

    <p class='ocr_par' dir='ltr' id='par_1_3' title="bbox 563 1100 2137 2302">
     <span class='ocr_line' id='line_1_9' title="bbox 650 1100 2136 1187; baseline -0.005 -19"><span class='ocrx_word' id='word_1_53' title='bbox 650 1110 710 1168; x_wconf 83' lang='lat'><strong>9.</strong></span> <span class='ocrx_word' id='word_1_54' title='bbox 760 1106 959 1169; x_wconf 69' lang='lat' dir='ltr'><strong>Semta</strong></span> <span class='ocrx_word' id='word_1_55' title='bbox 996 1107 1291 1168; x_wconf 75' lang='lat' dir='ltr'><strong>conclusio</strong></span> <span class='ocrx_word' id='word_1_56' title='bbox 1319 1105 1471 1165; x_wconf 70' lang='lat' dir='ltr'><strong>undo</strong></span> <span class='ocrx_word' id='word_1_57' title='bbox 1507 1104 1815 1187; x_wconf 47' lang='lat' dir='ltr'><strong>suad‘etur.</strong></span> <span class='ocrx_word' id='word_1_58' title='bbox 1862 1133 1943 1145; x_wconf 96' lang='lat'><strong>—</strong></span> <span class='ocrx_word' id='word_1_59' title='bbox 1985 1100 2136 1160; x_wconf 85' lang='lat' dir='ltr'><strong>Dico</strong></span> 
     </span>
     <span class='ocr_line' id='line_1_10' title="bbox 568 1194 2134 1278; baseline -0.004 -17"><span class='ocrx_word' id='word_1_60' title='bbox 568 1207 773 1261; x_wconf 83' lang='lat' dir='ltr'><strong>sexto:</strong></span> <span class='ocrx_word' id='word_1_61' title='bbox 803 1203 851 1258; x_wconf 92' lang='lat' dir='ltr'><strong>si</strong></span> <span class='ocrx_word' id='word_1_62' title='bbox 882 1200 1021 1278; x_wconf 87' lang='lat' dir='ltr'><strong>quis</strong></span> <span class='ocrx_word' id='word_1_63' title='bbox 1050 1204 1225 1259; x_wconf 83' lang='lat' dir='ltr'><strong>extra</strong></span> <span class='ocrx_word' id='word_1_64' title='bbox 1250 1216 1458 1257; x_wconf 87' lang='lat' dir='ltr'><strong>casum</strong></span> <span class='ocrx_word' id='word_1_65' title='bbox 1492 1201 1785 1257; x_wconf 72' lang='lat' dir='ltr'><strong>extremae</strong></span> <span class='ocrx_word' id='word_1_66' title='bbox 1808 1194 2134 1255; x_wconf 89' lang='lat' dir='ltr'><strong>necessita·-</strong></span> 
     </span>
     <span class='ocr_line' id='line_1_11' title="bbox 563 1286 2131 1369; baseline -0.006 -16"><span class='ocrx_word' id='word_1_67' title='bbox 563 1295 646 1353; x_wconf 86' lang='lat' dir='ltr'><strong>tis</strong></span> <span class='ocrx_word' id='word_1_68' title='bbox 670 1292 1018 1366; x_wconf 87' lang='lat' dir='ltr'><strong>subveniat,</strong></span> <span class='ocrx_word' id='word_1_69' title='bbox 1044 1291 1142 1351; x_wconf 84' lang='lat' dir='ltr'><strong>vel</strong></span> <span class='ocrx_word' id='word_1_70' title='bbox 1172 1289 1481 1369; x_wconf 87' lang='lat' dir='ltr'><strong>obligetur</strong></span> <span class='ocrx_word' id='word_1_71' title='bbox 1509 1289 1586 1349; x_wconf 87' lang='lat' dir='ltr'><strong>ad</strong></span> <span class='ocrx_word' id='word_1_72' title='bbox 1614 1286 2131 1361; x_wconf 83' lang='lat' dir='ltr'><strong>subveniendum,</strong></span> 
     </span>
     <span class='ocr_line' id='line_1_12' title="bbox 567 1378 2135 1463; baseline -0.006 -16"><span class='ocrx_word' id='word_1_73' title='bbox 567 1405 694 1447; x_wconf 91' lang='lat' dir='ltr'><strong>non</strong></span> <span class='ocrx_word' id='word_1_74' title='bbox 722 1404 799 1445; x_wconf 81' lang='lat' dir='ltr'><strong>ex</strong></span> <span class='ocrx_word' id='word_1_75' title='bbox 823 1383 1148 1463; x_wconf 85' lang='lat' dir='ltr'><strong>superfluis</strong></span> <span class='ocrx_word' id='word_1_76' title='bbox 1172 1381 1559 1461; x_wconf 89' lang='lat' dir='ltr'><strong>simpliciter,</strong></span> <span class='ocrx_word' id='word_1_77' title='bbox 1584 1381 1689 1440; x_wconf 91' lang='lat' dir='ltr'><strong>sed</strong></span> <span class='ocrx_word' id='word_1_78' title='bbox 1718 1380 1925 1458; x_wconf 88' lang='lat' dir='ltr'><strong>aliquo</strong></span> <span class='ocrx_word' id='word_1_79' title='bbox 1954 1378 2135 1438; x_wconf 88' lang='lat' dir='ltr'><strong>modo</strong></span> 
     </span>
     <span class='ocr_line' id='line_1_13' title="bbox 566 1471 2132 1550; baseline -0.005 -11"><span class='ocrx_word' id='word_1_80' title='bbox 566 1498 643 1540; x_wconf 88' lang='lat' dir='ltr'><strong>ex</strong></span> <span class='ocrx_word' id='word_1_81' title='bbox 692 1477 1045 1538; x_wconf 87' lang='lat' dir='ltr'><strong>necessariis</strong></span> <span class='ocrx_word' id='word_1_82' title='bbox 1094 1476 1170 1536; x_wconf 91' lang='lat' dir='ltr'><strong>ad</strong></span> <span class='ocrx_word' id='word_1_83' title='bbox 1220 1481 1473 1547; x_wconf 85' lang='lat' dir='ltr'><strong>statum,</strong></span> <span class='ocrx_word' id='word_1_84' title='bbox 1520 1492 1645 1534; x_wconf 92' lang='lat' dir='ltr'><strong>non</strong></span> <span class='ocrx_word' id='word_1_85' title='bbox 1698 1472 2012 1550; x_wconf 87' lang='lat' dir='ltr'><strong>obligatur</strong></span> <span class='ocrx_word' id='word_1_86' title='bbox 2055 1471 2132 1532; x_wconf 90' lang='lat' dir='ltr'><strong>ad</strong></span> 
     </span>
     <span class='ocr_line' id='line_1_14' title="bbox 565 1564 2135 1641; baseline -0.005 -10"><span class='ocrx_word' id='word_1_87' title='bbox 565 1572 861 1631; x_wconf 88' lang='lat' dir='ltr'><strong>dandum.</strong></span> <span class='ocrx_word' id='word_1_88' title='bbox 909 1570 1014 1629; x_wconf 89' lang='lat' dir='ltr'><strong>sed</strong></span> <span class='ocrx_word' id='word_1_89' title='bbox 1061 1570 1139 1629; x_wconf 89' lang='lat' dir='ltr'><strong>ad</strong></span> <span class='ocrx_word' id='word_1_90' title='bbox 1190 1569 1627 1641; x_wconf 87' lang='lat' dir='ltr'><strong>mutuandum,</strong></span> <span class='ocrx_word' id='word_1_91' title='bbox 1672 1566 1771 1626; x_wconf 85' lang='lat' dir='ltr'><strong>vel</strong></span> <span class='ocrx_word' id='word_1_92' title='bbox 1819 1566 1897 1624; x_wconf 84' lang='lat' dir='ltr'><strong>ad</strong></span> <span class='ocrx_word' id='word_1_93' title='bbox 1942 1564 2135 1625; x_wconf 88' lang='lat' dir='ltr'><strong>alium</strong></span> 
     </span>
     <span class='ocr_line' id='line_1_15' title="bbox 568 1659 2136 1741; baseline -0.005 -17"><span class='ocrx_word' id='word_1_94' title='bbox 568 1664 823 1724; x_wconf 88' lang='lat' dir='ltr'><strong>modum</strong></span> <span class='ocrx_word' id='word_1_95' title='bbox 896 1661 1185 1721; x_wconf 81' lang='lat' dir='ltr'><strong>similem.</strong></span> <span class='ocrx_word' id='word_1_96' title='bbox 1243 1662 1370 1721; x_wconf 90' lang='lat' dir='ltr'><strong>Hoc</strong></span> <span class='ocrx_word' id='word_1_97' title='bbox 1436 1659 1702 1741; x_wconf 83' lang='lat' dir='ltr'><strong>probant</strong></span> <span class='ocrx_word' id='word_1_98' title='bbox 1766 1664 2136 1736; x_wconf 85' lang='lat' dir='ltr'><strong>argumenta</strong></span> 
     </span>
     <span class='ocr_line' id='line_1_16' title="bbox 568 1752 2134 1837; baseline -0.004 -20"><span class='ocrx_word' id='word_1_99' title='bbox 568 1760 786 1837; x_wconf 84' lang='lat' dir='ltr'><strong>primae</strong></span> <span class='ocrx_word' id='word_1_100' title='bbox 823 1755 1157 1835; x_wconf 87' lang='lat' dir='ltr'><strong>opinionis,</strong></span> <span class='ocrx_word' id='word_1_101' title='bbox 1189 1760 1250 1814; x_wconf 92' lang='lat' dir='ltr'><strong>et</strong></span> <span class='ocrx_word' id='word_1_102' title='bbox 1279 1755 1440 1814; x_wconf 86' lang='lat' dir='ltr'><strong>dicta</strong></span> <span class='ocrx_word' id='word_1_103' title='bbox 1478 1757 1543 1813; x_wconf 93' lang='lat' dir='ltr'><strong>in</strong></span> <span class='ocrx_word' id='word_1_104' title='bbox 1574 1752 1940 1832; x_wconf 71' lang='lat' dir='ltr'><strong>praecedenti</strong></span> <span class='ocrx_word' id='word_1_105' title='bbox 1981 1769 2134 1811; x_wconf 92' lang='lat' dir='ltr'><strong>con-</strong></span> 
     </span>
     <span class='ocr_line' id='line_1_17' title="bbox 568 1849 2136 1929; baseline -0.004 -18"><span class='ocrx_word' id='word_1_106' title='bbox 568 1852 872 1923; x_wconf 89' lang='lat' dir='ltr'><strong>clusione;</strong></span> <span class='ocrx_word' id='word_1_107' title='bbox 918 1856 1211 1929; x_wconf 83' lang='lat' dir='ltr'><strong>praeterea</strong></span> <span class='ocrx_word' id='word_1_108' title='bbox 1256 1849 1428 1927; x_wconf 90' lang='lat' dir='ltr'><strong>quia,</strong></span> <span class='ocrx_word' id='word_1_109' title='bbox 1466 1857 1535 1907; x_wconf 87' lang='lat' dir='ltr'><strong>ut</strong></span> <span class='ocrx_word' id='word_1_110' title='bbox 1580 1852 1749 1926; x_wconf 88' lang='lat' dir='ltr'><strong>patet</strong></span> <span class='ocrx_word' id='word_1_111' title='bbox 1790 1866 1867 1907; x_wconf 88' lang='lat' dir='ltr'><strong>ex</strong></span> <span class='ocrx_word' id='word_1_112' title='bbox 1912 1864 2136 1923; x_wconf 84' lang='lat' dir='ltr'><strong>praece-</strong></span> 
     </span>
     <span class='ocr_line' id='line_1_18' title="bbox 568 1942 2137 2018; baseline -0.004 -13"><span class='ocrx_word' id='word_1_113' title='bbox 568 1945 737 2005; x_wconf 87' lang='lat' dir='ltr'><strong>denti</strong></span> <span class='ocrx_word' id='word_1_114' title='bbox 769 1943 1180 2015; x_wconf 81' lang='lat' dir='ltr'><strong>conclusione,</strong></span> <span class='ocrx_word' id='word_1_115' title='bbox 1208 1960 1305 2003; x_wconf 89' lang='lat' dir='ltr'><strong>res</strong></span> <span class='ocrx_word' id='word_1_116' title='bbox 1332 1947 1425 2002; x_wconf 91' lang='lat' dir='ltr'><strong>est</strong></span> <span class='ocrx_word' id='word_1_117' title='bbox 1447 1942 1714 2015; x_wconf 81' lang='lat' dir='ltr'><strong>incerta3</strong></span> <span class='ocrx_word' id='word_1_118' title='bbox 1738 1958 1885 2018; x_wconf 88' lang='lat' dir='ltr'><strong>ergo</strong></span> <span class='ocrx_word' id='word_1_119' title='bbox 1914 1945 2005 2000; x_wconf 90' lang='lat' dir='ltr'><strong>est</strong></span> <span class='ocrx_word' id='word_1_120' title='bbox 2033 1956 2137 1999; x_wconf 86' lang='lat' dir='ltr'><strong>ex-</strong></span> 
     </span>
     <span class='ocr_line' id='line_1_19' title="bbox 570 2031 2130 2117; baseline -0.004 -20"><span class='ocrx_word' id='word_1_121' title='bbox 570 2037 853 2117; x_wconf 88' lang='lat' dir='ltr'><strong>plicanda</strong></span> <span class='ocrx_word' id='word_1_122' title='bbox 875 2036 1144 2095; x_wconf 80' lang='lat' dir='ltr'><strong>suaviori</strong></span> <span class='ocrx_word' id='word_1_123' title='bbox 1172 2034 1372 2094; x_wconf 73' lang='lat' dir='ltr'><strong>modo</strong></span> <span class='ocrx_word' id='word_1_124' title='bbox 1400 2035 1551 2094; x_wconf 88' lang='lat' dir='ltr'><strong>Item</strong></span> <span class='ocrx_word' id='word_1_125' title='bbox 1574 2034 1683 2111; x_wconf 91' lang='lat' dir='ltr'><strong>qui</strong></span> <span class='ocrx_word' id='word_1_126' title='bbox 1712 2034 1797 2093; x_wconf 88' lang='lat' dir='ltr'><strong>sic</strong></span> <span class='ocrx_word' id='word_1_127' title='bbox 1820 2031 2130 2106; x_wconf 83' lang='lat' dir='ltr'><strong>subvenit,</strong></span> 
     </span>
     <span class='ocr_line' id='line_1_20' title="bbox 568 2127 2136 2207; baseline -0.003 -17"><span class='ocrx_word' id='word_1_128' title='bbox 568 2133 753 2191; x_wconf 89' lang='lat' dir='ltr'><strong>etiam</strong></span> <span class='ocrx_word' id='word_1_129' title='bbox 786 2130 1022 2207; x_wconf 84' lang='lat' dir='ltr'><strong>indiget</strong></span> <span class='ocrx_word' id='word_1_130' title='bbox 1051 2127 1175 2188; x_wconf 90' lang='lat' dir='ltr'><strong>illis</strong></span> <span class='ocrx_word' id='word_1_131' title='bbox 1206 2128 1418 2205; x_wconf 86' lang='lat' dir='ltr'><strong>bonis;</strong></span> <span class='ocrx_word' id='word_1_132' title='bbox 1450 2144 1599 2205; x_wconf 85' lang='lat' dir='ltr'><strong>ergo</strong></span> <span class='ocrx_word' id='word_1_133' title='bbox 1632 2144 1759 2187; x_wconf 90' lang='lat' dir='ltr'><strong>non</strong></span> <span class='ocrx_word' id='word_1_134' title='bbox 1788 2128 1919 2187; x_wconf 90' lang='lat' dir='ltr'><strong>sine</strong></span> <span class='ocrx_word' id='word_1_135' title='bbox 1952 2143 2136 2186; x_wconf 89' lang='lat' dir='ltr'><strong>causa</strong></span> 
     </span>
     <span class='ocr_line' id='line_1_21' title="bbox 573 2222 1543 2302; baseline -0.003 -19"><span class='ocrx_word' id='word_1_136' title='bbox 573 2230 772 2302; x_wconf 85' lang='lat' dir='ltr'><strong>potest</strong></span> <span class='ocrx_word' id='word_1_137' title='bbox 802 2240 863 2282; x_wconf 91' lang='lat' dir='ltr'><strong>se</strong></span> <span class='ocrx_word' id='word_1_138' title='bbox 892 2222 1248 2281; x_wconf 87' lang='lat' dir='ltr'><strong>indemnem</strong></span> <span class='ocrx_word' id='word_1_139' title='bbox 1280 2237 1543 2281; x_wconf 86' lang='lat' dir='ltr'><strong>servare.</strong></span> 
     </span>
    </p>

    <p class='ocr_par' dir='ltr' id='par_1_4' title="bbox 568 2313 2141 4511">
     <span class='ocr_line' id='line_1_22' title="bbox 651 2313 2138 2394; baseline -0.005 -18"><span class='ocrx_word' id='word_1_140' title='bbox 651 2320 747 2376; x_wconf 88' lang='grc'><strong>10.</strong></span> <span class='ocrx_word' id='word_1_141' title='bbox 794 2313 895 2377; x_wconf 84' lang='lat' dir='ltr'><strong>Ad</strong></span> <span class='ocrx_word' id='word_1_142' title='bbox 908 2315 1183 2394; x_wconf 75' lang='lat' dir='ltr'><strong>primum</strong></span> <span class='ocrx_word' id='word_1_143' title='bbox 1220 2317 1638 2393; x_wconf 72' lang='lat' dir='ltr'><strong>aryumentum</strong></span> <span class='ocrx_word' id='word_1_144' title='bbox 1663 2313 1727 2373; x_wconf 82' lang='lat' dir='ltr'><strong>in</strong></span> <span class='ocrx_word' id='word_1_145' title='bbox 1756 2328 1919 2373; x_wconf 79' lang='lat' dir='ltr'><strong>num.</strong></span> <span class='ocrx_word' id='word_1_146' title='bbox 1952 2314 2008 2370; x_wconf 88' lang='grc'><strong>1.</strong></span> <span class='ocrx_word' id='word_1_147' title='bbox 2055 2344 2138 2354; x_wconf 94' lang='grc'>-</span> 
     </span>
     <span class='ocr_line' id='line_1_23' title="bbox 569 2404 2136 2489; baseline -0.004 -20"><span class='ocrx_word' id='word_1_148' title='bbox 569 2407 669 2469; x_wconf 83' lang='lat' dir='ltr'><strong>Ad</strong></span> <span class='ocrx_word' id='word_1_149' title='bbox 684 2410 955 2489; x_wconf 80' lang='lat' dir='ltr'><strong>primam</strong></span> <span class='ocrx_word' id='word_1_150' title='bbox 979 2404 1693 2487; x_wconf 70' lang='lat' dir='ltr'><strong>confirmationem—Ad</strong></span> <span class='ocrx_word' id='word_1_151' title='bbox 1713 2406 2136 2467; x_wconf 74' lang='lat' dir='ltr'><strong>secundam.—</strong></span> 
     </span>
     <span class='ocr_line' id='line_1_24' title="bbox 570 2499 2138 2579; baseline -0.003 -17"><span class='ocrx_word' id='word_1_152' title='bbox 570 2502 661 2562; x_wconf 84' lang='lat' dir='ltr'><strong>Ad</strong></span> <span class='ocrx_word' id='word_1_153' title='bbox 696 2506 1131 2579; x_wconf 82' lang='lat' dir='ltr'><strong>argumentum</strong></span> <span class='ocrx_word' id='word_1_154' title='bbox 1175 2500 1389 2579; x_wconf 83' lang='lat' dir='ltr'><strong>primoe</strong></span> <span class='ocrx_word' id='word_1_155' title='bbox 1428 2500 1757 2578; x_wconf 77' lang='lat' dir='ltr'><strong>opinioniS,</strong></span> <span class='ocrx_word' id='word_1_156' title='bbox 1792 2499 1976 2557; x_wconf 81' lang='lat' dir='ltr'><strong>dic-ito</strong></span> <span class='ocrx_word' id='word_1_157' title='bbox 2009 2515 2138 2557; x_wconf 88' lang='lat' dir='ltr'><strong>non</strong></span> 
     </span>
     <span class='ocr_line' id='line_1_25' title="bbox 570 2590 2135 2665; baseline -0.003 -11"><span class='ocrx_word' id='word_1_158' title='bbox 570 2596 770 2654; x_wconf 85' lang='lat' dir='ltr'><strong>solum</strong></span> <span class='ocrx_word' id='word_1_159' title='bbox 815 2596 1013 2655; x_wconf 87' lang='lat' dir='ltr'><strong>teneri</strong></span> <span class='ocrx_word' id='word_1_160' title='bbox 1060 2594 1315 2653; x_wconf 86' lang='lat' dir='ltr'><strong>divitem</strong></span> <span class='ocrx_word' id='word_1_161' title='bbox 1347 2594 1425 2652; x_wconf 90' lang='lat' dir='ltr'><strong>ad</strong></span> <span class='ocrx_word' id='word_1_162' title='bbox 1471 2591 1986 2665; x_wconf 86' lang='lat' dir='ltr'><strong>subveniendum,</strong></span> <span class='ocrx_word' id='word_1_163' title='bbox 2031 2590 2135 2650; x_wconf 90' lang='lat' dir='ltr'><strong>sed</strong></span> 
     </span>
     <span class='ocr_line' id='line_1_26' title="bbox 568 2682 2132 2748; baseline -0.003 0"><span class='ocrx_word' id='word_1_164' title='bbox 568 2690 643 2748; x_wconf 88' lang='lat' dir='ltr'><strong>ad</strong></span> <span class='ocrx_word' id='word_1_165' title='bbox 677 2685 1165 2747; x_wconf 85' lang='lat' dir='ltr'><strong>subveniendum</strong></span> <span class='ocrx_word' id='word_1_166' title='bbox 1194 2685 1379 2745; x_wconf 89' lang='lat' dir='ltr'><strong>modo</strong></span> <span class='ocrx_word' id='word_1_167' title='bbox 1422 2690 1833 2745; x_wconf 85' lang='lat' dir='ltr'><strong>consentaneo</strong></span> <span class='ocrx_word' id='word_1_168' title='bbox 1865 2682 2132 2743; x_wconf 87' lang='lat' dir='ltr'><strong>charita-</strong></span> 
     </span>
     <span class='ocr_line' id='line_1_27' title="bbox 568 2777 2132 2853; baseline -0.002 -16"><span class='ocrx_word' id='word_1_169' title='bbox 568 2781 641 2853; x_wconf 88' lang='lat' dir='ltr'><strong>ti,</strong></span> <span class='ocrx_word' id='word_1_170' title='bbox 685 2786 745 2839; x_wconf 90' lang='lat' dir='ltr'><strong>et</strong></span> <span class='ocrx_word' id='word_1_171' title='bbox 779 2778 1117 2839; x_wconf 89' lang='lat' dir='ltr'><strong>secundum</strong></span> <span class='ocrx_word' id='word_1_172' title='bbox 1164 2778 1439 2839; x_wconf 88' lang='lat' dir='ltr'><strong>debitum</strong></span> <span class='ocrx_word' id='word_1_173' title='bbox 1488 2796 1669 2837; x_wconf 88' lang='lat' dir='ltr'><strong>usum</strong></span> <span class='ocrx_word' id='word_1_174' title='bbox 1710 2792 1939 2836; x_wconf 90' lang='lat' dir='ltr'><strong>rerum.</strong></span> <span class='ocrx_word' id='word_1_175' title='bbox 1981 2777 2132 2835; x_wconf 86' lang='lat' dir='ltr'><strong>Item</strong></span> 
     </span>
     <span class='ocr_line' id='line_1_28' title="bbox 570 2868 2133 2950; baseline -0.002 -19"><span class='ocrx_word' id='word_1_176' title='bbox 570 2872 835 2950; x_wconf 81' lang='lat' dir='ltr'><strong>obligari</strong></span> <span class='ocrx_word' id='word_1_177' title='bbox 863 2872 939 2931; x_wconf 90' lang='lat' dir='ltr'><strong>ad</strong></span> <span class='ocrx_word' id='word_1_178' title='bbox 967 2888 1087 2932; x_wconf 88' lang='lat' dir='ltr'><strong>non</strong></span> <span class='ocrx_word' id='word_1_179' title='bbox 1117 2870 1561 2950; x_wconf 84' lang='lat' dir='ltr'><strong>imponendum</strong></span> <span class='ocrx_word' id='word_1_180' title='bbox 1587 2870 1869 2949; x_wconf 78' lang='lat' dir='ltr'><strong>proximo</strong></span> <span class='ocrx_word' id='word_1_181' title='bbox 1900 2868 2133 2946; x_wconf 86' lang='lat' dir='ltr'><strong>obliga-</strong></span> 
     </span>
     <span class='ocr_line' id='line_1_29' title="bbox 570 2962 2134 3036; baseline -0.004 -11"><span class='ocrx_word' id='word_1_182' title='bbox 570 2967 806 3027; x_wconf 87' lang='lat' dir='ltr'><strong>tionem</strong></span> <span class='ocrx_word' id='word_1_183' title='bbox 844 2964 1140 3025; x_wconf 83' lang='lat' dir='ltr'><strong>reddendi</strong></span> <span class='ocrx_word' id='word_1_184' title='bbox 1178 2966 1309 3025; x_wconf 89' lang='lat' dir='ltr'><strong>sine</strong></span> <span class='ocrx_word' id='word_1_185' title='bbox 1339 2962 1691 3024; x_wconf 86' lang='lat' dir='ltr'><strong>rationabili</strong></span> <span class='ocrx_word' id='word_1_186' title='bbox 1716 2980 1923 3036; x_wconf 83' lang='lat' dir='ltr'><strong>causa,</strong></span> <span class='ocrx_word' id='word_1_187' title='bbox 1955 2966 2017 3021; x_wconf 89' lang='lat' dir='ltr'><strong>et</strong></span> <span class='ocrx_word' id='word_1_188' title='bbox 2048 2962 2134 3020; x_wconf 92' lang='lat' dir='ltr'><strong>sic</strong></span> 
     </span>
     <span class='ocr_line' id='line_1_30' title="bbox 570 3053 2136 3137; baseline -0.003 -19"><span class='ocrx_word' id='word_1_189' title='bbox 570 3057 921 3137; x_wconf 78' lang='lat' dir='ltr'><strong>accipienda</strong></span> <span class='ocrx_word' id='word_1_190' title='bbox 952 3062 1097 3118; x_wconf 87' lang='lat' dir='ltr'><strong>sunt</strong></span> <span class='ocrx_word' id='word_1_191' title='bbox 1139 3055 1270 3117; x_wconf 86' lang='lat' dir='ltr'><strong>loca</strong></span> <span class='ocrx_word' id='word_1_192' title='bbox 1304 3055 1393 3115; x_wconf 91' lang='lat' dir='ltr'><strong>ibi</strong></span> <span class='ocrx_word' id='word_1_193' title='bbox 1422 3057 1630 3130; x_wconf 87' lang='lat' dir='ltr'><strong>citata,</strong></span> <span class='ocrx_word' id='word_1_194' title='bbox 1657 3053 1756 3115; x_wconf 84' lang='lat' dir='ltr'><strong>vel</strong></span> <span class='ocrx_word' id='word_1_195' title='bbox 1793 3061 1958 3115; x_wconf 88' lang='lat' dir='ltr'><strong>certe</strong></span> <span class='ocrx_word' id='word_1_196' title='bbox 1999 3072 2136 3132; x_wconf 88' lang='lat' dir='ltr'><strong>pro—</strong></span> 
     </span>
     <span class='ocr_line' id='line_1_31' title="bbox 569 3148 2136 3231; baseline -0.004 -19"><span class='ocrx_word' id='word_1_197' title='bbox 569 3152 793 3213; x_wconf 90' lang='lat' dir='ltr'><strong>cedunt</strong></span> <span class='ocrx_word' id='word_1_198' title='bbox 820 3151 1019 3231; x_wconf 89' lang='lat' dir='ltr'><strong>potius</strong></span> <span class='ocrx_word' id='word_1_199' title='bbox 1043 3151 1119 3210; x_wconf 88' lang='lat' dir='ltr'><strong>de</strong></span> <span class='ocrx_word' id='word_1_200' title='bbox 1139 3149 1374 3210; x_wconf 86' lang='lat' dir='ltr'><strong>foenore</strong></span> <span class='ocrx_word' id='word_1_201' title='bbox 1398 3148 1727 3228; x_wconf 82' lang='lat' dir='ltr'><strong>spirituali.</strong></span> <span class='ocrx_word' id='word_1_202' title='bbox 1752 3148 1842 3208; x_wconf 90' lang='lat' dir='ltr'><strong>Ad</strong></span> <span class='ocrx_word' id='word_1_203' title='bbox 1868 3148 2136 3226; x_wconf 88' lang='lat' dir='ltr'><strong>primam</strong></span> 
     </span>
     <span class='ocr_line' id='line_1_32' title="bbox 568 3244 2138 3321; baseline -0.003 -17"><span class='ocrx_word' id='word_1_204' title='bbox 568 3244 1102 3304; x_wconf 86' lang='lat' dir='ltr'><strong>confirmationem</strong></span> <span class='ocrx_word' id='word_1_205' title='bbox 1131 3248 1394 3321; x_wconf 86' lang='lat' dir='ltr'><strong>negatur</strong></span> <span class='ocrx_word' id='word_1_206' title='bbox 1421 3247 1803 3320; x_wconf 89' lang='lat' dir='ltr'><strong>assumptum</strong></span> <span class='ocrx_word' id='word_1_207' title='bbox 1819 3256 1838 3316; x_wconf 84' lang='lat'><em>3</em></span> <span class='ocrx_word' id='word_1_208' title='bbox 1863 3246 1923 3300; x_wconf 90' lang='lat' dir='ltr'><strong>et</strong></span> <span class='ocrx_word' id='word_1_209' title='bbox 1952 3244 2138 3319; x_wconf 88' lang='lat' dir='ltr'><strong>caput</strong></span> 
     </span>
     <span class='ocr_line' id='line_1_33' title="bbox 571 3336 2134 3416; baseline -0.003 -19"><span class='ocrx_word' id='word_1_210' title='bbox 571 3338 720 3398; x_wconf 90' lang='lat' dir='ltr'><strong>illud</strong></span> <span class='ocrx_word' id='word_1_211' title='bbox 752 3338 1023 3416; x_wconf 85' lang='lat' dir='ltr'><strong>loquitur</strong></span> <span class='ocrx_word' id='word_1_212' title='bbox 1052 3343 1225 3397; x_wconf 81' lang='lat' dir='ltr'><strong>extra</strong></span> <span class='ocrx_word' id='word_1_213' title='bbox 1246 3353 1455 3396; x_wconf 86' lang='lat' dir='ltr'><strong>casum</strong></span> <span class='ocrx_word' id='word_1_214' title='bbox 1484 3341 1776 3396; x_wconf 74' lang='lat' dir='ltr'><strong>extremae</strong></span> <span class='ocrx_word' id='word_1_215' title='bbox 1810 3336 2134 3394; x_wconf 84' lang='lat' dir='ltr'><strong>necessita·</strong></span> 
     </span>
     <span class='ocr_line' id='line_1_34' title="bbox 570 3425 2135 3509; baseline -0.003 -21"><span class='ocrx_word' id='word_1_216' title='bbox 570 3432 672 3500; x_wconf 72' lang='lat' dir='ltr'><strong>tis,</strong></span> <span class='ocrx_word' id='word_1_217' title='bbox 700 3437 772 3489; x_wconf 88' lang='lat' dir='ltr'><strong>ut</strong></span> <span class='ocrx_word' id='word_1_218' title='bbox 796 3430 1051 3509; x_wconf 82' lang='lat' dir='ltr'><strong>exponit</strong></span> <span class='ocrx_word' id='word_1_219' title='bbox 1081 3429 1259 3489; x_wconf 88' lang='lat' dir='ltr'><strong>divus</strong></span> <span class='ocrx_word' id='word_1_220' title='bbox 1287 3430 1579 3504; x_wconf 75' lang='lat' dir='ltr'><strong>ThomaS,</strong></span> <span class='ocrx_word' id='word_1_221' title='bbox 1606 3428 1780 3487; x_wconf 87' lang='lat' dir='ltr'><strong>artic.</strong></span> <span class='ocrx_word' id='word_1_222' title='bbox 1814 3428 1873 3501; x_wconf 86' lang='lat'><strong>7,</strong></span> <span class='ocrx_word' id='word_1_223' title='bbox 1900 3425 1978 3486; x_wconf 90' lang='lat' dir='ltr'><strong>ad</strong></span> <span class='ocrx_word' id='word_1_224' title='bbox 2009 3426 2135 3505; x_wconf 89' lang='lat' dir='ltr'><strong>pri-</strong></span> 
     </span>
     <span class='ocr_line' id='line_1_35' title="bbox 570 3520 2135 3601; baseline -0.004 -18"><span class='ocrx_word' id='word_1_225' title='bbox 570 3542 769 3597; x_wconf 87' lang='lat' dir='ltr'><strong>mum,</strong></span> <span class='ocrx_word' id='word_1_226' title='bbox 796 3524 983 3583; x_wconf 88' lang='lat' dir='ltr'><strong>citata</strong></span> <span class='ocrx_word' id='word_1_227' title='bbox 1010 3529 1225 3601; x_wconf 85' lang='lat' dir='ltr'><strong>quaest.</strong></span> <span class='ocrx_word' id='word_1_228' title='bbox 1258 3523 1357 3583; x_wconf 84' lang='lat'><strong>66.</strong></span> <span class='ocrx_word' id='word_1_229' title='bbox 1392 3522 1528 3582; x_wconf 85' lang='lat' dir='ltr'><strong>Alia</strong></span> <span class='ocrx_word' id='word_1_230' title='bbox 1556 3522 1739 3581; x_wconf 91' lang='lat' dir='ltr'><strong>etiam</strong></span> <span class='ocrx_word' id='word_1_231' title='bbox 1770 3538 1909 3598; x_wconf 69' lang='lat' dir='ltr'><strong>quas</strong></span> <span class='ocrx_word' id='word_1_232' title='bbox 1940 3520 2135 3579; x_wconf 89' lang='lat' dir='ltr'><strong>addu-</strong></span> 
     </span>
     <span class='ocr_line' id='line_1_36' title="bbox 570 3612 2139 3690; baseline -0.004 -14"><span class='ocrx_word' id='word_1_233' title='bbox 570 3623 815 3689; x_wconf 87' lang='lat' dir='ltr'><strong>cuntur,</strong></span> <span class='ocrx_word' id='word_1_234' title='bbox 850 3615 1026 3675; x_wconf 87' lang='lat' dir='ltr'><strong>facile</strong></span> <span class='ocrx_word' id='word_1_235' title='bbox 1054 3613 1398 3674; x_wconf 90' lang='lat' dir='ltr'><strong>solvuntur.</strong></span> <span class='ocrx_word' id='word_1_236' title='bbox 1432 3616 1589 3674; x_wconf 77' lang='lat' dir='ltr'><strong>Esau</strong></span> <span class='ocrx_word' id='word_1_237' title='bbox 1625 3615 1791 3673; x_wconf 89' lang='lat' dir='ltr'><strong>enim</strong></span> <span class='ocrx_word' id='word_1_238' title='bbox 1821 3618 2008 3690; x_wconf 88' lang='lat' dir='ltr'><strong>atque</strong></span> <span class='ocrx_word' id='word_1_239' title='bbox 2037 3612 2139 3671; x_wconf 87' lang='lat' dir='ltr'><strong>AE-</strong></span> 
     </span>
     <span class='ocr_line' id='line_1_37' title="bbox 572 3705 2141 3788; baseline -0.004 -20"><span class='ocrx_word' id='word_1_240' title='bbox 572 3709 775 3788; x_wconf 74' lang='lat' dir='ltr'><strong>gyptii</strong></span> <span class='ocrx_word' id='word_1_241' title='bbox 814 3725 938 3767; x_wconf 90' lang='lat' dir='ltr'><strong>non</strong></span> <span class='ocrx_word' id='word_1_242' title='bbox 974 3712 1150 3767; x_wconf 84' lang='lat' dir='ltr'><strong>erant</strong></span> <span class='ocrx_word' id='word_1_243' title='bbox 1184 3708 1250 3767; x_wconf 90' lang='lat' dir='ltr'><strong>in</strong></span> <span class='ocrx_word' id='word_1_244' title='bbox 1286 3720 1563 3767; x_wconf 84' lang='lat' dir='ltr'><strong>extrema</strong></span> <span class='ocrx_word' id='word_1_245' title='bbox 1586 3706 1966 3779; x_wconf 86' lang='lat' dir='ltr'><strong>necessitate,</strong></span> <span class='ocrx_word' id='word_1_246' title='bbox 1990 3705 2141 3782; x_wconf 90' lang='lat' dir='ltr'><strong>quia</strong></span> 
     </span>
     <span class='ocr_line' id='line_1_38' title="bbox 570 3798 2140 3877; baseline -0.003 -17"><span class='ocrx_word' id='word_1_247' title='bbox 570 3802 880 3861; x_wconf 87' lang='lat' dir='ltr'><strong>habebant</strong></span> <span class='ocrx_word' id='word_1_248' title='bbox 909 3801 1071 3859; x_wconf 88' lang='lat' dir='ltr'><strong>unde</strong></span> <span class='ocrx_word' id='word_1_249' title='bbox 1099 3805 1403 3874; x_wconf 84' lang='lat' dir='ltr'><strong>emerent3</strong></span> <span class='ocrx_word' id='word_1_250' title='bbox 1432 3798 1655 3877; x_wconf 84' lang='lat' dir='ltr'><strong>Joseph</strong></span> <span class='ocrx_word' id='word_1_251' title='bbox 1688 3814 1833 3857; x_wconf 87' lang='lat' dir='ltr'><strong>vero</strong></span> <span class='ocrx_word' id='word_1_252' title='bbox 1860 3798 2140 3874; x_wconf 77' lang='lat' dir='ltr'><strong>impone-</strong></span> 
     </span>
     <span class='ocr_line' id='line_1_39' title="bbox 572 3890 2138 3970; baseline -0.002 -18"><span class='ocrx_word' id='word_1_253' title='bbox 572 3893 679 3953; x_wconf 90' lang='lat' dir='ltr'><strong>bat</strong></span> <span class='ocrx_word' id='word_1_254' title='bbox 716 3894 1017 3953; x_wconf 84' lang='lat' dir='ltr'><strong>tributum</strong></span> <span class='ocrx_word' id='word_1_255' title='bbox 1060 3893 1135 3952; x_wconf 90' lang='lat' dir='ltr'><strong>ad</strong></span> <span class='ocrx_word' id='word_1_256' title='bbox 1184 3892 1416 3952; x_wconf 88' lang='lat' dir='ltr'><strong>benum</strong></span> <span class='ocrx_word' id='word_1_257' title='bbox 1452 3890 1827 3970; x_wconf 73' lang='lat' dir='ltr'><strong>reipublicae.</strong></span> <span class='ocrx_word' id='word_1_258' title='bbox 1862 3890 2138 3967; x_wconf 87' lang='lat' dir='ltr'><strong>Denique</strong></span> 
     </span>
     <span class='ocr_line' id='line_1_40' title="bbox 571 3982 2139 4063; baseline -0.003 -18"><span class='ocrx_word' id='word_1_259' title='bbox 571 3985 799 4046; x_wconf 76' lang='lat' dir='ltr'><strong>factum</strong></span> <span class='ocrx_word' id='word_1_260' title='bbox 828 3984 1037 4045; x_wconf 79' lang='lat' dir='ltr'><strong>Tobiae</strong></span> <span class='ocrx_word' id='word_1_261' title='bbox 1070 4003 1196 4046; x_wconf 88' lang='lat' dir='ltr'><strong>nou</strong></span> <span class='ocrx_word' id='word_1_262' title='bbox 1241 3992 1330 4043; x_wconf 89' lang='lat' dir='ltr'><strong>est</strong></span> <span class='ocrx_word' id='word_1_263' title='bbox 1366 3984 1446 4043; x_wconf 88' lang='lat' dir='ltr'><strong>ad</strong></span> <span class='ocrx_word' id='word_1_264' title='bbox 1489 4002 1646 4059; x_wconf 90' lang='lat' dir='ltr'><strong>rem,</strong></span> <span class='ocrx_word' id='word_1_265' title='bbox 1693 3985 1841 4063; x_wconf 89' lang='lat' dir='ltr'><strong>quia</strong></span> <span class='ocrx_word' id='word_1_266' title='bbox 1874 3982 2139 4044; x_wconf 88' lang='lat' dir='ltr'><strong>Gabelus</strong></span> 
     </span>
     <span class='ocr_line' id='line_1_41' title="bbox 572 4077 2140 4156; baseline -0.003 -17"><span class='ocrx_word' id='word_1_267' title='bbox 572 4079 839 4140; x_wconf 87' lang='lat' dir='ltr'><strong>habebat</strong></span> <span class='ocrx_word' id='word_1_268' title='bbox 892 4079 1058 4139; x_wconf 90' lang='lat' dir='ltr'><strong>unde</strong></span> <span class='ocrx_word' id='word_1_269' title='bbox 1113 4079 1435 4152; x_wconf 86' lang='lat' dir='ltr'><strong>redderet,</strong></span> <span class='ocrx_word' id='word_1_270' title='bbox 1488 4078 1749 4156; x_wconf 85' lang='lat' dir='ltr'><strong>ideoque</strong></span> <span class='ocrx_word' id='word_1_271' title='bbox 1806 4077 2140 4156; x_wconf 76' lang='lat' dir='ltr'><strong>chyrogra-</strong></span> 
     </span>
     <span class='ocr_line' id='line_1_42' title="bbox 572 4171 2136 4252; baseline -0.002 -20"><span class='ocrx_word' id='word_1_272' title='bbox 572 4174 765 4252; x_wconf 86' lang='lat' dir='ltr'><strong>phum</strong></span> <span class='ocrx_word' id='word_1_273' title='bbox 788 4171 867 4232; x_wconf 88' lang='lat' dir='ltr'><strong>ab</strong></span> <span class='ocrx_word' id='word_1_274' title='bbox 890 4172 995 4232; x_wconf 86' lang='lat' dir='ltr'><strong>illo</strong></span> <span class='ocrx_word' id='word_1_275' title='bbox 1018 4172 1251 4251; x_wconf 86' lang='lat' dir='ltr'><strong>accepit</strong></span> <span class='ocrx_word' id='word_1_276' title='bbox 1271 4171 1512 4231; x_wconf 69' lang='lat' dir='ltr'><strong>Tobias</strong></span> <span class='ocrx_word' id='word_1_277' title='bbox 1541 4172 1851 4231; x_wconf 88' lang='lat' dir='ltr'><strong>Postremo</strong></span> <span class='ocrx_word' id='word_1_278' title='bbox 1872 4172 1969 4231; x_wconf 86' lang='lat' dir='ltr'><strong>lex</strong></span> <span class='ocrx_word' id='word_1_279' title='bbox 1999 4187 2136 4249; x_wconf 81' lang='lat' dir='ltr'><strong>quae</strong></span> 
     </span>
     <span class='ocr_line' id='line_1_43' title="bbox 570 4264 2138 4342; baseline -0.002 -17"><span class='ocrx_word' id='word_1_280' title='bbox 570 4268 829 4327; x_wconf 81' lang='lat' dir='ltr'><strong>affertur</strong></span> <span class='ocrx_word' id='word_1_281' title='bbox 872 4264 1144 4342; x_wconf 88' lang='lat' dir='ltr'><strong>procedit</strong></span> <span class='ocrx_word' id='word_1_282' title='bbox 1188 4265 1254 4323; x_wconf 89' lang='lat' dir='ltr'><strong>in</strong></span> <span class='ocrx_word' id='word_1_283' title='bbox 1297 4264 1430 4324; x_wconf 88' lang='lat' dir='ltr'><strong>foro</strong></span> <span class='ocrx_word' id='word_1_284' title='bbox 1472 4265 1782 4340; x_wconf 60' lang='lat' dir='ltr'><strong>exteriori,</strong></span> <span class='ocrx_word' id='word_1_285' title='bbox 1818 4272 1926 4323; x_wconf 89' lang='lat' dir='ltr'><strong>aut</strong></span> <span class='ocrx_word' id='word_1_286' title='bbox 1974 4273 2138 4323; x_wconf 87' lang='lat' dir='ltr'><strong>certe</strong></span> 
     </span>
     <span class='ocr_line' id='line_1_44' title="bbox 568 4356 2137 4437; baseline 0.001 -22"><span class='ocrx_word' id='word_1_287' title='bbox 568 4360 746 4437; x_wconf 83' lang='lat' dir='ltr'><strong>juxta</strong></span> <span class='ocrx_word' id='word_1_288' title='bbox 773 4358 1127 4433; x_wconf 89' lang='lat' dir='ltr'><strong>secundam,</strong></span> <span class='ocrx_word' id='word_1_289' title='bbox 1152 4358 1422 4431; x_wconf 86' lang='lat' dir='ltr'><strong>tertiam,</strong></span> <span class='ocrx_word' id='word_1_290' title='bbox 1449 4356 1548 4417; x_wconf 78' lang='lat' dir='ltr'><strong>vel</strong></span> <span class='ocrx_word' id='word_1_291' title='bbox 1585 4358 1868 4418; x_wconf 86' lang='lat' dir='ltr'><strong>ultimam</strong></span> <span class='ocrx_word' id='word_1_292' title='bbox 1892 4356 2137 4417; x_wconf 87' lang='lat' dir='ltr'><strong>conclu·</strong></span> 
     </span>
     <span class='ocr_line' id='line_1_45' title="bbox 574 4468 832 4511; baseline 0.004 -1"><span class='ocrx_word' id='word_1_293' title='bbox 574 4468 832 4511; x_wconf 72' lang='lat' dir='ltr'><strong>nouem.</strong></span> 
     </span>
    </p>
   </div>
   <div class='ocr_carea' id='block_1_3' title="bbox 1186 4644 1516 4696">
    <p class='ocr_par' dir='ltr' id='par_1_5' title="bbox 1186 4644 1516 4696">
     <span class='ocr_line' id='line_1_46' title="bbox 1186 4644 1516 4696; baseline 0 -1"><span class='ocrx_word' id='word_1_294' title='bbox 1186 4644 1401 4696; x_wconf 72' lang='lat' dir='ltr'><strong>Sssc‘rlo</strong></span> <span class='ocrx_word' id='word_1_295' title='bbox 1434 4645 1516 4696; x_wconf 83' lang='lat' dir='ltr'><strong>Vl.</strong></span> 
     </span>
    </p>
   </div>
   <div class='ocr_carea' id='block_1_4' title="bbox 583 4810 2136 5081">
    <p class='ocr_par' dir='ltr' id='par_1_6' title="bbox 583 4810 2136 5081">
     <span class='ocr_line' id='line_1_47' title="bbox 583 4810 2132 4891; baseline -0.002 -17"><span class='ocrx_word' id='word_1_296' title='bbox 583 4810 645 4873; x_wconf 83' lang='lat' dir='ltr'><em>U</em></span> <span class='ocrx_word' id='word_1_297' title='bbox 641 4816 806 4874; x_wconf 71' lang='lat' dir='ltr'><strong>trum</strong></span> <span class='ocrx_word' id='word_1_298' title='bbox 860 4812 967 4891; x_wconf 77' lang='lat' dir='ltr'><strong>qui</strong></span> <span class='ocrx_word' id='word_1_299' title='bbox 1023 4811 1250 4875; x_wconf 77' lang='lat' dir='ltr'><strong>omittit</strong></span> <span class='ocrx_word' id='word_1_300' title='bbox 1306 4812 1449 4874; x_wconf 80' lang='lat' dir='ltr'><strong>dare</strong></span> <span class='ocrx_word' id='word_1_301' title='bbox 1509 4812 1931 4891; x_wconf 67' lang='lat' dir='ltr'><strong>eleemosynam</strong></span> <span class='ocrx_word' id='word_1_302' title='bbox 1999 4828 2132 4873; x_wconf 74' lang='lat' dir='ltr'><strong>cum</strong></span> 
     </span>
     <span class='ocr_line' id='line_1_48' title="bbox 652 4905 2136 4985; baseline -0.002 -17"><span class='ocrx_word' id='word_1_303' title='bbox 652 4911 907 4981; x_wconf 56' lang='grc' dir='ltr'><strong>δοκείτω,</strong></span> <span class='ocrx_word' id='word_1_304' title='bbox 945 4906 1059 4966; x_wconf 79' lang='lat' dir='ltr'><strong>obli</strong></span> <span class='ocrx_word' id='word_1_305' title='bbox 1059 4917 1234 4985; x_wconf 62' lang='grc' dir='ltr'><strong>μίαν</strong></span> <span class='ocrx_word' id='word_1_306' title='bbox 1262 4907 1343 4967; x_wconf 86' lang='lat' dir='ltr'><strong>ad</strong></span> <span class='ocrx_word' id='word_1_307' title='bbox 1360 4905 1741 4969; x_wconf 72' lang='lat' dir='ltr'><strong>resarcienda</strong></span> <span class='ocrx_word' id='word_1_308' title='bbox 1764 4908 1987 4968; x_wconf 70' lang='lat' dir='ltr'><strong>damna</strong></span> <span class='ocrx_word' id='word_1_309' title='bbox 2005 4922 2136 4984; x_wconf 77' lang='lat' dir='ltr'><strong>quoe</strong></span> 
     </span>
     <span class='ocr_line' id='line_1_49' title="bbox 652 5000 1446 5081; baseline 0.001 -22"><span class='ocrx_word' id='word_1_310' title='bbox 652 5000 789 5060; x_wconf 69' lang='lat' dir='ltr'><strong>inde</strong></span> <span class='ocrx_word' id='word_1_311' title='bbox 822 5000 1097 5061; x_wconf 73' lang='lat' dir='ltr'><strong>eveniunt</strong></span> <span class='ocrx_word' id='word_1_312' title='bbox 1128 5000 1446 5081; x_wconf 60' lang='lat' dir='ltr'><strong>indaqcnti.</strong></span> 
     </span>
    </p>
   </div>
   <div class='ocr_carea' id='block_1_5' title="bbox 654 5190 2128 5271">
    <p class='ocr_par' dir='ltr' id='par_1_7' title="bbox 654 5190 2128 5271">
     <span class='ocr_line' id='line_1_50' title="bbox 654 5190 2128 5271; baseline 0 -20"><span class='ocrx_word' id='word_1_313' title='bbox 654 5196 710 5251; x_wconf 94' lang='grc'><strong>1.</strong></span> <span class='ocrx_word' id='word_1_314' title='bbox 745 5192 1111 5265; x_wconf 72' lang='lat' dir='ltr'><strong>Quoestionis</strong></span> <span class='ocrx_word' id='word_1_315' title='bbox 1139 5191 1480 5270; x_wconf 55' lang='lat' dir='ltr'><strong>«implicatio</strong></span> <span class='ocrx_word' id='word_1_316' title='bbox 1503 5222 1583 5236; x_wconf 92' lang='grc'><strong>--</strong></span> <span class='ocrx_word' id='word_1_317' title='bbox 1605 5190 1884 5254; x_wconf 77' lang='lat' dir='ltr'><strong>Aliorum</strong></span> <span class='ocrx_word' id='word_1_318' title='bbox 1908 5192 2128 5271; x_wconf 80' lang='lat' dir='ltr'><strong>opinio,</strong></span> 
     </span>
    </p>
   </div>
   <div class='ocr_carea' id='block_1_6' title="bbox 558 5284 2129 5365">
    <p class='ocr_par' dir='ltr' id='par_1_8' title="bbox 558 5284 2129 5365">
     <span class='ocr_line' id='line_1_51' title="bbox 558 5284 2129 5365; baseline 0.001 -22"><span class='ocrx_word' id='word_1_319' title='bbox 558 5302 679 5364; x_wconf 78' lang='lat' dir='ltr'><strong>pro</strong></span> <span class='ocrx_word' id='word_1_320' title='bbox 708 5302 827 5363; x_wconf 81' lang='lat' dir='ltr'><strong>qua</strong></span> <span class='ocrx_word' id='word_1_321' title='bbox 847 5288 1135 5365; x_wconf 68' lang='lat' dir='ltr'><strong>arquitur</strong></span> <span class='ocrx_word' id='word_1_322' title='bbox 1155 5302 1227 5345; x_wconf 74' lang='lat' dir='ltr'><strong>ex</strong></span> <span class='ocrx_word' id='word_1_323' title='bbox 1251 5284 1535 5363; x_wconf 75' lang='lat' dir='ltr'><strong>Cajetano</strong></span> <span class='ocrx_word' id='word_1_324' title='bbox 1563 5292 1619 5346; x_wconf 75' lang='lat' dir='ltr'><strong>ct</strong></span> <span class='ocrx_word' id='word_1_325' title='bbox 1645 5284 2129 5347; x_wconf 74' lang='lat' dir='ltr'><strong>Turrem-emata.</strong></span> 
     </span>
    </p>
   </div>
   <div class='ocr_carea' id='block_1_7' title="bbox 570 5377 2140 5551">
    <p class='ocr_par' dir='ltr' id='par_1_9' title="bbox 570 5377 2140 5551">
     <span class='ocr_line' id='line_1_52' title="bbox 570 5377 2138 5459; baseline 0 -20"><span class='ocrx_word' id='word_1_326' title='bbox 570 5406 651 5420; x_wconf 92' lang='lat'><em>-</em></span> <span class='ocrx_word' id='word_1_327' title='bbox 698 5377 1115 5453; x_wconf 65' lang='lat' dir='ltr'><strong>Confirmatur</strong></span> <span class='ocrx_word' id='word_1_328' title='bbox 1163 5378 1382 5459; x_wconf 75' lang='lat' dir='ltr'><strong>primo.</strong></span> <span class='ocrx_word' id='word_1_329' title='bbox 1428 5410 1505 5421; x_wconf 97' lang='lat'><strong>—</strong></span> <span class='ocrx_word' id='word_1_330' title='bbox 1559 5377 1854 5441; x_wconf 73' lang='lat' dir='ltr'><strong>Secundo.</strong></span> <span class='ocrx_word' id='word_1_331' title='bbox 1886 5410 1968 5423; x_wconf 93' lang='lat'>—</span> <span class='ocrx_word' id='word_1_332' title='bbox 2005 5378 2138 5439; x_wconf 89' lang='lat' dir='ltr'><strong>Duo</strong></span> 
     </span>
     <span class='ocr_line' id='line_1_53' title="bbox 572 5470 2140 5551; baseline 0.005 -23"><span class='ocrx_word' id='word_1_333' title='bbox 572 5476 716 5528; x_wconf 89' lang='lat' dir='ltr'><strong>sunt</strong></span> <span class='ocrx_word' id='word_1_334' title='bbox 774 5471 1236 5532; x_wconf 86' lang='lat' dir='ltr'><strong>consideranda.</strong></span> <span class='ocrx_word' id='word_1_335' title='bbox 1294 5470 1479 5531; x_wconf 83' lang='lat' dir='ltr'><strong>Aliud</strong></span> <span class='ocrx_word' id='word_1_336' title='bbox 1521 5515 1542 5546; x_wconf 93' lang='lat'><strong>,</strong></span> <span class='ocrx_word' id='word_1_337' title='bbox 1602 5474 1913 5551; x_wconf 86' lang='lat' dir='ltr'><strong>quantitas</strong></span> <span class='ocrx_word' id='word_1_338' title='bbox 1981 5474 2140 5535; x_wconf 89' lang='lat' dir='ltr'><strong>elee-</strong></span> 
     </span>
    </p>
   </div>
   <div class='ocr_carea' id='block_1_8' title="bbox 2210 449 3755 5557">
    <p class='ocr_par' dir='ltr' id='par_1_10' title="bbox 2210 449 3755 4793">
     <span class='ocr_line' id='line_1_54' title="bbox 2218 449 3739 531; baseline 0.003 -20"><span class='ocrx_word' id='word_1_339' title='bbox 2218 468 2514 529; x_wconf 80' lang='lat' dir='ltr'><strong>mosynae,</strong></span> <span class='ocrx_word' id='word_1_340' title='bbox 2548 456 2610 511; x_wconf 91' lang='lat' dir='ltr'><strong>et</strong></span> <span class='ocrx_word' id='word_1_341' title='bbox 2639 450 2715 511; x_wconf 91' lang='lat' dir='ltr'><strong>de</strong></span> <span class='ocrx_word' id='word_1_342' title='bbox 2755 449 2875 510; x_wconf 86' lang='lat' dir='ltr'><strong>hac</strong></span> <span class='ocrx_word' id='word_1_343' title='bbox 2903 466 3117 509; x_wconf 89' lang='lat' dir='ltr'><strong>omnes</strong></span> <span class='ocrx_word' id='word_1_344' title='bbox 3164 454 3432 511; x_wconf 87' lang='lat' dir='ltr'><strong>auctores</strong></span> <span class='ocrx_word' id='word_1_345' title='bbox 3469 450 3739 531; x_wconf 85' lang='lat' dir='ltr'><strong>fatentur,</strong></span> 
     </span>
     <span class='ocr_line' id='line_1_55' title="bbox 2217 543 3739 624; baseline 0.003 -21"><span class='ocrx_word' id='word_1_346' title='bbox 2217 561 2359 603; x_wconf 91' lang='lat' dir='ltr'><strong>eum</strong></span> <span class='ocrx_word' id='word_1_347' title='bbox 2401 545 2507 623; x_wconf 88' lang='lat' dir='ltr'><strong>qui</strong></span> <span class='ocrx_word' id='word_1_348' title='bbox 2552 543 2786 603; x_wconf 87' lang='lat' dir='ltr'><strong>omittit</strong></span> <span class='ocrx_word' id='word_1_349' title='bbox 2822 543 2992 612; x_wconf 87' lang='lat' dir='ltr'><strong>dare,</strong></span> <span class='ocrx_word' id='word_1_350' title='bbox 3039 548 3346 603; x_wconf 82' lang='lat' dir='ltr'><strong>transacta</strong></span> <span class='ocrx_word' id='word_1_351' title='bbox 3385 546 3739 624; x_wconf 86' lang='lat' dir='ltr'><strong>necessitate,</strong></span> 
     </span>
     <span class='ocr_line' id='line_1_56' title="bbox 2217 636 3743 716; baseline 0.001 -20"><span class='ocrx_word' id='word_1_352' title='bbox 2217 654 2343 697; x_wconf 90' lang='lat' dir='ltr'><strong>non</strong></span> <span class='ocrx_word' id='word_1_353' title='bbox 2392 637 2654 715; x_wconf 69' lang='lat' dir='ltr'><strong>obligari</strong></span> <span class='ocrx_word' id='word_1_354' title='bbox 2701 636 2775 697; x_wconf 88' lang='lat' dir='ltr'><strong>ad</strong></span> <span class='ocrx_word' id='word_1_355' title='bbox 2831 636 3208 697; x_wconf 86' lang='lat' dir='ltr'><strong>reddendam</strong></span> <span class='ocrx_word' id='word_1_356' title='bbox 3249 636 3415 696; x_wconf 84' lang='lat' dir='ltr'><strong>illam</strong></span> <span class='ocrx_word' id='word_1_357' title='bbox 3461 640 3743 716; x_wconf 87' lang='lat' dir='ltr'><strong>quantita-</strong></span> 
     </span>
     <span class='ocr_line' id='line_1_57' title="bbox 2217 728 3745 801; baseline 0.002 -12"><span class='ocrx_word' id='word_1_358' title='bbox 2217 736 2362 801; x_wconf 87' lang='lat' dir='ltr'><strong>tem,</strong></span> <span class='ocrx_word' id='word_1_359' title='bbox 2398 730 2640 790; x_wconf 88' lang='lat' dir='ltr'><strong>etiamsi</strong></span> <span class='ocrx_word' id='word_1_360' title='bbox 2683 732 3008 791; x_wconf 84' lang='lat' dir='ltr'><strong>necessitas</strong></span> <span class='ocrx_word' id='word_1_361' title='bbox 3047 728 3231 789; x_wconf 85' lang='lat' dir='ltr'><strong>fuerit</strong></span> <span class='ocrx_word' id='word_1_362' title='bbox 3269 738 3558 789; x_wconf 83' lang='lat' dir='ltr'><strong>extrema.</strong></span> <span class='ocrx_word' id='word_1_363' title='bbox 3587 732 3745 792; x_wconf 87' lang='lat' dir='ltr'><strong>Ratio</strong></span> 
     </span>
     <span class='ocr_line' id='line_1_58' title="bbox 2219 822 3742 901; baseline 0.001 -18"><span class='ocrx_word' id='word_1_364' title='bbox 2219 828 2332 898; x_wconf 90' lang='lat' dir='ltr'><strong>est,</strong></span> <span class='ocrx_word' id='word_1_365' title='bbox 2371 823 2516 901; x_wconf 87' lang='lat' dir='ltr'><strong>quia</strong></span> <span class='ocrx_word' id='word_1_366' title='bbox 2541 828 2671 883; x_wconf 86' lang='lat' dir='ltr'><strong>tota</strong></span> <span class='ocrx_word' id='word_1_367' title='bbox 2707 822 2813 882; x_wconf 90' lang='lat' dir='ltr'><strong>illa</strong></span> <span class='ocrx_word' id='word_1_368' title='bbox 2840 822 3117 901; x_wconf 82' lang='lat' dir='ltr'><strong>operatio</strong></span> <span class='ocrx_word' id='word_1_369' title='bbox 3147 830 3278 882; x_wconf 88' lang='lat' dir='ltr'><strong>erat</strong></span> <span class='ocrx_word' id='word_1_370' title='bbox 3317 822 3742 901; x_wconf 84' lang='lat' dir='ltr'><strong>misericordiae,</strong></span> 
     </span>
     <span class='ocr_line' id='line_1_59' title="bbox 2219 916 3748 995; baseline 0.003 -20"><span class='ocrx_word' id='word_1_371' title='bbox 2219 935 2346 977; x_wconf 90' lang='lat' dir='ltr'><strong>non</strong></span> <span class='ocrx_word' id='word_1_372' title='bbox 2385 917 2670 995; x_wconf 81' lang='lat' dir='ltr'><strong>justitiae3</strong></span> <span class='ocrx_word' id='word_1_373' title='bbox 2701 916 3017 995; x_wconf 88' lang='lat' dir='ltr'><strong>loquimur</strong></span> <span class='ocrx_word' id='word_1_374' title='bbox 3055 916 3222 976; x_wconf 88' lang='lat' dir='ltr'><strong>enim</strong></span> <span class='ocrx_word' id='word_1_375' title='bbox 3261 916 3338 975; x_wconf 91' lang='lat' dir='ltr'><strong>de</strong></span> <span class='ocrx_word' id='word_1_376' title='bbox 3373 916 3470 975; x_wconf 87' lang='lat' dir='ltr'><strong>his</strong></span> <span class='ocrx_word' id='word_1_377' title='bbox 3497 918 3748 995; x_wconf 89' lang='lat' dir='ltr'><strong>quisunt</strong></span> 
     </span>
     <span class='ocr_line' id='line_1_60' title="bbox 2221 1009 3748 1089; baseline 0.001 -19"><span class='ocrx_word' id='word_1_378' title='bbox 2221 1010 2352 1070; x_wconf 83' lang='lat' dir='ltr'><strong>veri</strong></span> <span class='ocrx_word' id='word_1_379' title='bbox 2382 1011 2644 1086; x_wconf 89' lang='lat' dir='ltr'><strong>domini,</strong></span> <span class='ocrx_word' id='word_1_380' title='bbox 2677 1028 2804 1071; x_wconf 87' lang='lat' dir='ltr'><strong>non</strong></span> <span class='ocrx_word' id='word_1_381' title='bbox 2835 1011 2911 1071; x_wconf 92' lang='lat' dir='ltr'><strong>de</strong></span> <span class='ocrx_word' id='word_1_382' title='bbox 2943 1009 3495 1089; x_wconf 86' lang='lat' dir='ltr'><strong>dispensatoribus;</strong></span> <span class='ocrx_word' id='word_1_383' title='bbox 3525 1028 3658 1071; x_wconf 88' lang='lat' dir='ltr'><strong>nam</strong></span> <span class='ocrx_word' id='word_1_384' title='bbox 3691 1012 3748 1072; x_wconf 89' lang='lat' dir='ltr'><strong>hi</strong></span> 
     </span>
     <span class='ocr_line' id='line_1_61' title="bbox 2216 1102 3748 1182; baseline 0.001 -19"><span class='ocrx_word' id='word_1_385' title='bbox 2216 1108 2430 1163; x_wconf 87' lang='lat' dir='ltr'><strong>contra</strong></span> <span class='ocrx_word' id='word_1_386' title='bbox 2449 1104 2756 1181; x_wconf 89' lang='lat' dir='ltr'><strong>justitiam</strong></span> <span class='ocrx_word' id='word_1_387' title='bbox 2786 1108 2982 1181; x_wconf 84' lang='lat' dir='ltr'><strong>agunt</strong></span> <span class='ocrx_word' id='word_1_388' title='bbox 3009 1103 3384 1181; x_wconf 88' lang='lat' dir='ltr'><strong>usurpando,</strong></span> <span class='ocrx_word' id='word_1_389' title='bbox 3413 1108 3472 1162; x_wconf 90' lang='lat' dir='ltr'><strong>et</strong></span> <span class='ocrx_word' id='word_1_390' title='bbox 3500 1102 3748 1182; x_wconf 84' lang='lat' dir='ltr'><strong>obligan-</strong></span> 
     </span>
     <span class='ocr_line' id='line_1_62' title="bbox 2216 1196 3748 1275; baseline 0.001 -18"><span class='ocrx_word' id='word_1_391' title='bbox 2216 1203 2318 1257; x_wconf 88' lang='lat' dir='ltr'><strong>tur</strong></span> <span class='ocrx_word' id='word_1_392' title='bbox 2353 1204 2430 1257; x_wconf 86' lang='lat' dir='ltr'><strong>ad</strong></span> <span class='ocrx_word' id='word_1_393' title='bbox 2471 1196 2922 1257; x_wconf 88' lang='lat' dir='ltr'><strong>restituendum</strong></span> <span class='ocrx_word' id='word_1_394' title='bbox 2949 1196 3239 1265; x_wconf 86' lang='lat' dir='ltr'><strong>dominis,</strong></span> <span class='ocrx_word' id='word_1_395' title='bbox 3266 1196 3375 1275; x_wconf 89' lang='lat' dir='ltr'><strong>qui</strong></span> <span class='ocrx_word' id='word_1_396' title='bbox 3411 1196 3494 1255; x_wconf 89' lang='lat' dir='ltr'><strong>eis</strong></span> <span class='ocrx_word' id='word_1_397' title='bbox 3530 1197 3748 1275; x_wconf 88' lang='lat' dir='ltr'><strong>dispen-</strong></span> 
     </span>
     <span class='ocr_line' id='line_1_63' title="bbox 2217 1290 3748 1370; baseline 0.001 -20"><span class='ocrx_word' id='word_1_398' title='bbox 2217 1290 2471 1352; x_wconf 87' lang='lat' dir='ltr'><strong>sandam</strong></span> <span class='ocrx_word' id='word_1_399' title='bbox 2499 1292 2907 1370; x_wconf 85' lang='lat' dir='ltr'><strong>quantitatem</strong></span> <span class='ocrx_word' id='word_1_400' title='bbox 2939 1290 3397 1351; x_wconf 81' lang='lat' dir='ltr'><strong>commiserant.</strong></span> <span class='ocrx_word' id='word_1_401' title='bbox 3429 1290 3748 1351; x_wconf 87' lang='lat' dir='ltr'><strong>Secundum</strong></span> 
     </span>
     <span class='ocr_line' id='line_1_64' title="bbox 2217 1382 3750 1463; baseline 0 -20"><span class='ocrx_word' id='word_1_402' title='bbox 2217 1389 2308 1443; x_wconf 91' lang='lat' dir='ltr'><strong>est</strong></span> <span class='ocrx_word' id='word_1_403' title='bbox 2337 1383 2776 1444; x_wconf 86' lang='lat' dir='ltr'><strong>detrimentum</strong></span> <span class='ocrx_word' id='word_1_404' title='bbox 2815 1384 2978 1463; x_wconf 85' lang='lat' dir='ltr'><strong>quod</strong></span> <span class='ocrx_word' id='word_1_405' title='bbox 3029 1388 3311 1443; x_wconf 90' lang='lat' dir='ltr'><strong>secutum</strong></span> <span class='ocrx_word' id='word_1_406' title='bbox 3362 1387 3452 1441; x_wconf 84' lang='lat' dir='ltr'><strong>est-</strong></span> <span class='ocrx_word' id='word_1_407' title='bbox 3501 1382 3750 1461; x_wconf 86' lang='lat' dir='ltr'><strong>proximo</strong></span> 
     </span>
     <span class='ocr_line' id='line_1_65' title="bbox 2215 1472 3744 1555; baseline 0.002 -22"><span class='ocrx_word' id='word_1_408' title='bbox 2215 1475 2545 1553; x_wconf 83' lang='lat' dir='ltr'><strong>indigenti,</strong></span> <span class='ocrx_word' id='word_1_409' title='bbox 2573 1494 2648 1535; x_wconf 86' lang='lat' dir='ltr'><strong>ex</strong></span> <span class='ocrx_word' id='word_1_410' title='bbox 2677 1493 2751 1535; x_wconf 92' lang='lat' dir='ltr'><strong>eo</strong></span> <span class='ocrx_word' id='word_1_411' title='bbox 2793 1476 2956 1555; x_wconf 88' lang='lat' dir='ltr'><strong>quod</strong></span> <span class='ocrx_word' id='word_1_412' title='bbox 2988 1474 3080 1534; x_wconf 92' lang='lat' dir='ltr'><strong>illi</strong></span> <span class='ocrx_word' id='word_1_413' title='bbox 3109 1492 3232 1533; x_wconf 91' lang='lat' dir='ltr'><strong>non</strong></span> <span class='ocrx_word' id='word_1_414' title='bbox 3265 1481 3357 1535; x_wconf 86' lang='lat' dir='ltr'><strong>est</strong></span> <span class='ocrx_word' id='word_1_415' title='bbox 3384 1472 3744 1536; x_wconf 87' lang='lat' dir='ltr'><strong>subventum.</strong></span> 
     </span>
     <span class='ocr_line' id='line_1_66' title="bbox 2219 1567 3749 1647; baseline 0.002 -21"><span class='ocrx_word' id='word_1_416' title='bbox 2219 1568 2291 1626; x_wconf 89' lang='lat' dir='ltr'><strong>Et</strong></span> <span class='ocrx_word' id='word_1_417' title='bbox 2315 1567 2390 1627; x_wconf 91' lang='lat' dir='ltr'><strong>de</strong></span> <span class='ocrx_word' id='word_1_418' title='bbox 2419 1567 2535 1627; x_wconf 86' lang='lat' dir='ltr'><strong>hoc</strong></span> <span class='ocrx_word' id='word_1_419' title='bbox 2563 1567 2752 1647; x_wconf 85' lang='lat' dir='ltr'><strong>aliqui</strong></span> <span class='ocrx_word' id='word_1_420' title='bbox 2783 1573 3054 1637; x_wconf 84' lang='lat' dir='ltr'><strong>censent,</strong></span> <span class='ocrx_word' id='word_1_421' title='bbox 3084 1586 3230 1629; x_wconf 86' lang='lat' dir='ltr'><strong>eum</strong></span> <span class='ocrx_word' id='word_1_422' title='bbox 3259 1568 3365 1647; x_wconf 87' lang='lat' dir='ltr'><strong>qui</strong></span> <span class='ocrx_word' id='word_1_423' title='bbox 3398 1568 3595 1627; x_wconf 88' lang='lat' dir='ltr'><strong>omisit</strong></span> <span class='ocrx_word' id='word_1_424' title='bbox 3619 1569 3749 1629; x_wconf 85' lang='lat' dir='ltr'><strong>elee-</strong></span> 
     </span>
     <span class='ocr_line' id='line_1_67' title="bbox 2217 1662 3749 1738; baseline 0.002 -20"><span class='ocrx_word' id='word_1_425' title='bbox 2217 1676 2568 1738; x_wconf 88' lang='lat' dir='ltr'><strong>mosynam,</strong></span> <span class='ocrx_word' id='word_1_426' title='bbox 2595 1662 2936 1738; x_wconf 77' lang='lat' dir='ltr'><strong>praesertim</strong></span> <span class='ocrx_word' id='word_1_427' title='bbox 2979 1662 3045 1719; x_wconf 92' lang='lat' dir='ltr'><strong>in</strong></span> <span class='ocrx_word' id='word_1_428' title='bbox 3073 1678 3219 1721; x_wconf 87' lang='lat' dir='ltr'><strong>casu</strong></span> <span class='ocrx_word' id='word_1_429' title='bbox 3257 1667 3546 1721; x_wconf 83' lang='lat' dir='ltr'><strong>extremae</strong></span> <span class='ocrx_word' id='word_1_430' title='bbox 3575 1680 3749 1721; x_wconf 82' lang='lat' dir='ltr'><strong>neces-</strong></span> 
     </span>
     <span class='ocr_line' id='line_1_68' title="bbox 2216 1752 3748 1831; baseline 0.001 -18"><span class='ocrx_word' id='word_1_431' title='bbox 2216 1752 2433 1825; x_wconf 84' lang='lat' dir='ltr'><strong>sitatis,</strong></span> <span class='ocrx_word' id='word_1_432' title='bbox 2477 1754 2675 1812; x_wconf 88' lang='lat' dir='ltr'><strong>teneri</strong></span> <span class='ocrx_word' id='word_1_433' title='bbox 2715 1754 2792 1813; x_wconf 90' lang='lat' dir='ltr'><strong>ad</strong></span> <span class='ocrx_word' id='word_1_434' title='bbox 2822 1755 3274 1819; x_wconf 77' lang='lat' dir='ltr'><strong>restitutionem</strong></span> <span class='ocrx_word' id='word_1_435' title='bbox 3322 1760 3548 1831; x_wconf 81' lang='lat' dir='ltr'><strong>postea,</strong></span> <span class='ocrx_word' id='word_1_436' title='bbox 3576 1754 3621 1812; x_wconf 89' lang='lat' dir='ltr'><strong>si</strong></span> <span class='ocrx_word' id='word_1_437' title='bbox 3645 1754 3748 1815; x_wconf 85' lang='lat' dir='ltr'><strong>for-</strong></span> 
     </span>
     <span class='ocr_line' id='line_1_69' title="bbox 2217 1846 3745 1926; baseline 0.003 -22"><span class='ocrx_word' id='word_1_438' title='bbox 2217 1852 2372 1905; x_wconf 84' lang='lat' dir='ltr'><strong>tasse</strong></span> <span class='ocrx_word' id='word_1_439' title='bbox 2401 1846 2518 1905; x_wconf 89' lang='lat' dir='ltr'><strong>hac</strong></span> <span class='ocrx_word' id='word_1_440' title='bbox 2545 1846 2619 1905; x_wconf 91' lang='lat' dir='ltr'><strong>de</strong></span> <span class='ocrx_word' id='word_1_441' title='bbox 2664 1864 2845 1906; x_wconf 82' lang='lat' dir='ltr'><strong>causa</strong></span> <span class='ocrx_word' id='word_1_442' title='bbox 2885 1847 3203 1926; x_wconf 83' lang='lat' dir='ltr'><strong>proximus</strong></span> <span class='ocrx_word' id='word_1_443' title='bbox 3231 1853 3323 1906; x_wconf 87' lang='lat' dir='ltr'><strong>est</strong></span> <span class='ocrx_word' id='word_1_444' title='bbox 3351 1853 3639 1920; x_wconf 76' lang='lat' dir='ltr'><strong>mortuuS,</strong></span> <span class='ocrx_word' id='word_1_445' title='bbox 3667 1850 3745 1908; x_wconf 82' lang='lat' dir='ltr'><strong>vel</strong></span> 
     </span>
     <span class='ocr_line' id='line_1_70' title="bbox 2215 1938 3750 2018; baseline 0.003 -21"><span class='ocrx_word' id='word_1_446' title='bbox 2215 1939 2514 1997; x_wconf 88' lang='lat' dir='ltr'><strong>damnum</strong></span> <span class='ocrx_word' id='word_1_447' title='bbox 2542 1938 2710 1998; x_wconf 88' lang='lat' dir='ltr'><strong>aliud</strong></span> <span class='ocrx_word' id='word_1_448' title='bbox 2736 1939 3007 2001; x_wconf 89' lang='lat' dir='ltr'><strong>notabile</strong></span> <span class='ocrx_word' id='word_1_449' title='bbox 3032 1938 3318 2014; x_wconf 86' lang='lat' dir='ltr'><strong>incurrit,</strong></span> <span class='ocrx_word' id='word_1_450' title='bbox 3351 1940 3510 2018; x_wconf 83' lang='lat' dir='ltr'><strong>quod</strong></span> <span class='ocrx_word' id='word_1_451' title='bbox 3537 1940 3750 2001; x_wconf 85' lang='lat' dir='ltr'><strong>videtur</strong></span> 
     </span>
     <span class='ocr_line' id='line_1_71' title="bbox 2217 2030 3750 2109; baseline 0.002 -18"><span class='ocrx_word' id='word_1_452' title='bbox 2217 2031 2487 2091; x_wconf 85' lang='lat' dir='ltr'><strong>indicare</strong></span> <span class='ocrx_word' id='word_1_453' title='bbox 2525 2030 2852 2109; x_wconf 76' lang='lat' dir='ltr'><strong>cajetanus</strong></span> <span class='ocrx_word' id='word_1_454' title='bbox 2881 2032 2939 2091; x_wconf 86' lang='lat' dir='ltr'><strong>in</strong></span> <span class='ocrx_word' id='word_1_455' title='bbox 2987 2034 3269 2107; x_wconf 89' lang='lat' dir='ltr'><strong>Summa,</strong></span> <span class='ocrx_word' id='word_1_456' title='bbox 3297 2032 3484 2092; x_wconf 86' lang='lat' dir='ltr'><strong>verbo</strong></span> <span class='ocrx_word' id='word_1_457' title='bbox 3513 2034 3750 2096; x_wconf 75' lang='lat' dir='ltr'><strong>Restitu-</strong></span> 
     </span>
     <span class='ocr_line' id='line_1_72' title="bbox 2216 2125 3749 2203; baseline 0 -16"><span class='ocrx_word' id='word_1_458' title='bbox 2216 2125 2320 2198; x_wconf 76' lang='lat' dir='ltr'><strong>tio,</strong></span> <span class='ocrx_word' id='word_1_459' title='bbox 2352 2142 2483 2203; x_wconf 89' lang='lat' dir='ltr'><strong>cap.</strong></span> <span class='ocrx_word' id='word_1_460' title='bbox 2513 2128 2571 2199; x_wconf 92' lang='grc'><strong>1,</strong></span> <span class='ocrx_word' id='word_1_461' title='bbox 2597 2132 2658 2183; x_wconf 88' lang='lat' dir='ltr'><strong>et</strong></span> <span class='ocrx_word' id='word_1_462' title='bbox 2693 2130 2892 2203; x_wconf 89' lang='lat' dir='ltr'><strong>potest</strong></span> <span class='ocrx_word' id='word_1_463' title='bbox 2915 2126 3076 2185; x_wconf 88' lang='lat' dir='ltr'><strong>sumi</strong></span> <span class='ocrx_word' id='word_1_464' title='bbox 3107 2144 3180 2185; x_wconf 88' lang='lat' dir='ltr'><strong>ex</strong></span> <span class='ocrx_word' id='word_1_465' title='bbox 3225 2126 3443 2185; x_wconf 89' lang='lat' dir='ltr'><strong>eodem</strong></span> <span class='ocrx_word' id='word_1_466' title='bbox 3473 2144 3606 2185; x_wconf 82' lang='lat' dir='ltr'><strong>cum</strong></span> <span class='ocrx_word' id='word_1_467' title='bbox 3631 2127 3749 2187; x_wconf 80' lang='lat' dir='ltr'><strong>divo</strong></span> 
     </span>
     <span class='ocr_line' id='line_1_73' title="bbox 2215 2217 3748 2297; baseline 0.002 -21"><span class='ocrx_word' id='word_1_468' title='bbox 2215 2217 2453 2277; x_wconf 90' lang='lat' dir='ltr'><strong>Thoma</strong></span> <span class='ocrx_word' id='word_1_469' title='bbox 2497 2220 2558 2279; x_wconf 74' lang='lat'><strong>2.</strong></span> <span class='ocrx_word' id='word_1_470' title='bbox 2589 2220 2653 2294; x_wconf 73' lang='lat'><strong>2,</strong></span> <span class='ocrx_word' id='word_1_471' title='bbox 2693 2224 2910 2297; x_wconf 80' lang='lat' dir='ltr'><strong>quaest.</strong></span> <span class='ocrx_word' id='word_1_472' title='bbox 2946 2219 3085 2292; x_wconf 87' lang='grc'>118,</span> <span class='ocrx_word' id='word_1_473' title='bbox 3131 2218 3242 2277; x_wconf 90' lang='lat' dir='ltr'><strong>ubi</strong></span> <span class='ocrx_word' id='word_1_474' title='bbox 3273 2218 3422 2279; x_wconf 90' lang='lat' dir='ltr'><strong>dicit</strong></span> <span class='ocrx_word' id='word_1_475' title='bbox 3461 2218 3748 2297; x_wconf 85' lang='lat' dir='ltr'><strong>obligatio-</strong></span> 
     </span>
     <span class='ocr_line' id='line_1_74' title="bbox 2218 2312 3749 2389; baseline 0.001 -18"><span class='ocrx_word' id='word_1_476' title='bbox 2218 2330 2359 2371; x_wconf 89' lang='lat' dir='ltr'><strong>nem</strong></span> <span class='ocrx_word' id='word_1_477' title='bbox 2388 2312 2466 2371; x_wconf 88' lang='lat' dir='ltr'><strong>ad</strong></span> <span class='ocrx_word' id='word_1_478' title='bbox 2491 2312 2983 2372; x_wconf 87' lang='lat' dir='ltr'><strong>subveniendum</strong></span> <span class='ocrx_word' id='word_1_479' title='bbox 3012 2313 3074 2371; x_wconf 89' lang='lat' dir='ltr'><strong>iu</strong></span> <span class='ocrx_word' id='word_1_480' title='bbox 3096 2318 3378 2372; x_wconf 82' lang='lat' dir='ltr'><strong>extrema</strong></span> <span class='ocrx_word' id='word_1_481' title='bbox 3401 2316 3749 2389; x_wconf 85' lang='lat' dir='ltr'><strong>necessitate,</strong></span> 
     </span>
     <span class='ocr_line' id='line_1_75' title="bbox 2217 2404 3747 2484; baseline 0.001 -19"><span class='ocrx_word' id='word_1_482' title='bbox 2217 2405 2362 2465; x_wconf 88' lang='lat' dir='ltr'><strong>oriri</strong></span> <span class='ocrx_word' id='word_1_483' title='bbox 2393 2422 2468 2465; x_wconf 70' lang='lat' dir='ltr'><strong>ex</strong></span> <span class='ocrx_word' id='word_1_484' title='bbox 2493 2406 2731 2484; x_wconf 84' lang='lat' dir='ltr'><strong>justitia</strong></span> <span class='ocrx_word' id='word_1_485' title='bbox 2758 2405 2940 2483; x_wconf 86' lang='lat' dir='ltr'><strong>legali</strong></span> <span class='ocrx_word' id='word_1_486' title='bbox 2957 2428 2974 2480; x_wconf 84' lang='lat'><em>3</em></span> <span class='ocrx_word' id='word_1_487' title='bbox 3020 2404 3320 2483; x_wconf 83' lang='lat' dir='ltr'><strong>obligatio</strong></span> <span class='ocrx_word' id='word_1_488' title='bbox 3361 2407 3524 2466; x_wconf 89' lang='lat' dir='ltr'><strong>enim</strong></span> <span class='ocrx_word' id='word_1_489' title='bbox 3553 2426 3624 2467; x_wconf 83' lang='lat' dir='ltr'><strong>ex</strong></span> <span class='ocrx_word' id='word_1_490' title='bbox 3658 2407 3747 2467; x_wconf 88' lang='lat' dir='ltr'><strong>tali</strong></span> 
     </span>
     <span class='ocr_line' id='line_1_76' title="bbox 2213 2498 3748 2577; baseline 0.001 -22"><span class='ocrx_word' id='word_1_491' title='bbox 2213 2498 2452 2577; x_wconf 84' lang='lat' dir='ltr'><strong>justitia</strong></span> <span class='ocrx_word' id='word_1_492' title='bbox 2499 2498 2745 2558; x_wconf 82' lang='lat' dir='ltr'><strong>videtur</strong></span> <span class='ocrx_word' id='word_1_493' title='bbox 2789 2499 3074 2559; x_wconf 76' lang='lat' dir='ltr'><strong>inducere</strong></span> <span class='ocrx_word' id='word_1_494' title='bbox 3119 2498 3560 2576; x_wconf 81' lang='lat' dir='ltr'><strong>obligationem</strong></span> <span class='ocrx_word' id='word_1_495' title='bbox 3601 2500 3748 2558; x_wconf 83' lang='lat' dir='ltr'><strong>resti-</strong></span> 
     </span>
     <span class='ocr_line' id='line_1_77' title="bbox 2216 2590 3748 2670; baseline 0.003 -21"><span class='ocrx_word' id='word_1_496' title='bbox 2216 2590 2450 2651; x_wconf 86' lang='lat' dir='ltr'><strong>tuendi.</strong></span> <span class='ocrx_word' id='word_1_497' title='bbox 2477 2592 2944 2652; x_wconf 77' lang='lat' dir='ltr'><strong>Turrecreiuata</strong></span> <span class='ocrx_word' id='word_1_498' title='bbox 2975 2592 3188 2666; x_wconf 90' lang='lat' dir='ltr'><strong>etiam,</strong></span> <span class='ocrx_word' id='word_1_499' title='bbox 3223 2592 3290 2651; x_wconf 90' lang='lat' dir='ltr'><strong>in</strong></span> <span class='ocrx_word' id='word_1_500' title='bbox 3323 2610 3458 2670; x_wconf 89' lang='lat' dir='ltr'><strong>cap.</strong></span> <span class='ocrx_word' id='word_1_501' title='bbox 3501 2591 3575 2654; x_wconf 78' lang='lat' dir='ltr'><strong>Si</strong></span> <span class='ocrx_word' id='word_1_502' title='bbox 3598 2596 3748 2660; x_wconf 74' lang='lat' dir='ltr'><strong>scene·</strong></span> 
     </span>
     <span class='ocr_line' id='line_1_78' title="bbox 2212 2685 3748 2763; baseline -0.001 -18"><span class='ocrx_word' id='word_1_503' title='bbox 2212 2686 2472 2759; x_wconf 71' lang='lat' dir='ltr'><strong>raveriS,</strong></span> <span class='ocrx_word' id='word_1_504' title='bbox 2502 2686 2769 2745; x_wconf 85' lang='lat' dir='ltr'><strong>distinct.</strong></span> <span class='ocrx_word' id='word_1_505' title='bbox 2806 2686 2908 2759; x_wconf 87' lang='grc'><strong>86,</strong></span> <span class='ocrx_word' id='word_1_506' title='bbox 2939 2686 3088 2746; x_wconf 86' lang='lat' dir='ltr'><strong>dicit</strong></span> <span class='ocrx_word' id='word_1_507' title='bbox 3121 2704 3263 2745; x_wconf 90' lang='lat' dir='ltr'><strong>eam</strong></span> <span class='ocrx_word' id='word_1_508' title='bbox 3303 2704 3430 2745; x_wconf 84' lang='lat' dir='ltr'><strong>esse</strong></span> <span class='ocrx_word' id='word_1_509' title='bbox 3460 2685 3748 2763; x_wconf 84' lang='lat' dir='ltr'><strong>obligatio-</strong></span> 
     </span>
     <span class='ocr_line' id='line_1_79' title="bbox 2215 2779 3745 2858; baseline 0 -20"><span class='ocrx_word' id='word_1_510' title='bbox 2215 2798 2358 2839; x_wconf 91' lang='lat' dir='ltr'><strong>nem</strong></span> <span class='ocrx_word' id='word_1_511' title='bbox 2399 2798 2472 2838; x_wconf 83' lang='lat' dir='ltr'><strong>ex</strong></span> <span class='ocrx_word' id='word_1_512' title='bbox 2509 2780 2768 2858; x_wconf 85' lang='lat' dir='ltr'><strong>justitia,</strong></span> <span class='ocrx_word' id='word_1_513' title='bbox 2801 2781 3080 2858; x_wconf 88' lang='lat' dir='ltr'><strong>quamvis</strong></span> <span class='ocrx_word' id='word_1_514' title='bbox 3121 2786 3310 2857; x_wconf 84' lang='lat' dir='ltr'><strong>neget</strong></span> <span class='ocrx_word' id='word_1_515' title='bbox 3342 2779 3745 2856; x_wconf 82' lang='lat' dir='ltr'><strong>obligationem</strong></span> 
     </span>
     <span class='ocr_line' id='line_1_80' title="bbox 2215 2872 3745 2948; baseline 0 -17"><span class='ocrx_word' id='word_1_516' title='bbox 2215 2872 2607 2947; x_wconf 84' lang='lat' dir='ltr'><strong>restituendi3</strong></span> <span class='ocrx_word' id='word_1_517' title='bbox 2647 2872 2808 2931; x_wconf 86' lang='lat' dir='ltr'><strong>idem</strong></span> <span class='ocrx_word' id='word_1_518' title='bbox 2864 2874 3050 2933; x_wconf 87' lang='lat' dir='ltr'><strong>sentit</strong></span> <span class='ocrx_word' id='word_1_519' title='bbox 3095 2874 3448 2948; x_wconf 80' lang='lat' dir='ltr'><strong>SarmentO,</strong></span> <span class='ocrx_word' id='word_1_520' title='bbox 3499 2872 3571 2933; x_wconf 89' lang='lat' dir='ltr'><strong>de</strong></span> <span class='ocrx_word' id='word_1_521' title='bbox 3617 2874 3745 2933; x_wconf 87' lang='lat' dir='ltr'><strong>Red-</strong></span> 
     </span>
     <span class='ocr_line' id='line_1_81' title="bbox 2215 2965 3746 3046; baseline 0.001 -22"><span class='ocrx_word' id='word_1_522' title='bbox 2215 2966 2446 3025; x_wconf 87' lang='lat' dir='ltr'><strong>ditibus</strong></span> <span class='ocrx_word' id='word_1_523' title='bbox 2474 2965 2725 3040; x_wconf 70' lang='lat' dir='ltr'><strong>Eccles,</strong></span> <span class='ocrx_word' id='word_1_524' title='bbox 2756 2968 2792 3027; x_wconf 88' lang='lat'><strong>3</strong></span> <span class='ocrx_word' id='word_1_525' title='bbox 2821 2972 2977 3044; x_wconf 86' lang='lat' dir='ltr'><strong>part.</strong></span> <span class='ocrx_word' id='word_1_526' title='bbox 2997 3013 3016 3041; x_wconf 90' lang='lat'><strong>,</strong></span> <span class='ocrx_word' id='word_1_527' title='bbox 3044 2967 3231 3046; x_wconf 81' lang='lat' dir='ltr'><strong>capit.</strong></span> <span class='ocrx_word' id='word_1_528' title='bbox 3259 2970 3321 3027; x_wconf 76' lang='lat'><strong>4.</strong></span> <span class='ocrx_word' id='word_1_529' title='bbox 3349 2966 3636 3027; x_wconf 86' lang='lat' dir='ltr'><strong>Probatur</strong></span> <span class='ocrx_word' id='word_1_530' title='bbox 3668 2984 3746 3026; x_wconf 87' lang='lat' dir='ltr'><strong>ra-</strong></span> 
     </span>
     <span class='ocr_line' id='line_1_82' title="bbox 2217 3058 3747 3138; baseline 0 -19"><span class='ocrx_word' id='word_1_531' title='bbox 2217 3060 2415 3131; x_wconf 80' lang='lat' dir='ltr'><strong>tione3</strong></span> <span class='ocrx_word' id='word_1_532' title='bbox 2445 3076 2592 3119; x_wconf 91' lang='lat' dir='ltr'><strong>nam</strong></span> <span class='ocrx_word' id='word_1_533' title='bbox 2627 3058 2730 3119; x_wconf 91' lang='lat' dir='ltr'><strong>ille</strong></span> <span class='ocrx_word' id='word_1_534' title='bbox 2763 3059 2868 3138; x_wconf 88' lang='lat' dir='ltr'><strong>qui</strong></span> <span class='ocrx_word' id='word_1_535' title='bbox 2911 3060 3139 3119; x_wconf 88' lang='lat' dir='ltr'><strong>omittit</strong></span> <span class='ocrx_word' id='word_1_536' title='bbox 3177 3059 3625 3138; x_wconf 82' lang='lat' dir='ltr'><strong>eleemosynam</strong></span> <span class='ocrx_word' id='word_1_537' title='bbox 3653 3060 3747 3119; x_wconf 91' lang='lat' dir='ltr'><strong>hu-</strong></span> 
     </span>
     <span class='ocr_line' id='line_1_83' title="bbox 2210 3152 3746 3232; baseline 0.001 -22"><span class='ocrx_word' id='word_1_538' title='bbox 2210 3152 2507 3232; x_wconf 89' lang='lat' dir='ltr'><strong>jusmodi,</strong></span> <span class='ocrx_word' id='word_1_539' title='bbox 2549 3156 2641 3211; x_wconf 88' lang='lat' dir='ltr'><strong>est</strong></span> <span class='ocrx_word' id='word_1_540' title='bbox 2671 3170 2854 3211; x_wconf 86' lang='lat' dir='ltr'><strong>causa</strong></span> <span class='ocrx_word' id='word_1_541' title='bbox 2886 3152 3134 3212; x_wconf 90' lang='lat' dir='ltr'><strong>moralis</strong></span> <span class='ocrx_word' id='word_1_542' title='bbox 3177 3154 3536 3213; x_wconf 86' lang='lat' dir='ltr'><strong>nocumenti</strong></span> <span class='ocrx_word' id='word_1_543' title='bbox 3575 3152 3746 3231; x_wconf 83' lang='lat' dir='ltr'><strong>proxi-</strong></span> 
     </span>
     <span class='ocr_line' id='line_1_84' title="bbox 2219 3243 3747 3323; baseline -0.001 -19"><span class='ocrx_word' id='word_1_544' title='bbox 2219 3245 2341 3319; x_wconf 4' lang='lat' dir='ltr'><strong>mig3</strong></span> <span class='ocrx_word' id='word_1_545' title='bbox 2363 3261 2510 3321; x_wconf 87' lang='lat' dir='ltr'><strong>ergo</strong></span> <span class='ocrx_word' id='word_1_546' title='bbox 2533 3248 2780 3303; x_wconf 88' lang='lat' dir='ltr'><strong>tenetur</strong></span> <span class='ocrx_word' id='word_1_547' title='bbox 2797 3243 2874 3304; x_wconf 91' lang='lat' dir='ltr'><strong>de</strong></span> <span class='ocrx_word' id='word_1_548' title='bbox 2901 3244 3130 3305; x_wconf 89' lang='lat' dir='ltr'><strong>damno</strong></span> <span class='ocrx_word' id='word_1_549' title='bbox 3156 3259 3172 3305; x_wconf 90' lang='lat'>:</span> <span class='ocrx_word' id='word_1_550' title='bbox 3196 3246 3562 3306; x_wconf 84' lang='lat' dir='ltr'><strong>antecedens</strong></span> <span class='ocrx_word' id='word_1_551' title='bbox 3585 3250 3747 3323; x_wconf 79' lang='lat' dir='ltr'><strong>patet,</strong></span> 
     </span>
     <span class='ocr_line' id='line_1_85' title="bbox 2213 3337 3750 3417; baseline -0.002 -19"><span class='ocrx_word' id='word_1_552' title='bbox 2213 3338 2363 3417; x_wconf 89' lang='lat' dir='ltr'><strong>quia</strong></span> <span class='ocrx_word' id='word_1_553' title='bbox 2399 3344 2646 3398; x_wconf 84' lang='lat' dir='ltr'><strong>tenetur</strong></span> <span class='ocrx_word' id='word_1_554' title='bbox 2673 3338 2905 3397; x_wconf 89' lang='lat' dir='ltr'><strong>evitare</strong></span> <span class='ocrx_word' id='word_1_555' title='bbox 2934 3337 3030 3410; x_wconf 87' lang='lat' dir='ltr'><strong>id;</strong></span> <span class='ocrx_word' id='word_1_556' title='bbox 3061 3356 3215 3416; x_wconf 88' lang='lat' dir='ltr'><strong>ergo</strong></span> <span class='ocrx_word' id='word_1_557' title='bbox 3253 3340 3452 3399; x_wconf 88' lang='lat' dir='ltr'><strong>sinon</strong></span> <span class='ocrx_word' id='word_1_558' title='bbox 3492 3338 3647 3410; x_wconf 75' lang='lat' dir='ltr'><strong>facit,</strong></span> <span class='ocrx_word' id='word_1_559' title='bbox 3675 3342 3750 3397; x_wconf 87' lang='lat' dir='ltr'><strong>est</strong></span> 
     </span>
     <span class='ocr_line' id='line_1_86' title="bbox 2217 3430 3751 3511; baseline -0.001 -20"><span class='ocrx_word' id='word_1_560' title='bbox 2217 3450 2423 3491; x_wconf 87' lang='lat' dir='ltr'><strong>causa.</strong></span> <span class='ocrx_word' id='word_1_561' title='bbox 2469 3430 2643 3491; x_wconf 90' lang='lat' dir='ltr'><strong>Unde</strong></span> <span class='ocrx_word' id='word_1_562' title='bbox 2684 3432 3099 3506; x_wconf 78' lang='lat' dir='ltr'><strong>InnocentiuS,</strong></span> <span class='ocrx_word' id='word_1_563' title='bbox 3139 3434 3334 3511; x_wconf 84' lang='lat' dir='ltr'><strong>capit.</strong></span> <span class='ocrx_word' id='word_1_564' title='bbox 3382 3432 3653 3506; x_wconf 66' lang='lat' dir='ltr'><strong>Quanta»,</strong></span> <span class='ocrx_word' id='word_1_565' title='bbox 3689 3430 3751 3489; x_wconf 87' lang='lat' dir='ltr'><strong>de</strong></span> 
     </span>
     <span class='ocr_line' id='line_1_87' title="bbox 2220 3522 3755 3605; baseline -0.002 -20"><span class='ocrx_word' id='word_1_566' title='bbox 2220 3524 2537 3585; x_wconf 68' lang='lat' dir='ltr'><strong>Sententia</strong></span> <span class='ocrx_word' id='word_1_567' title='bbox 2567 3526 3252 3601; x_wconf 84' lang='lat' dir='ltr'><strong>excommunicationis,</strong></span> <span class='ocrx_word' id='word_1_568' title='bbox 3277 3524 3424 3586; x_wconf 85' lang='lat' dir='ltr'><strong>dicit</strong></span> <span class='ocrx_word' id='word_1_569' title='bbox 3450 3544 3570 3587; x_wconf 86' lang='lat' dir='ltr'><strong>esse</strong></span> <span class='ocrx_word' id='word_1_570' title='bbox 3597 3522 3755 3605; x_wconf 85' lang='lat' dir='ltr'><strong>parti-</strong></span> 
     </span>
     <span class='ocr_line' id='line_1_88' title="bbox 2220 3616 3754 3697; baseline -0.003 -20"><span class='ocrx_word' id='word_1_571' title='bbox 2220 3618 2420 3696; x_wconf 86' lang='lat' dir='ltr'><strong>cipem</strong></span> <span class='ocrx_word' id='word_1_572' title='bbox 2447 3616 2794 3692; x_wconf 86' lang='lat' dir='ltr'><strong>homicidii,</strong></span> <span class='ocrx_word' id='word_1_573' title='bbox 2821 3619 2928 3697; x_wconf 89' lang='lat' dir='ltr'><strong>qui</strong></span> <span class='ocrx_word' id='word_1_574' title='bbox 2957 3625 3212 3677; x_wconf 85' lang='lat' dir='ltr'><strong>tenetur</strong></span> <span class='ocrx_word' id='word_1_575' title='bbox 3242 3620 3457 3692; x_wconf 85' lang='lat' dir='ltr'><strong>vitare,</strong></span> <span class='ocrx_word' id='word_1_576' title='bbox 3489 3636 3554 3677; x_wconf 85' lang='lat' dir='ltr'><strong>ac</strong></span> <span class='ocrx_word' id='word_1_577' title='bbox 3586 3620 3754 3695; x_wconf 70' lang='lat' dir='ltr'><strong>potest</strong></span> 
     </span>
     <span class='ocr_line' id='line_1_89' title="bbox 2219 3708 3751 3790; baseline -0.003 -20"><span class='ocrx_word' id='word_1_578' title='bbox 2219 3716 2281 3771; x_wconf 91' lang='lat' dir='ltr'><strong>et</strong></span> <span class='ocrx_word' id='word_1_579' title='bbox 2315 3728 2439 3769; x_wconf 89' lang='lat' dir='ltr'><strong>non</strong></span> <span class='ocrx_word' id='word_1_580' title='bbox 2468 3710 2634 3769; x_wconf 87' lang='lat' dir='ltr'><strong>facit.</strong></span> <span class='ocrx_word' id='word_1_581' title='bbox 2657 3710 2734 3769; x_wconf 91' lang='lat' dir='ltr'><strong>Et</strong></span> <span class='ocrx_word' id='word_1_582' title='bbox 2759 3710 2922 3769; x_wconf 87' lang='lat' dir='ltr'><strong>idem</strong></span> <span class='ocrx_word' id='word_1_583' title='bbox 2953 3711 3112 3769; x_wconf 90' lang='lat' dir='ltr'><strong>sumi</strong></span> <span class='ocrx_word' id='word_1_584' title='bbox 3144 3716 3352 3790; x_wconf 90' lang='lat' dir='ltr'><strong>potest</strong></span> <span class='ocrx_word' id='word_1_585' title='bbox 3379 3730 3450 3771; x_wconf 85' lang='lat' dir='ltr'><strong>ex</strong></span> <span class='ocrx_word' id='word_1_586' title='bbox 3479 3729 3602 3789; x_wconf 83' lang='lat' dir='ltr'><strong>cap.</strong></span> <span class='ocrx_word' id='word_1_587' title='bbox 3626 3708 3751 3772; x_wconf 77' lang='lat' dir='ltr'><strong>Non</strong></span> 
     </span>
     <span class='ocr_line' id='line_1_90' title="bbox 2217 3802 3746 3881; baseline -0.003 -18"><span class='ocrx_word' id='word_1_588' title='bbox 2217 3802 2602 3877; x_wconf 65' lang='lat' dir='ltr'><strong>mis-emnam,</strong></span> <span class='ocrx_word' id='word_1_589' title='bbox 2631 3804 2732 3876; x_wconf 80' lang='lat'><strong>23,</strong></span> <span class='ocrx_word' id='word_1_590' title='bbox 2760 3810 2971 3881; x_wconf 78' lang='lat' dir='ltr'><strong>quaest.</strong></span> <span class='ocrx_word' id='word_1_591' title='bbox 3002 3805 3037 3862; x_wconf 86' lang='lat'>7</span> <span class='ocrx_word' id='word_1_592' title='bbox 3054 3825 3071 3877; x_wconf 89' lang='lat'>;</span> <span class='ocrx_word' id='word_1_593' title='bbox 3106 3812 3166 3864; x_wconf 91' lang='lat' dir='ltr'><strong>et</strong></span> <span class='ocrx_word' id='word_1_594' title='bbox 3193 3822 3274 3863; x_wconf 81' lang='lat' dir='ltr'><strong>ex</strong></span> <span class='ocrx_word' id='word_1_595' title='bbox 3307 3803 3409 3863; x_wconf 91' lang='lat' dir='ltr'><strong>illo</strong></span> <span class='ocrx_word' id='word_1_596' title='bbox 3435 3802 3746 3864; x_wconf 87' lang='lat' dir='ltr'><strong>Ambrosii:</strong></span> 
     </span>
     <span class='ocr_line' id='line_1_91' title="bbox 2227 3894 3745 3975; baseline -0.004 -17"><span class='ocrx_word' id='word_1_597' title='bbox 2227 3894 2308 3958; x_wconf 80' lang='lat' dir='ltr'><strong>Si</strong></span> <span class='ocrx_word' id='word_1_598' title='bbox 2333 3914 2449 3957; x_wconf 68' lang='lat' dir='ltr'><strong>non,</strong></span> <span class='ocrx_word' id='word_1_599' title='bbox 2474 3896 2727 3973; x_wconf 73' lang='lat' dir='ltr'><strong>pavisti,</strong></span> <span class='ocrx_word' id='word_1_600' title='bbox 2759 3896 2926 3958; x_wconf 83' lang='lat' dir='ltr'><strong>occid</strong></span> <span class='ocrx_word' id='word_1_601' title='bbox 2933 3897 3032 3957; x_wconf 33' lang='lat' dir='ltr'><strong>*sci</strong></span> <span class='ocrx_word' id='word_1_602' title='bbox 3045 3942 3062 3971; x_wconf 90' lang='lat'><strong>,</strong></span> <span class='ocrx_word' id='word_1_603' title='bbox 3104 3897 3272 3975; x_wconf 88' lang='lat' dir='ltr'><strong>quod</strong></span> <span class='ocrx_word' id='word_1_604' title='bbox 3309 3896 3564 3957; x_wconf 85' lang='lat' dir='ltr'><strong>refertur</strong></span> <span class='ocrx_word' id='word_1_605' title='bbox 3589 3894 3745 3973; x_wconf 83' lang='lat' dir='ltr'><strong>capit.</strong></span> 
     </span>
     <span class='ocr_line' id='line_1_92' title="bbox 2221 3988 3745 4067; baseline -0.003 -18"><span class='ocrx_word' id='word_1_606' title='bbox 2221 3989 2436 4061; x_wconf 74' lang='lat' dir='ltr'><strong>Pasce,</strong></span> <span class='ocrx_word' id='word_1_607' title='bbox 2469 3989 2846 4048; x_wconf 84' lang='lat' dir='ltr'><strong>distinction.</strong></span> <span class='ocrx_word' id='word_1_608' title='bbox 2881 3990 2979 4049; x_wconf 88' lang='lat'><strong>86.</strong></span> <span class='ocrx_word' id='word_1_609' title='bbox 3021 3990 3098 4049; x_wconf 89' lang='lat' dir='ltr'><strong>Et</strong></span> <span class='ocrx_word' id='word_1_610' title='bbox 3127 3988 3528 4049; x_wconf 80' lang='lat' dir='ltr'><strong>confirmatur</strong></span> <span class='ocrx_word' id='word_1_611' title='bbox 3554 3990 3745 4067; x_wconf 81' lang='lat' dir='ltr'><strong>primu,</strong></span> 
     </span>
     <span class='ocr_line' id='line_1_93' title="bbox 2220 4078 3749 4161; baseline -0.004 -20"><span class='ocrx_word' id='word_1_612' title='bbox 2220 4100 2364 4141; x_wconf 89' lang='lat' dir='ltr'><strong>nam</strong></span> <span class='ocrx_word' id='word_1_613' title='bbox 2392 4082 2498 4161; x_wconf 90' lang='lat' dir='ltr'><strong>qui</strong></span> <span class='ocrx_word' id='word_1_614' title='bbox 2532 4090 2620 4142; x_wconf 86' lang='lat' dir='ltr'><strong>est</strong></span> <span class='ocrx_word' id='word_1_615' title='bbox 2647 4082 2709 4141; x_wconf 90' lang='lat' dir='ltr'><strong>in</strong></span> <span class='ocrx_word' id='word_1_616' title='bbox 2735 4088 3010 4143; x_wconf 85' lang='lat' dir='ltr'><strong>extrema</strong></span> <span class='ocrx_word' id='word_1_617' title='bbox 3034 4085 3417 4153; x_wconf 87' lang='lat' dir='ltr'><strong>necessitate,</strong></span> <span class='ocrx_word' id='word_1_618' title='bbox 3446 4086 3626 4161; x_wconf 88' lang='lat' dir='ltr'><strong>potest</strong></span> <span class='ocrx_word' id='word_1_619' title='bbox 3651 4078 3749 4137; x_wconf 86' lang='lat' dir='ltr'><strong>sibi</strong></span> 
     </span>
     <span class='ocr_line' id='line_1_94' title="bbox 2220 4175 3748 4255; baseline -0.003 -23"><span class='ocrx_word' id='word_1_620' title='bbox 2220 4175 2562 4234; x_wconf 89' lang='lat' dir='ltr'><strong>necessaria</strong></span> <span class='ocrx_word' id='word_1_621' title='bbox 2604 4192 2866 4250; x_wconf 91' lang='lat' dir='ltr'><strong>sumere,</strong></span> <span class='ocrx_word' id='word_1_622' title='bbox 2900 4177 3086 4235; x_wconf 89' lang='lat' dir='ltr'><strong>etiam</strong></span> <span class='ocrx_word' id='word_1_623' title='bbox 3123 4195 3236 4255; x_wconf 84' lang='lat' dir='ltr'><strong>per</strong></span> <span class='ocrx_word' id='word_1_624' title='bbox 3273 4180 3422 4249; x_wconf 87' lang='lat' dir='ltr'><strong>vim,</strong></span> <span class='ocrx_word' id='word_1_625' title='bbox 3454 4176 3589 4255; x_wconf 88' lang='lat' dir='ltr'><strong>quia</strong></span> <span class='ocrx_word' id='word_1_626' title='bbox 3625 4180 3748 4230; x_wconf 88' lang='lat' dir='ltr'><strong>tunc</strong></span> 
     </span>
     <span class='ocr_line' id='line_1_95' title="bbox 2220 4262 3746 4346; baseline -0.003 -21"><span class='ocrx_word' id='word_1_627' title='bbox 2220 4265 2382 4325; x_wconf 89' lang='lat' dir='ltr'><strong>bona</strong></span> <span class='ocrx_word' id='word_1_628' title='bbox 2429 4274 2574 4326; x_wconf 89' lang='lat' dir='ltr'><strong>sunt</strong></span> <span class='ocrx_word' id='word_1_629' title='bbox 2619 4269 3014 4342; x_wconf 86' lang='lat' dir='ltr'><strong>communia3</strong></span> <span class='ocrx_word' id='word_1_630' title='bbox 3053 4287 3202 4346; x_wconf 88' lang='lat' dir='ltr'><strong>ergo</strong></span> <span class='ocrx_word' id='word_1_631' title='bbox 3259 4268 3414 4327; x_wconf 87' lang='lat' dir='ltr'><strong>alter</strong></span> <span class='ocrx_word' id='word_1_632' title='bbox 3456 4262 3746 4325; x_wconf 86' lang='lat' dir='ltr'><strong>detinendo</strong></span> 
     </span>
     <span class='ocr_line' id='line_1_96' title="bbox 2218 4358 3748 4437; baseline -0.003 -19"><span class='ocrx_word' id='word_1_633' title='bbox 2218 4358 2510 4437; x_wconf 82' lang='lat' dir='ltr'><strong>injuriam</strong></span> <span class='ocrx_word' id='word_1_634' title='bbox 2555 4359 2643 4418; x_wconf 89' lang='lat' dir='ltr'><strong>illi</strong></span> <span class='ocrx_word' id='word_1_635' title='bbox 2674 4358 2842 4420; x_wconf 86' lang='lat' dir='ltr'><strong>facit.</strong></span> <span class='ocrx_word' id='word_1_636' title='bbox 2877 4360 3294 4422; x_wconf 85' lang='lat' dir='ltr'><strong>Confirmatur</strong></span> <span class='ocrx_word' id='word_1_637' title='bbox 3323 4360 3599 4433; x_wconf 85' lang='lat' dir='ltr'><strong>secundo,</strong></span> <span class='ocrx_word' id='word_1_638' title='bbox 3627 4372 3748 4415; x_wconf 86' lang='lat' dir='ltr'><strong>nam</strong></span> 
     </span>
     <span class='ocr_line' id='line_1_97' title="bbox 2218 4452 3750 4532; baseline -0.002 -22"><span class='ocrx_word' id='word_1_639' title='bbox 2218 4458 2417 4529; x_wconf 81' lang='lat' dir='ltr'><strong>potest</strong></span> <span class='ocrx_word' id='word_1_640' title='bbox 2447 4469 2485 4511; x_wconf 90' lang='lat' dir='ltr'><strong>a</strong></span> <span class='ocrx_word' id='word_1_641' title='bbox 2507 4452 2719 4529; x_wconf 81' lang='lat' dir='ltr'><strong>judice</strong></span> <span class='ocrx_word' id='word_1_642' title='bbox 2749 4454 3034 4532; x_wconf 85' lang='lat' dir='ltr'><strong>compelli</strong></span> <span class='ocrx_word' id='word_1_643' title='bbox 3061 4454 3138 4513; x_wconf 86' lang='lat' dir='ltr'><strong>ad</strong></span> <span class='ocrx_word' id='word_1_644' title='bbox 3166 4454 3432 4513; x_wconf 83' lang='lat' dir='ltr'><strong>dandam</strong></span> <span class='ocrx_word' id='word_1_645' title='bbox 3458 4452 3750 4526; x_wconf 82' lang='lat' dir='ltr'><strong>eleemosy-</strong></span> 
     </span>
     <span class='ocr_line' id='line_1_98' title="bbox 2215 4544 3748 4627; baseline -0.001 -25"><span class='ocrx_word' id='word_1_646' title='bbox 2215 4562 2383 4613; x_wconf 84' lang='lat' dir='ltr'><strong>nam,</strong></span> <span class='ocrx_word' id='word_1_647' title='bbox 2415 4545 2468 4604; x_wconf 90' lang='lat' dir='ltr'><strong>is</strong></span> <span class='ocrx_word' id='word_1_648' title='bbox 2493 4548 2597 4623; x_wconf 83' lang='lat' dir='ltr'><strong>qui</strong></span> <span class='ocrx_word' id='word_1_649' title='bbox 2627 4544 2776 4606; x_wconf 88' lang='lat' dir='ltr'><strong>dare</strong></span> <span class='ocrx_word' id='word_1_650' title='bbox 2805 4556 3003 4627; x_wconf 86' lang='lat' dir='ltr'><strong>potest</strong></span> <span class='ocrx_word' id='word_1_651' title='bbox 3032 4548 3387 4625; x_wconf 79' lang='lat' dir='ltr'><strong>commode3</strong></span> <span class='ocrx_word' id='word_1_652' title='bbox 3413 4564 3553 4625; x_wconf 82' lang='lat' dir='ltr'><strong>ergo</strong></span> <span class='ocrx_word' id='word_1_653' title='bbox 3584 4547 3748 4603; x_wconf 83' lang='lat' dir='ltr'><strong>inter-</strong></span> 
     </span>
     <span class='ocr_line' id='line_1_99' title="bbox 2215 4635 3748 4719; baseline -0.003 -23"><span class='ocrx_word' id='word_1_654' title='bbox 2215 4638 2377 4697; x_wconf 86' lang='lat' dir='ltr'><strong>cedit</strong></span> <span class='ocrx_word' id='word_1_655' title='bbox 2422 4638 2632 4716; x_wconf 89' lang='lat' dir='ltr'><strong>aliqua</strong></span> <span class='ocrx_word' id='word_1_656' title='bbox 2681 4639 2978 4717; x_wconf 84' lang='lat' dir='ltr'><strong>obligatio</strong></span> <span class='ocrx_word' id='word_1_657' title='bbox 3021 4640 3319 4719; x_wconf 80' lang='lat' dir='ltr'><strong>justitiae3</strong></span> <span class='ocrx_word' id='word_1_658' title='bbox 3360 4658 3502 4718; x_wconf 84' lang='lat' dir='ltr'><strong>ergo</strong></span> <span class='ocrx_word' id='word_1_659' title='bbox 3547 4635 3748 4712; x_wconf 87' lang='lat' dir='ltr'><strong>obligat</strong></span> 
     </span>
     <span class='ocr_line' id='line_1_100' title="bbox 2215 4730 2792 4793; baseline 0.007 -4"><span class='ocrx_word' id='word_1_660' title='bbox 2215 4730 2293 4790; x_wconf 89' lang='lat' dir='ltr'><strong>ad</strong></span> <span class='ocrx_word' id='word_1_661' title='bbox 2321 4732 2792 4793; x_wconf 88' lang='lat' dir='ltr'><strong>restituendum.</strong></span> 
     </span>
    </p>

    <p class='ocr_par' dir='ltr' id='par_1_11' title="bbox 2215 4824 3745 5557">
     <span class='ocr_line' id='line_1_101' title="bbox 2299 4824 3738 4909; baseline 0.001 -27"><span class='ocrx_word' id='word_1_662' title='bbox 2299 4826 2355 4883; x_wconf 69' lang='lat'><strong>⁴2.</strong></span> <span class='ocrx_word' id='word_1_663' title='bbox 2417 4824 2566 4889; x_wconf 77' lang='lat' dir='ltr'><strong>Vera</strong></span> <span class='ocrx_word' id='word_1_664' title='bbox 2596 4826 2912 4889; x_wconf 72' lang='lat' dir='ltr'><strong>sententia.</strong></span> <span class='ocrx_word' id='word_1_665' title='bbox 2947 4859 3028 4871; x_wconf 96' lang='lat'><strong>—</strong></span> <span class='ocrx_word' id='word_1_666' title='bbox 3050 4825 3153 4889; x_wconf 76' lang='lat' dir='ltr'><strong>Ad</strong></span> <span class='ocrx_word' id='word_1_667' title='bbox 3169 4828 3431 4909; x_wconf 79' lang='lat' dir='ltr'><strong>primam</strong></span> <span class='ocrx_word' id='word_1_668' title='bbox 3462 4826 3738 4903; x_wconf 82' lang='lat' dir='ltr'><strong>confirma-</strong></span> 
     </span>
     <span class='ocr_line' id='line_1_102' title="bbox 2219 4917 3744 4995; baseline 0 -18"><span class='ocrx_word' id='word_1_669' title='bbox 2219 4917 2455 4978; x_wconf 80' lang='lat' dir='ltr'><strong>tionem.</strong></span> <span class='ocrx_word' id='word_1_670' title='bbox 2503 4951 2584 4963; x_wconf 97' lang='lat'><strong>—</strong></span> <span class='ocrx_word' id='word_1_671' title='bbox 2623 4917 2724 4981; x_wconf 83' lang='lat' dir='ltr'><strong>Ad</strong></span> <span class='ocrx_word' id='word_1_672' title='bbox 2761 4920 3080 4982; x_wconf 73' lang='lat' dir='ltr'><strong>secundam</strong></span> <span class='ocrx_word' id='word_1_673' title='bbox 3123 4919 3641 4995; x_wconf 62' lang='lat' dir='ltr'><strong>coam-mationem.</strong></span> <span class='ocrx_word' id='word_1_674' title='bbox 3679 4944 3744 4960; x_wconf 90' lang='lat'>-</span> 
     </span>
     <span class='ocr_line' id='line_1_103' title="bbox 2217 5006 3744 5091; baseline -0.003 -24"><span class='ocrx_word' id='word_1_675' title='bbox 2217 5009 2632 5071; x_wconf 86' lang='lat' dir='ltr'><strong>Nihilominus</strong></span> <span class='ocrx_word' id='word_1_676' title='bbox 2673 5012 3008 5091; x_wconf 88' lang='lat' dir='ltr'><strong>respondeo</strong></span> <span class='ocrx_word' id='word_1_677' title='bbox 3058 5012 3236 5072; x_wconf 88' lang='lat' dir='ltr'><strong>illum</strong></span> <span class='ocrx_word' id='word_1_678' title='bbox 3285 5032 3408 5073; x_wconf 89' lang='lat' dir='ltr'><strong>non</strong></span> <span class='ocrx_word' id='word_1_679' title='bbox 3453 5011 3636 5071; x_wconf 85' lang='lat' dir='ltr'><strong>teneri</strong></span> <span class='ocrx_word' id='word_1_680' title='bbox 3679 5006 3744 5065; x_wconf 88' lang='lat' dir='ltr'><strong>ad</strong></span> 
     </span>
     <span class='ocr_line' id='line_1_104' title="bbox 2215 5104 3742 5183; baseline -0.001 -22"><span class='ocrx_word' id='word_1_681' title='bbox 2215 5104 2664 5163; x_wconf 82' lang='lat' dir='ltr'><strong>restituendum</strong></span> <span class='ocrx_word' id='word_1_682' title='bbox 2695 5104 2923 5183; x_wconf 84' lang='lat' dir='ltr'><strong>aliquid</strong></span> <span class='ocrx_word' id='word_1_683' title='bbox 2956 5124 2971 5177; x_wconf 91' lang='grc'>;</span> <span class='ocrx_word' id='word_1_684' title='bbox 3004 5108 3090 5166; x_wconf 80' lang='lat' dir='ltr'><strong>ita</strong></span> <span class='ocrx_word' id='word_1_685' title='bbox 3110 5108 3262 5179; x_wconf 90' lang='lat' dir='ltr'><strong>Sot.,</strong></span> <span class='ocrx_word' id='word_1_686' title='bbox 3292 5106 3330 5165; x_wconf 78' lang='lat'>5</span> <span class='ocrx_word' id='word_1_687' title='bbox 3357 5107 3428 5165; x_wconf 91' lang='lat' dir='ltr'><strong>de</strong></span> <span class='ocrx_word' id='word_1_688' title='bbox 3453 5104 3670 5175; x_wconf 67' lang='lat' dir='ltr'><strong>Justit„</strong></span> <span class='ocrx_word' id='word_1_689' title='bbox 3693 5118 3742 5177; x_wconf 86' lang='lat' dir='ltr'><strong>q.</strong></span> 
     </span>
     <span class='ocr_line' id='line_1_105' title="bbox 2217 5196 3745 5275; baseline -0.001 -20"><span class='ocrx_word' id='word_1_690' title='bbox 2217 5196 2279 5268; x_wconf 77' lang='lat'><strong>4,</strong></span> <span class='ocrx_word' id='word_1_691' title='bbox 2305 5204 2422 5255; x_wconf 84' lang='lat' dir='ltr'><strong>art.</strong></span> <span class='ocrx_word' id='word_1_692' title='bbox 2446 5198 2520 5269; x_wconf 82' lang='lat'><strong>33</strong></span> <span class='ocrx_word' id='word_1_693' title='bbox 2546 5196 2908 5273; x_wconf 69' lang='lat' dir='ltr'><strong>CovarruV„</strong></span> <span class='ocrx_word' id='word_1_694' title='bbox 2940 5201 2978 5258; x_wconf 69' lang='grc' dir='ltr'>Ξ</span> <span class='ocrx_word' id='word_1_695' title='bbox 3005 5198 3353 5275; x_wconf 78' lang='lat' dir='ltr'><strong>variarum,</strong></span> <span class='ocrx_word' id='word_1_696' title='bbox 3384 5217 3435 5259; x_wconf 90' lang='lat' dir='ltr'><strong>c.</strong></span> <span class='ocrx_word' id='word_1_697' title='bbox 3472 5200 3564 5267; x_wconf 73' lang='lat' dir='ltr'><strong>u,</strong></span> <span class='ocrx_word' id='word_1_698' title='bbox 3595 5209 3745 5254; x_wconf 86' lang='lat' dir='ltr'><strong>num.</strong></span> 
     </span>
     <span class='ocr_line' id='line_1_106' title="bbox 2223 5288 3740 5370; baseline 0.003 -22"><span class='ocrx_word' id='word_1_699' title='bbox 2223 5290 2294 5363; x_wconf 83' lang='lat'><strong>53</strong></span> <span class='ocrx_word' id='word_1_700' title='bbox 2350 5290 2633 5365; x_wconf 82' lang='lat' dir='ltr'><strong>Adrian.,</strong></span> <span class='ocrx_word' id='word_1_701' title='bbox 2699 5290 2764 5349; x_wconf 89' lang='lat' dir='ltr'><strong>iu</strong></span> <span class='ocrx_word' id='word_1_702' title='bbox 2819 5292 2860 5351; x_wconf 76' lang='lat'>4</span> <span class='ocrx_word' id='word_1_703' title='bbox 2917 5294 2990 5351; x_wconf 88' lang='lat' dir='ltr'><strong>de</strong></span> <span class='ocrx_word' id='word_1_704' title='bbox 3050 5293 3360 5367; x_wconf 86' lang='lat' dir='ltr'><strong>Restitut.,</strong></span> <span class='ocrx_word' id='word_1_705' title='bbox 3419 5297 3624 5370; x_wconf 81' lang='lat' dir='ltr'><strong>quaest.</strong></span> <span class='ocrx_word' id='word_1_706' title='bbox 3681 5288 3740 5353; x_wconf 85' lang='lat'><strong>1;</strong></span> 
     </span>
     <span class='ocr_line' id='line_1_107' title="bbox 2222 5380 3734 5461; baseline -0.002 -21"><span class='ocrx_word' id='word_1_707' title='bbox 2222 5382 2471 5455; x_wconf 65' lang='lat' dir='ltr'><strong>Navir„</strong></span> <span class='ocrx_word' id='word_1_708' title='bbox 2503 5400 2638 5461; x_wconf 91' lang='lat' dir='ltr'><strong>cap.</strong></span> <span class='ocrx_word' id='word_1_709' title='bbox 2668 5386 2772 5458; x_wconf 72' lang='lat'><strong>24,</strong></span> <span class='ocrx_word' id='word_1_710' title='bbox 2809 5400 3050 5445; x_wconf 87' lang='lat' dir='ltr'><strong>numer.</strong></span> <span class='ocrx_word' id='word_1_711' title='bbox 3087 5388 3147 5461; x_wconf 88' lang='lat'><strong>7,</strong></span> <span class='ocrx_word' id='word_1_712' title='bbox 3187 5393 3249 5445; x_wconf 86' lang='lat' dir='ltr'><strong>et</strong></span> <span class='ocrx_word' id='word_1_713' title='bbox 3277 5386 3350 5446; x_wconf 87' lang='lat' dir='ltr'><strong>de</strong></span> <span class='ocrx_word' id='word_1_714' title='bbox 3385 5380 3734 5448; x_wconf 79' lang='lat' dir='ltr'><strong>Redditibus,</strong></span> 
     </span>
     <span class='ocr_line' id='line_1_108' title="bbox 2220 5470 3740 5557; baseline 0 -26"><span class='ocrx_word' id='word_1_715' title='bbox 2220 5480 2435 5551; x_wconf 83' lang='lat' dir='ltr'><strong>quaest.</strong></span> <span class='ocrx_word' id='word_1_716' title='bbox 2467 5476 2506 5535; x_wconf 75' lang='lat'>2</span> <span class='ocrx_word' id='word_1_717' title='bbox 2517 5490 2540 5552; x_wconf 82' lang='lat'>3</span> <span class='ocrx_word' id='word_1_718' title='bbox 2588 5477 2855 5536; x_wconf 86' lang='lat' dir='ltr'><strong>sumitur</strong></span> <span class='ocrx_word' id='word_1_719' title='bbox 2900 5494 2974 5537; x_wconf 84' lang='lat' dir='ltr'><strong>ex</strong></span> <span class='ocrx_word' id='word_1_720' title='bbox 3002 5476 3218 5555; x_wconf 69' lang='lat' dir='ltr'><strong>Gloss,</strong></span> <span class='ocrx_word' id='word_1_721' title='bbox 3267 5494 3396 5557; x_wconf 82' lang='lat' dir='ltr'><strong>cap.</strong></span> <span class='ocrx_word' id='word_1_722' title='bbox 3432 5476 3570 5539; x_wconf 80' lang='lat' dir='ltr'><strong>Non</strong></span> <span class='ocrx_word' id='word_1_723' title='bbox 3612 5470 3740 5551; x_wconf 63' lang='lat' dir='ltr'><strong>infie-</strong></span> 
     </span>
    </p>
   </div>
  </div>
 </body>
</html>
