3900 6217
569 381 688 444 432

572 490 702 551 cias
711 513 737 561 ,·
774 493 835 546 et
860 503 894 545 e
922 485 1263 545 contrario:
1301 483 1690 564 Quoecumque
1727 483 1914 546 vultis
1941 487 2013 546 ‘at
2039 486 2136 563 fa-

574 581 742 644 ciant
786 578 948 641 vobis
989 578 1276 648 homines,
1328 595 1397 640 ea
1433 577 1615 658 facite
1656 576 1808 638 illis.
1845 576 2136 654 idemque

573 688 790 734 censeo
831 669 907 730 de
957 669 1328 748 quibusdam
1383 670 1923 749 propositionibuS,
1969 685 2133 748 quae,

573 765 720 826 licet
745 762 1146 843 particulares
1174 763 1526 835 videantur,
1559 763 1627 823 in
1673 763 1820 843 ipsis
1856 761 2139 822 terminis

573 855 982 918 necessariam
1033 855 1418 916 honestatem
1473 855 1820 928 includunt,
1879 860 1973 928 ut,
2035 872 2139 932 pa-

573 957 778 1012 rentes
833 965 958 1012 esse
1000 949 1319 1020 amandoS,
1367 947 1734 1026 injustitiam
1774 965 1902 1007 esse
1935 947 2139 1006 vitan-

574 1045 741 1104 dam.
779 1045 856 1104 Et
901 1043 978 1102 de
1005 1041 1102 1101 his
1132 1042 1420 1102 omnibus
1465 1043 1750 1102 existimo
1803 1058 1932 1100 non
1964 1056 2137 1118 posse

576 1137 709 1198 dari
741 1136 1158 1214 ignorantiam
1196 1133 1642 1209 invincibilem,
1675 1133 1821 1212 quia
1849 1139 1997 1192 sunt
2027 1150 2139 1210 per

575 1250 638 1292 sc
668 1229 1006 1290 notissima.
1039 1229 1180 1288 Post
1204 1228 1337 1288 liaec
1374 1227 1831 1287 constituuntur
1864 1223 1979 1284 sub
2021 1223 2138 1283 hoc

577 1322 860 1384 membro
893 1328 1198 1400 praecepta
1232 1319 1534 1398 Decalogi,
1562 1337 1702 1399 quae
1734 1335 1965 1395 magna
1992 1316 2143 1376 faci-

576 1416 750 1478 litate
793 1432 870 1474 ex
911 1413 1034 1473 illis
1063 1412 1383 1493 principiis
1431 1412 1848 1485 deducuntur,
1894 1416 1956 1470 et
2003 1408 2141 1468 ideo

578 1511 682 1570 vix
732 1513 932 1588 potest
963 1507 1038 1566 de
1080 1505 1226 1580 iuis,
1253 1513 1364 1565 aut
1391 1505 1600 1583 aliquo
1635 1503 1888 1563 illorum
1919 1521 2029 1581 per
2078 1520 2142 1562 se

579 1609 688 1664 aut
716 1601 881 1662 nude
909 1605 1200 1679 spectate,
1249 1599 1382 1658 dari
1410 1596 1804 1676 inculpabilis
1843 1597 2141 1674 ignoran-

577 1697 704 1772 tia3
734 1693 1139 1754 nibilominus
1162 1697 1372 1752 tamen
1399 1710 1526 1751 non
1545 1691 1804 1750 omnino
1834 1693 2145 1768 repugnat

580 1788 794 1850 saltem
823 1805 937 1867 pro
981 1786 1187 1866 aliquo
1221 1791 1517 1863 tempore.
1557 1789 1618 1844 et
1659 1783 1724 1842 in
1768 1781 1976 1861 aliqua
2004 1799 2140 1842 ma-

581 1881 736 1942 teria
771 1881 976 1940 minus
1021 1885 1191 1954 nota,
1222 1877 1394 1938 verbi
1436 1871 1659 1955 gratia,
1695 1875 1759 1935 in
1791 1874 2135 1949 mendaciO,

581 1976 742 2055 quod
773 1993 1014 2056 semper
1042 1972 1275 2034 malum
1305 1971 1405 2044 sit,
1429 1979 1490 2032 et
1522 1970 1861 2050 praesertim
1888 1969 2141 2047 quando

581 2071 840 2130 vestitur
877 2067 1084 2148 aliqua
1139 2067 1603 2128 circumstantia
1658 2070 2027 2144 apparente,
2072 2066 2143 2122 ut

583 2181 714 2224 esse
737 2168 935 2241 potest
965 2162 1149 2221 etiam
1181 2162 1246 2221 in
1271 2160 1531 2239 simplici
1569 2158 2003 2230 fornicatione,
2046 2156 2146 2219 vel

583 2257 650 2317 in
718 2253 994 2315 vindicta
1071 2253 1371 2315 sumenda
1428 2257 1675 2336 propria
1735 2256 2102 2316 auctoritate
2122 2301 2142 2332 ,

588 2353 840 2432 quaudo
897 2349 1079 2413 aliter
1123 2371 1252 2413 non
1303 2357 1524 2431 potest,
1576 2353 1674 2414 vel
1705 2352 1770 2412 in
1815 2352 2141 2414 similibus.

593 2446 871 2524 Denique
912 2447 978 2506 in
1021 2446 1242 2509 ultimo
1298 2452 1492 2528 gradu
1545 2451 1922 2512 collocantur
1976 2465 2149 2525 quee-

592 2541 736 2600 dam
767 2538 889 2600 alia
918 2548 1219 2620 praecepta
1251 2544 1558 2606 naturalia
1601 2546 1973 2621 obscuriora,
2005 2563 2146 2624 quae

590 2651 702 2712 per
733 2631 960 2693 multas
982 2634 1312 2713 illationeS,
1347 2644 1408 2700 et
1449 2645 1734 2700 accurato
1773 2639 2046 2700 discursu
2074 2657 2151 2699 ex

588 2727 898 2806 praedictis
955 2729 1274 2810 principiis
1333 2732 1709 2811 colliguntur
1741 2780 1760 2810 ,
1806 2737 1913 2808 ut,
1973 2732 2147 2793 verbi

587 2820 812 2898 gratia,
854 2840 1105 2883 usuram
1154 2842 1282 2886 esse
1310 2826 1565 2903 malam,
1614 2831 1686 2886 ut
1721 2843 1988 2887 uxorum
2015 2825 2150 2905 plu-

592 2914 924 2990 ralitatem,
970 2921 1032 2977 et
1057 2917 1121 2977 in
1155 2918 1252 2982 his
1275 2919 1516 2980 facilius
1550 2920 1796 2981 admitti
1827 2923 2025 3000 potest
2046 2937 2148 2980 ex·

586 3008 844 3084 cusati0,
882 3013 953 3070 ut
975 3025 1082 3089 per
1109 3030 1174 3073 se
1197 3012 1433 3074 clarum
1467 3019 1579 3075 est.

1204 3253 1420 3307 sssc‘rlo
1445 3254 1532 3308 m.

573 3431 818 3510 'Utrwm
855 3442 923 3506 in
963 3442 1061 3506 his
1087 3439 1427 3522 infidelibus
1465 3439 1658 3502 omnis
1699 3441 1859 3504 actio
1888 3439 2153 3502 humana

1093 3535 1181 3599 sit
1195 3532 1636 3617 peccaminosa.

672 3764 730 3822 1.
774 3759 998 3824 Prima
1025 3757 1344 3822 sententia.
1385 3788 1466 3804 —
1487 3753 1772 3820 Primum
1827 3756 1959 3836 ejus
2008 3757 2155 3832 fun·-

594 3855 956 3918 damentum.
974 3883 1056 3898 —
1089 3850 1452 3915 Secundum.
1475 3883 1558 3895 —
1581 3849 1876 3912 Tertium.
1909 3883 1981 3894 --
2012 3845 2155 3910 Con»-

591 3950 886 4026 firmatm·
910 3947 1134 4028 primo.
1178 3977 1261 3990 -
1303 3941 1726 4018 Confirmatwr
1781 3942 2157 4004 secundo.—

590 4043 740 4104 Haec
765 4039 1026 4118 quaestio
1053 4035 1304 4098 tractari
1331 4034 1484 4096 solet
1509 4035 1576 4095 in
1609 4034 1870 4096 materia
1901 4035 1977 4094 de
2018 4050 2154 4112 gra·

592 4135 682 4194 tia
713 4137 760 4207 ⁸,
790 4137 852 4192 et
891 4149 1018 4192 non
1049 4129 1295 4190 videtur
1323 4146 1434 4207 per
1461 4146 1526 4188 se
1565 4127 1873 4208 pertinere
1905 4127 1985 4187 ad
2016 4123 2157 4186 infi-

595 4225 912 4288 delitatem
931 4240 950 4302 3
1004 4229 1216 4283 tamen
1263 4221 1410 4300 quia
1461 4220 1638 4281 divus
1697 4219 1965 4281 Thomas
2013 4217 2151 4293 hic,

597 4319 936 4399 quaestione
965 4315 1227 4386 decima,
1253 4313 1510 4374 articulo
1531 4319 1769 4392 quarto,
1808 4313 1979 4372 illam
2000 4315 2159 4371 trae-

593 4416 706 4486 tat,
751 4415 812 4472 et
861 4409 938 4471 ad
978 4407 1473 4487 cognoscendum
1507 4411 1733 4466 statum
1763 4405 1991 4465 horum
2022 4401 2157 4463 infi-

591 4504 824 4565 delium
863 4507 926 4563 et
961 4499 1248 4562 effectum
1287 4495 1666 4559 infidelitatis
1699 4497 1868 4558 utilis
1894 4514 2025 4558 esse
2053 4513 2159 4574 po-

594 4599 737 4669 test,
786 4594 1148 4656 brevissime
1184 4590 1356 4652 illam
1413 4589 1756 4668 expediam.
1805 4591 1910 4649 Est
1964 4589 2159 4666 igitur

595 4689 800 4769 prima
840 4687 1146 4748 sententia
1191 4685 1417 4746 docens
1455 4685 1667 4745 omnia
1711 4702 1898 4763 opera
1937 4681 2160 4743 infide-

591 4781 750 4842 lium
799 4799 929 4844 esse
982 4785 1253 4858 peccata.
1298 4779 1390 4840 Ita
1435 4779 1637 4839 tenuit
1687 4775 2039 4856 Gregorius,
2089 4775 2155 4835 iu

603 4873 893 4946 secundo,
936 4871 1328 4934 distinctione
1364 4870 1684 4949 trigesima
1727 4887 1918 4945 nona,
1966 4885 2157 4946 quaes·

601 4969 767 5029 tione
808 4966 1048 5047 prima,
1102 4963 1362 5026 articulo
1407 4963 1699 5036 secund0,
1750 4961 1939 5023 corol.
1974 4961 2046 5036 33
2096 4967 2160 5021 et

594 5059 856 5124 Michael
904 5061 1128 5138 BayuS,
1171 5058 1238 5118 in
1286 5057 1412 5118 suis
1449 5055 1924 5129 Assertionibu8‚
1968 5071 2161 5114 asser·

599 5156 770 5216 tione
835 5153 1134 5234 vigesima
1185 5157 1377 5212 sexta.
1438 5148 1737 5210 Eamdem
1802 5148 2159 5228 opinionem

595 5253 946 5310 constanter
973 5249 1184 5308 tuetur
1211 5243 1522 5306 Catherin.
1550 5243 1618 5302 in
1647 5238 1878 5301 librum
1905 5241 2153 5312 Genes„

678 5436 697 5473 ¹
744 5428 1008 5493 Consule
1033 5432 1369 5502 auctorem,
1392 5424 1503 5486 lib.
1531 5427 1562 5485 1
1589 5420 1668 5485 de
1689 5421 1923 5501 Gratia,
1947 5440 2081 5503 cap.
2116 5423 2155 5484 6

597 5533 658 5590 et
690 5528 752 5587 7.

1025 383 1263 437 msl‘UT.
1299 385 1450 437 xvn.
1485 385 1564 436 DE
1597 381 1984 436 INFIDELIBUS
2016 377 2140 432 NON
2171 379 2513 434 APOSTATIS
2546 379 2754 446 QUOAD
2787 381 3001 435 EORUM
3032 377 3323 438 PECCATA.

2216 485 2415 564 capite
2436 485 2726 546 secundo.
2764 483 3086 546 Fundatur
3112 486 3305 564 primo
3342 489 3406 547 in
3436 487 3535 549 illo
3570 491 3711 555 Pauli

2216 577 2293 636 ad
2316 578 2577 638 Roman.
2602 577 2842 638 decimo
2872 583 3095 657 quarto
3120 595 3137 637 z
3164 576 3339 641 Omne
3362 583 3503 660 quod
3520 601 3621 646 non
3642 594 3715 649 est

2218 687 2291 731 ιω
2328 671 2470 748 fide,
2498 675 2811 752 peccatum
2838 675 2952 744 est,
2990 671 3153 750 quod
3206 689 3361 750 saepe
3394 673 3718 752 Augustinus

2220 763 2297 823 de
2342 763 2463 825 fide
2513 763 2826 826 Catliolica
2880 764 3160 842 exponit.
3214 765 3360 824 Item
3406 783 3473 826 ex
3518 768 3611 828 illo
3654 773 3719 832 ad

2218 856 2427 916 Titum
2472 857 2676 936 primo
2718 875 2731 916 :
2776 857 3139 935 Infidelibus
3166 855 3317 918 nihil
3348 861 3431 919 est
3452 863 3717 936 mundum,

2218 951 2324 1012 sed
2344 949 2733 1030 coinquinata
2754 955 2846 1013 est
2871 965 3074 1013 eorem
3100 967 3289 1020 mus,
3312 955 3370 1012 et
3386 953 3716 1017 concientia.

2221 1042 2370 1101 Item
2403 1060 2478 1102 ex
2516 1041 2622 1101 illo
2655 1042 2730 1102 ad
2776 1042 2965 1103 Hebr.
3012 1042 3339 1102 undecimo
3379 1062 3394 1102 ε
3460 1041 3596 1107 Sine
3626 1049 3725 1122 fide

2218 1134 2586 1215 impossibile
2606 1138 2698 1196 est
2710 1136 2946 1215 placere
2974 1137 3116 1209 Deo,
3149 1124 3311 1213 quod
3338 1135 3511 1196 etiam
3539 1138 3605 1198 de
3625 1141 3725 1200 sin-

2222 1227 2383 1306 gulis
2402 1228 2640 1289 actibus
2661 1230 2871 1290 Patres
2889 1235 3228 1308 exponunt.
3256 1230 3541 1304 SecuudO,
3562 1236 3727 1293 maxi-

2222 1339 2323 1383 me
2350 1322 2650 1384 fundatur
2691 1323 2823 1385 haec
2851 1325 3159 1386 sententia
3185 1323 3253 1384 in
3290 1323 3355 1384 D.
3403 1324 3725 1403 Augustino,

2224 1417 2329 1496 qui
2372 1423 2535 1477 certe
2588 1417 2801 1478 multis
2850 1419 2917 1478 in
2964 1417 3113 1478 locis
3139 1416 3231 1478 illi
3274 1416 3470 1478 favere
3498 1419 3727 1496 videtur,

2224 1510 2565 1590 praesertim
2608 1509 2771 1571 libro
2803 1519 3026 1590 quarto
3059 1516 3275 1572 contra
3298 1511 3613 1584 lulianum,
3650 1533 3731 1574 ca-

2224 1603 2351 1682 pite
2380 1604 2587 1679 tertiO,
2616 1604 2724 1664 ubi
2767 1605 2956 1682 longo
2982 1605 3267 1665 discursu
3311 1602 3550 1682 probare
3580 1623 3735 1666 cona-

2225 1703 2328 1755 tur
2355 1695 2515 1756 nihil
2547 1695 2695 1756 boni
2736 1697 2802 1756 in
2830 1697 3189 1758 infidelibus
3226 1695 3571 1776 simpliciter
3594 1697 3731 1757 inve-

2222 1789 2367 1849 niri.
2424 1789 2592 1850 Idem
2648 1789 2835 1851 habet
2889 1791 2956 1850 in
3006 1789 3372 1870 praefatione
3420 1787 3493 1849 ad
3521 1787 3732 1866 Psalm„

2221 1881 2525 1960 vigesimo
2556 1885 2793 1962 prim03
2831 1887 2893 1944 et
2937 1883 3095 1945 libro
3142 1883 3346 1962 primo
3392 1881 3465 1942 de
3514 1881 3729 1960 Nuptiis,

2223 1976 2423 2054 capite
2451 1977 2657 2047 tertio,
2702 1976 2769 2036 in
2815 1975 3169 2055 particulari
3200 1975 3353 2035 dicit
3392 1976 3567 2036 etiam
3592 1975 3733 2053 pudi-

2225 2069 2439 2128 citiam
2468 2068 2857 2147 coujugalem
2905 2069 3261 2130 infidelibus
3310 2067 3526 2130 deesse.
3570 2069 3737 2129 Tertio
3841 2061 3842 2074 ²

2224 2159 2476 2220 additur
2506 2160 2689 2226 ratio,
2745 2162 2893 2240 quia
2936 2161 3182 2222 bonitas
3226 2161 3428 2240 operis
3459 2160 3659 2239 pendet
3680 2179 3741 2221 ex

2226 2253 2465 2332 objecto
2486 2261 2547 2314 et
2570 2256 2860 2316 omnibus
2883 2255 3365 2316 circumstantiis
3384 2253 3559 2314 simul
3571 2271 3743 2332 sump-

2226 2346 2339 2420 tis3
2368 2347 2475 2406 sed
2502 2346 2837 2408 infidelitas
2862 2348 3011 2409 facit
3036 2353 3107 2408 ut
3126 2367 3284 2428 opus
3312 2345 3525 2409 habeat
3546 2363 3746 2425 semper
3841 2343 3842 2420 J

2228 2437 2503 2517 aliquam
2555 2440 3081 2501 circumstantiam
3135 2441 3395 2512 malam,
3444 2437 3539 2499 vel
3578 2447 3747 2499 careat
3841 2501 3842 2506 ,

2228 2530 2439 2608 aliqua
2468 2531 2629 2591 bona
2662 2539 2726 2592 et
2750 2533 3127 2607 necessaria3
3154 2549 3309 2610 ergo
3336 2529 3482 2591 facit
3504 2537 3571 2590 ut
3596 2547 3747 2591 omne
3841 2599 3842 2602 Ἴ

2229 2641 2383 2704 opus
2439 2623 2703 2686 infidelis
2761 2626 3265 2704 peccaminosum
3330 2624 3430 2684 sit.
3492 2623 3751 2684 Probatur

2232 2718 2458 2790 minor,
2488 2737 2634 2779 nam
2663 2737 2789 2780 una
2808 2719 3273 2780 circumstantia
3297 2715 3498 2796 operis
3522 2717 3655 2776 boni
3678 2722 3753 2776 est

2228 2810 2371 2870 finis
2400 2810 2621 2884 bonus,
2654 2817 2724 2870 ut
2766 2817 2858 2872 est
2902 2819 3119 2872 notum
3150 2811 3220 2870 in
3248 2808 3629 2886 Philosophia
3652 2827 3757 2867 mo·

2228 2902 2367 2978 rali,
2401 2908 2463 2964 et
2490 2905 2758 2964 sumitur
2792 2921 2868 2965 ex
2894 2903 3101 2966 verbis
3134 2902 3365 2965 Christi
3404 2921 3418 2962 ε
3470 2900 3548 2964 Si
3584 2899 3756 2963 oculus

2232 3000 2375 3058 tuus
2394 2997 2587 3074 fuerit
2610 2997 2891 3078 simplex,
2926 3003 3071 3069 etc.‚
3104 2996 3256 3057 Luc.
3300 2993 3631 3062 undecim0‚
3673 2992 3758 3052 uhi

2229 3106 2341 3168 per
2366 3088 2709 3167 simplicem
2737 3089 2983 3148 oculum
3020 3094 3186 3148 recta
3225 3086 3373 3146 finis
3411 3086 3657 3146 intentio
3677 3086 3755 3144 in-

2230 3180 2556 3259 telligitur,
2594 3181 2751 3241 sicut
2775 3181 2962 3242 etiam
2990 3180 3211 3243 Matth.
3248 3181 3313 3254 7,
3344 3177 3508 3239 mala
3532 3177 3759 3237 intentio

2232 3273 2456 3334 dicitur
2495 3273 2673 3335 arbor
2710 3273 2901 3346 mala,
2966 3291 3097 3354 quoe
3136 3289 3260 3333 non
3313 3275 3515 3352 potest
3558 3269 3761 3344 fructus

2234 3366 2409 3427 bonos
2452 3365 2673 3442 facere.
2708 3365 3123 3428 Confirmatur
3150 3371 3215 3426 et
3248 3364 3612 3435 declaratur,
3641 3362 3760 3442 quia

2232 3459 2500 3520 infidelis
2528 3459 2735 3521 colens
2761 3459 2950 3532 idola,
2977 3459 3150 3520 verbi
3174 3461 3406 3538 gratia,
3444 3458 3651 3537 saepius
3685 3471 3762 3514 re·

2233 3552 2353 3614 fert
2380 3571 2568 3633 opera
2597 3571 2709 3613 sua
2750 3551 2962 3614 omnia
3002 3552 3065 3612 in
3093 3551 3329 3613 talsum
3360 3551 3568 3624 deum,
3611 3565 3767 3628 quem

2235 3645 2402 3722 colit,
2435 3647 2592 3706 sicut
2634 3647 2820 3707 homo
2857 3644 3055 3706 fidelis
3108 3645 3305 3706 refert
3348 3661 3536 3724 opera
3574 3659 3675 3702 sua
3714 3641 3767 3700 in

2232 3757 2447 3800 verum
2482 3740 2675 3800 Deum
2690 3754 2710 3816 ;
2742 3739 2847 3800 sed
2873 3739 3009 3799 haec
3034 3737 3256 3800 relatio
3288 3736 3519 3798 sufficit
3558 3740 3623 3795 ut
3642 3751 3771 3812 opus

2235 3832 2314 3892 sit
2350 3829 2585 3892 malum
2618 3850 2693 3892 ex
2738 3831 2863 3894 fine
2904 3831 3089 3907 malo,=
3128 3829 3300 3891 sicut
3352 3828 3577 3890 sufficit
3606 3831 3671 3886 ut
3708 3826 3771 3884 sit

2234 3924 2468 3984 bonum
2503 3941 2579 3984 ex
2616 3923 2737 3984 fine
2764 3925 2927 3984 bono
2948 3941 2968 4002 ;
3017 3941 3187 4002 ergo.
3242 3921 3425 3996 Quod
3452 3921 3504 3982 si
3548 3919 3775 3980 fortasse

2232 4016 2366 4078 haec
2412 4016 2626 4078 relatio
2656 4036 2783 4077 non
2816 4035 3060 4097 semper
3102 4017 3441 4096 praecedat,
3474 4015 3679 4076 saltem
3718 4015 3773 4072 in

2234 4111 2468 4172 infideli
2523 4111 2695 4172 deest
2724 4110 2943 4171 relatio
2976 4111 3177 4190 operis
3208 4109 3288 4172 ad
3321 4127 3542 4171 verum
3583 4109 3773 4178 Deum,

2236 4223 2375 4284 quae
2420 4205 2763 4264 necessaria
2810 4209 2903 4264 est
2947 4203 3023 4264 ad
3080 4203 3431 4264 bonitatem
3466 4201 3675 4280 operis,
3726 4203 3778 4256 et

2238 4297 2375 4359 ideo
2416 4298 2775 4378 praecipitur
2808 4315 2847 4357 a
2880 4296 3092 4373 Paulo,
3123 4295 3333 4376 prima
3386 4295 3469 4356 ad
3496 4291 3778 4364 Corinth„

2239 4409 2375 4470 cap.
2405 4393 2499 4466 to,
2522 4389 2767 4452 dicente
2791 4412 2806 4450 :
2834 4387 3053 4454 Omnia
3077 4407 3465 4471 quercumque
3482 4389 3701 4468 facitis,
3724 4384 3781 4444 in

2238 4481 2497 4566 storiam
2519 4485 2633 4545 Dei
2658 4485 2860 4560 facite.
2890 4483 3171 4544 Tandem
3200 4483 3627 4554 confirmatur,
3652 4478 3781 4558 quia

2240 4596 2393 4656 opus
2435 4577 2671 4639 bonum
2702 4579 2833 4638 sine
2881 4575 3082 4655 gratia
3110 4575 3243 4636 fieri
3271 4593 3406 4636 non
3428 4581 3661 4655 potest3
3688 4569 3779 4630 sed

2240 4669 2518 4732 infideles
2554 4670 2727 4731 omni
2776 4671 2977 4748 gratia
3010 4674 3253 4746 carent3
3284 4683 3441 4748 ergo
3468 4666 3622 4727 nihil
3655 4662 3784 4724 boni

2239 4764 2439 4827 facere
2478 4771 2753 4845 possunt.

2319 4865 2379 4922 2·
2444 4861 2598 4927 Vera
2640 4858 2958 4923 sententia.
2998 4893 3081 4908 -
3124 4857 3454 4921 Contraria
3504 4852 3787 4917 sententia

2241 4959 2585 5020 communis
2613 4963 2702 5019 est
2742 4957 3196 5036 Theologorum
3212 4973 3235 5034 3
3286 4955 3472 5017 docet
3512 4953 3675 5013 illam
3724 4951 3782 5008 D.

2239 5051 2507 5112 Thomas
2536 5049 2800 5111 secunda
2826 5051 3131 5126 secundae,
3164 5049 3515 5130 quaestione
3542 5045 3781 5114 decima,

2242 5144 2501 5206 articulo
2526 5150 2769 5223 quart0,
2802 5142 2911 5203 ubi
2934 5143 3260 5222 Cajetauus
3290 5149 3355 5204 et
3384 5159 3599 5202 omnes
3618 5153 3787 5214 expo-

2244 5238 2481 5312 sitoreS,
2504 5244 2565 5297 et
2586 5235 2861 5310 Valent„
2893 5253 3003 5297 suo
3023 5237 3203 5297 tertio
3223 5241 3423 5311 tom0‚
3450 5230 3785 5312 disputatio-

2242 5346 2321 5389 ne
2348 5329 2573 5407 prima,
2600 5330 2937 5408 quaestioue
2962 5329 3224 5403 decima,
3252 5335 3495 5408 puncto
3515 5322 3780 5391 secund0,

2244 5427 2307 5482 et
2350 5420 2571 5500 reliqui
2619 5420 2915 5500 Theologi
2968 5421 3034 5482 in
3078 5421 3375 5500 secundo,
3416 5415 3787 5480 distinctione

2243 5512 2716 5594 quadragesima
2744 5515 2946 5595 prima
2971 5529 2992 5593 3
3030 5515 3097 5576 D.
3144 5515 3443 5589 Thomas,
3473 5509 3789 5592 quaestione
