3900 6217
773 413 944 464 SECT.
980 413 1104 465 vlu.
1140 413 1221 465 DE
1254 413 1682 466 DISTlNCTlONE
1718 411 2082 464 PnornEnAE
2117 410 2194 463 ΕΤ
2229 411 2434 464 VARllS
2467 409 2652 464 uoms
2687 413 2850 466 Esus.

204 513 392 574 Aban.
430 515 495 587 2,
530 513 687 574 Psal.
722 515 825 588 84,
861 519 921 574 et
951 513 1134 574 latius
1152 513 1507 592 Gregorius.
1540 515 1620 575 28
1648 515 1777 574 Mo-

205 607 349 681 ral.,
383 607 589 686 capite
615 608 679 681 2,
716 608 913 686 quiin
958 607 1220 684 singulis
1256 607 1549 667 membris
1576 607 1777 666 varias

198 703 480 778 assignat
526 699 941 774 differentiaS,
991 701 1093 761 sed
1150 701 1590 762 accidentarias
1644 717 1776 761 om·

198 794 351 851 nino
396 799 461 852 et
492 794 867 867 materiales,
902 799 1177 873 sumptas
1220 795 1522 854 nimirum
1568 811 1641 854 ex
1680 793 1773 854 di·

196 886 495 948 versitate
534 903 768 962 ret-um,
800 887 1023 966 quibus
1064 889 1339 948 exterius
1369 887 1467 948 vel
1510 887 1770 948 interius

197 981 357 1038 Deus
403 979 483 1038 ad
543 979 826 1040 homiues
882 981 1046 1060 loqui
1095 987 1314 1059 potest.
1372 979 1533 1040 idem
1582 981 1771 1042 habet

194 1073 610 1148 Augustinus,
638 1073 824 1134 citato
860 1074 969 1134 lib.
1002 1077 1039 1136 2
1084 1075 1163 1134 ad
1206 1073 1510 1153 Simphc„
1544 1080 1761 1152 quaest.

196 1167 298 1237 ¹2,
330 1171 397 1224 et
446 1165 517 1225 iu
564 1165 980 1246 superioribus
1023 1169 1170 1228 satis
1211 1185 1349 1228 eam
1407 1167 1775 1228 divisionem

192 1260 629 1338 exposuimus.

274 1354 337 1412 2.
390 1354 854 1435 Expenduntm·
904 1373 1031 1436 qve
1078 1357 1159 1418 D.
1219 1354 1481 1420 Thomas
1530 1355 1695 1420 circa
1739 1357 1777 1417 3

196 1446 563 1508 divisionem
621 1449 858 1511 scribit.
890 1480 971 1494 —
1002 1447 1187 1510 Alius
1244 1451 1425 1510 etiam
1488 1449 1652 1512 locus
1689 1450 1771 1510 D.

200 1539 449 1602 Tkomoe
484 1542 828 1620 exponitur.
858 1575 939 1588 —
964 1542 1037 1602 Et
1073 1541 1139 1601 D.
1174 1541 1440 1602 Thomas
1470 1539 1667 1600 multa
1704 1541 1781 1602 de

192 1632 419 1692 eadem
460 1632 767 1694 divisione
809 1632 1051 1695 disserit
1088 1633 1153 1694 in
1184 1653 1243 1714 q.
1288 1633 1427 1704 174,
1460 1633 1591 1707 ubi,
1624 1636 1778 1708 axe,

182 1725 265 1784 ad
300 1729 363 1800 3,
398 1733 465 1787 et
494 1743 556 1786 a.
583 1727 644 1803 3,
674 1729 838 1787 inter
860 1727 1004 1802 alia,
1032 1725 1179 1787 dicit
1204 1727 1591 1807 prophetiam
1622 1744 1777 1806 pure

188 1818 698 1882 intellectualem
780 1837 905 1882 esse
977 1820 1399 1900 perfectiorem
1474 1821 1777 1898 cognitio-

192 1929 342 1972 nem
366 1961 386 1986 ,
451 1929 489 1972 a
538 1913 781 1975 ratione
836 1919 1045 1974 tamen
1100 1913 1438 1994 prophetiae
1485 1914 1769 1990 deiicere,

190 2007 347 2085 quia
410 2008 739 2088 prophetia
788 2013 878 2067 est
932 2007 1293 2086 imperfecta
1336 2009 1612 2084 cognitio
1632 2055 1648 2083 ,
1710 2016 1773 2070 et

185 2107 440 2160 remota
480 2100 563 2161 ab
598 2099 979 2179 intelligibili
1018 2101 1309 2175 veritate3
1349 2101 1620 2178 cognitio
1662 2119 1775 2162 au-

186 2201 321 2252 tem
370 2209 504 2273 qua
556 2194 931 2272 conspicitur
970 2193 1101 2272 ipsa
1149 2194 1373 2254 veritas
1414 2194 1774 2274 intelligibi-

186 2287 291 2361 lis,
350 2286 559 2347 multo
596 2287 928 2368 perfectior
972 2293 1065 2347 est
1108 2287 1317 2347 minus
1366 2288 1611 2366 proprie
1630 2310 1647 2362 ;
1680 2307 1772 2350 er-

186 2397 267 2456 go
308 2379 565 2439 dicetur
618 2379 941 2459 prophetia
969 2402 987 2455 3
1020 2381 1087 2440 in
1129 2397 1252 2459 quo
1303 2388 1469 2441 certe
1512 2381 1766 2458 indicat,

182 2471 359 2552 qnod
414 2489 606 2552 supra
658 2472 828 2549 dixi,
880 2471 1299 2553 propheticam
1350 2473 1769 2551 coguitionem

184 2583 319 2624 esse
362 2566 755 2641 evidentem,
788 2565 955 2645 quod
986 2565 1236 2626 fortasse
1274 2565 1591 2626 interdum
1622 2581 1769 2626 con-

188 2659 380 2737 tingit
406 2705 431 2734 ,
480 2657 592 2718 sed
632 2675 757 2718 non
806 2658 1055 2719 videtur
1094 2659 1505 2719 necessarium
1528 2673 1548 2735 3
1590 2659 1762 2736 imo,

188 2769 297 2830 per
324 2767 398 2812 se
430 2752 768 2832 loquendo,
808 2767 937 2812 non
988 2757 1253 2831 oportet,
1284 2753 1391 2812 illa
1422 2752 1541 2812 tria
1570 2765 1765 2814 mem·

192 2845 301 2904 bra
354 2863 490 2905 mse
528 2857 777 2924 semper
812 2844 1013 2924 specie
1054 2844 1295 2906 diversa
1313 2861 1334 2921 3
1370 2859 1516 2904 nam
1547 2845 1766 2906 eadem

201 2955 292 2996 ras
318 2952 463 3016 quae
496 2937 901 2998 sensibilibus
940 2937 1135 3016 signis
1177 2938 1450 2999 exterius
1480 2937 1771 3017 proponi-

204 3035 327 3106 tur,
366 3036 568 3110 posset
610 3030 969 3091 immediate
1014 3031 1276 3110 proponi
1326 3045 1439 3111 per
1478 3031 1770 3092 similitu-

202 3123 370 3183 dines
416 3125 849 3204 imaginarias,
882 3130 945 3185 et
974 3143 1128 3204 pure
1156 3124 1345 3185 etiam
1380 3124 1766 3186 intellectua-

192 3217 351 3292 liter,
406 3225 539 3279 tam
594 3219 660 3279 in
713 3218 1065 3297 cognitione
1115 3217 1415 3295 obscura,
1456 3237 1645 3299 quam
1700 3220 1765 3280 in

184 3311 489 3372 evidenti.
550 3311 723 3372 Unde
782 3313 1166 3390 Augustinus
1188 3359 1203 3382 ‚
1249 3311 1613 3374 duodecimo
1650 3311 1766 3373 Ge-

182 3421 314 3463 neS.
355 3403 437 3464 ad
464 3403 619 3481 litt„
644 3419 782 3484 cap.
816 3407 880 3478 9,
922 3403 1309 3486 prophetiam
1328 3404 1766 3484 imaginariam

180 3515 339 3576 pure
367 3489 775 3558 ⁴intellectuali
809 3498 1100 3579 praeferre
1128 3497 1394 3574 videtur,
1422 3497 1595 3576 quia,
1622 3515 1767 3558 cum

183 3595 457 3670 utraque
507 3592 589 3650 sit
612 3591 977 3670 imperfecta
1018 3589 1316 3669 cognitio,
1363 3596 1548 3670 atque
1576 3591 1643 3650 in
1668 3591 1767 3650 iu-

178 3683 447 3744 telleetu
500 3685 747 3764 corpori
796 3685 1130 3762 conjuncto
1159 3729 1181 3760 ,
1227 3699 1351 3744 non
1403 3683 1761 3762 impeditur,

180 3777 285 3836 sed
313 3777 589 3855 juvatur
624 3777 827 3858 potius
854 3794 969 3858 per
996 3774 1435 3838 similitudines
1462 3776 1767 3856 imagina-

180 3870 345 3929 tioni
406 3869 777 3950 propositas.
829 3869 1195 3932 Concor-dari
1240 3875 1453 3930 tamen
1500 3869 1589 3929 ita
1630 3885 1765 3947 pos-

182 3971 363 4037 sunt,
408 3976 562 4024 nam
598 3981 750 4045 pure
776 3963 1215 4025 intellectualis
1242 3962 1515 4042 cognitio
1544 3977 1619 4022 ex
1646 3979 1761 4022 suo

180 4067 419 4134 genere
460 4063 527 4118 et
568 4045 753 4118 modo
794 4055 1119 4137 perfectior
1154 4065 1270 4131 est,
1315 4055 1597 4135 quamvis
1634 4053 1759 4116 alia

180 4149 265 4208 sit
310 4149 567 4210 homini
598 4151 801 4228 magis
844 4149 1327 4224 accommodata,
1368 4153 1555 4227 atque
1601 4147 1757 4210 adeo

178 4241 520 4303 interdum·
564 4244 755 4323 possit
808 4243 1125 4304 excellere.
1160 4242 1335 4318 Quod
1381 4251 1531 4302 vero
1575 4241 1757 4302 divus

176 4335 464 4396 Thomas
514 4337 604 4396 ait
626 4381 645 4412 ,
689 4335 807 4398 hoc
856 4349 1057 4414 genus
1119 4335 1457 4415 prophetiae
1481 4379 1501 4410 ,
1560 4351 1756 4414 quan-

176 4427 263 4486 do
332 4427 607 4488 includit
650 4427 1089 4508 inspectionem
1144 4427 1377 4488 claram
1424 4425 1703 4488 veritatis
1734 4471 1753 4501 ,

178 4519 451 4582 deiicere
488 4535 529 4581 a
562 4521 801 4586 ratione
844 4521 1181 4602 prophetiae
1200 4565 1223 4597 ,
1257 4521 1334 4582 ad
1380 4519 1636 4580 modum
1664 4519 1757 4579 lo-

174 4611 415 4693 quendi
445 4613 703 4676 tortasse
738 4617 937 4693 magis
964 4618 1217 4694 spectat,
1260 4628 1443 4693 quam
1475 4627 1606 4672 rem
1635 4611 1757 4672 dis-

176 4707 443 4785 tinguit.
476 4707 809 4768 constituit
835 4715 1133 4788 praeterea
1160 4706 1340 4767 divus
1366 4705 1657 4780 Thomas,
1688 4705 1756 4765 in

176 4801 291 4860 illo
320 4806 445 4861 art.
480 4803 543 4877 3,
587 4802 778 4862 etiam
809 4803 1173 4862 instinctum
1212 4817 1365 4880 pure
1394 4798 1756 4860 interiorem

178 4895 249 4952 in
296 4893 523 4954 infimo
551 4893 708 4954 loce.
774 4893 892 4955 Sed
950 4893 1418 4972 intelligendum
1446 4936 1466 4967 ,
1508 4892 1755 4970 quando

184 4985 505 5047 hominem
547 4993 783 5048 certum
840 5001 962 5048 non
1014 4987 1215 5047 reddit
1256 4987 1333 5046 de
1381 4984 1757 5046 revelatione

186 5079 422 5147 divina.
452 5077 555 5140 vel
586 5080 841 5159 quando
869 5079 1201 5142 instinctus
1225 5079 1481 5159 quidam
1531 5084 1625 5138 est
1649 5095 1756 5137 so-

188 5171 509 5234 lummodo
574 5176 928 5254 practicus3
978 5182 1153 5234 secus
1218 5189 1370 5234 vero
1390 5217 1411 5248 ‚
1460 5172 1513 5232 si
1551 5177 1755 5232 certus

190 5265 377 5326 homo
420 5263 721 5327 reddatur
795 5267 1161 5326 instinctum
1220 5281 1351 5326 esse
1422 5281 1461 5324 a
1516 5263 1753 5342 Spiritu

186 5361 433 5422 Sancto.
483 5359 811 5421 Distinetio
852 5367 1065 5422 tamen
1110 5366 1173 5421 et
1218 5355 1567 5419 differentia
1604 5356 1756 5416 alio-

190 5471 323 5514 tum
376 5456 686 5534 graduum
716 5459 887 5516 recte
932 5453 1275 5533 explicatur
1302 5471 1341 5513 a
1367 5453 1439 5512 D.
1472 5449 1751 5527 Thoma3

3303 411 3423 472 2113

1856 519 1986 573 tota
2027 531 2179 573 vero
2237 511 2626 592 inaequalitas
2696 515 2761 574 in
2831 515 3210 595 perfectione
3265 520 3422 579 acci-

1856 607 2140 668 dentaria
2181 607 2481 674 consistit.
2527 615 2710 688 atque
2739 609 3146 688 intelligenda
3184 629 3425 691 semper

1856 711 1992 775 est,
2049 701 2288 759 caeteris
2323 700 2589 778 paribus.
2645 701 2782 760 Jam
2817 719 2963 762 vero
3013 705 3176 782 quod
3226 705 3420 780 addit,

1857 811 1994 853 eam
2038 793 2449 872 prophetiam,
2483 811 2622 871 quae
2653 793 2728 854 de
2778 795 2960 857 rebus
2989 803 3083 858 est
3123 797 3275 858 alias
3315 817 3425 858 na-

1852 893 2012 946 turae
2044 886 2284 946 lumine
2318 886 2858 962 cognoscibilibus,
2901 884 3162 952 defi'cere
3209 910 3246 951 a
3276 909 3426 952 vera

1848 981 2089 1040 ratione
2141 979 2508 1058 prophetiae,
2553 981 3029 1057 intelligendum
3074 987 3278 1060 venit,
3323 985 3424 1045 vel

1846 1071 1923 1132 de
1979 1072 2220 1133 defectu
2255 1073 2596 1134 secundum
2651 1076 2798 1153 quid
2845 1093 2920 1136 ex
2977 1085 3149 1156 parte
3197 1078 3426 1155 objecti

1856 1165 2218 1241 materialis,
2254 1166 2356 1226 vel
2384 1167 2634 1245 quando
2665 1167 2990 1248 inspiratio
3025 1172 3162 1231 talis
3211 1179 3322 1246 est,
3353 1179 3425 1231 ut

1856 1277 1956 1320 res
1985 1260 2108 1320 illae
2149 1277 2274 1319 non
2317 1269 2776 1338 cognoscantur
2819 1262 2936 1322 sub
2959 1263 3174 1324 divina
3211 1273 3425 1325 aucto-

1856 1353 2065 1426 ritate,
2107 1353 2210 1414 sed
2255 1353 2455 1414 solum
2493 1371 2606 1433 per
2645 1355 2853 1416 media
2889 1357 3139 1435 propria
3180 1364 3426 1419 ostensa

1862 1463 1976 1524 per
2005 1446 2409 1506 directionem
2438 1446 2748 1508 internam
2781 1449 2912 1524 Dei,
2945 1448 3043 1509 vel
3081 1467 3194 1528 per
3227 1449 3424 1512 scien-

1860 1539 2013 1600 tiam
2047 1557 2158 1619 per
2183 1538 2468 1600 accidens
2519 1539 2815 1615 infusam,
2857 1547 2929 1602 ut
2987 1541 3234 1604 videtur
3268 1545 3426 1605 acci·

1859 1632 2018 1693 disse
2053 1632 2395 1708 Salomoni,
2427 1633 2496 1694 in
2536 1643 2660 1715 quo
2698 1635 2876 1696 divus
2905 1637 3172 1697 Thomas
3221 1655 3425 1700 exem-

1858 1725 2034 1805 plum
2065 1727 2260 1788 affert.

1938 1821 2000 1880 3.
2059 1819 2296 1892 Quarta
2348 1822 2594 1885 divisio.
2649 1857 2724 1868 —
2779 1821 3006 1896 Quinta
3065 1823 3299 1888 divisio.
3343 1860 3424 1874 —-

1860 1911 2060 1976 Semta
2095 1913 2334 1976 divisio.
2349 1945 2432 1960 —
2448 1915 2606 1976 Hinc
2629 1919 2720 1976 est
2743 1924 2967 1996 quarta
2990 1918 3208 1979 divisio
3233 1936 3249 1979 ε
3283 1935 3424 1998 pro·

1854 2003 2065 2083 phetia
2112 2006 2234 2066 alia
2273 2011 2769 2068 communicatur
2813 2009 2877 2070 in
2931 2008 3341 2073 abstractione
3383 2031 3422 2072 a

1857 2099 2157 2172 sensibuS,
2193 2100 2316 2160 alia
2367 2101 2500 2162 sine
2557 2101 3006 2164 abstractione:
3053 2104 3139 2164 ita
3192 2104 3421 2184 Grego-

1856 2191 1986 2251 rius
2013 2197 2075 2251 et
2102 2191 2484 2270 Augustinus
2509 2211 2714 2273 supra.
2746 2195 3064 2256 Secundus
3085 2198 3420 2278 prophetiae

1856 2283 2080 2344 modus
2119 2285 2660 2364 frequentissimus
2695 2295 2818 2348 est:
2857 2289 3098 2368 primus
3135 2307 3283 2351 vero
3313 2309 3421 2370 pa-

1850 2384 1943 2437 tet
1993 2377 2060 2438 in
2105 2380 2304 2453 Petro,
2339 2379 2473 2440 Art.
2515 2383 2611 2455 10,
2646 2389 2710 2442 et
2745 2389 2814 2442 ut
2843 2383 3025 2443 multi
3065 2384 3273 2445 Patres
3313 2401 3422 2445 ex·

1853 2476 2097 2548 ponunt
2128 2470 2192 2531 iu
2217 2472 2476 2548 Adamo,
2513 2473 2762 2553 quando
2794 2477 2950 2536 Deus
3001 2475 3092 2536 illi
3135 2493 3419 2556 soporem

1850 2563 2113 2623 immisit
2143 2569 2186 2624 ¹.
2234 2565 2388 2626 Vide
2437 2567 2508 2626 D.
2557 2565 2859 2628 Thomam
2903 2575 2966 2628 et
3011 2569 3374 2647 Gajetsnum

1847 2662 2070 2734 quaest.
2105 2660 2246 2732 172,
2279 2665 2396 2720 art.
2433 2661 2491 2719 3.
2525 2661 2754 2736 Quinta
2781 2660 3040 2723 divisio:
3093 2663 3421 2742 prophetia

1848 2748 1974 2809 alia
2014 2757 2108 2810 est
2141 2751 2208 2811 in
2239 2752 2518 2820 somniis,
2550 2758 2622 2813 ut
2651 2753 2713 2814 S.
2754 2753 3000 2834 Josephi
3021 2800 3038 2828 ‚
3068 2755 3284 2818 Matth.
3323 2762 3348 2817 1
3401 2801 3418 2830 ,

1849 2843 1971 2903 alia
2001 2843 2068 2903 in
2109 2844 2349 2922 vigilia,
2382 2852 2455 2905 ut
2482 2843 2822 2920 Zachariae,
2853 2847 2999 2907 Luc.
3040 2851 3066 2907 1
3098 2869 3118 2923 3
3159 2857 3222 2909 et
3258 2848 3420 2912 hanc

1849 2937 2258 3015 posteriorem
2312 2937 2563 3016 praefert
2623 2938 2813 3017 priori
2867 2939 3046 3000 divus
3097 2941 3364 3003 Thomas
3394 2987 3415 3018 ,

1849 3043 1914 3107 q.
1952 3029 2096 3104 174,
2123 3047 2182 3090 a.
2215 3031 2252 3090 3
2285 3030 2591 3108 (quamvis
2619 3029 2730 3090 lib.
2753 3033 2970 3094 2cont.
3003 3039 3198 3111 gent„
3225 3053 3277 3096 c.
3311 3035 3416 3103 81.

1849 3119 1927 3180 ad
1973 3122 2012 3181 5
2071 3121 2377 3183 rationem
2399 3167 2419 3198 ,
2461 3121 2686 3184 dixerit
2735 3125 3198 3204 dispositionem
3255 3142 3416 3188 som·

1848 3212 1941 3273 nii
1987 3230 2118 3275 esse
2166 3215 2470 3294 aptiorem
2511 3215 2589 3276 ad
2627 3217 3047 3297 recipiendam
3092 3208 3416 3280 mvelatioa

1848 3323 1996 3367 nem
2027 3307 2474 3387 propheticam,
2497 3320 2797 3390 quantum
2835 3311 2913 3372 ad
2943 3313 3414 3390 impressionem

1852 3401 2196 3478 specierum
2223 3399 2261 3480 J,
2292 3403 2440 3482 quia
2475 3409 2567 3463 est
2599 3403 2807 3483 inepta
2853 3403 2932 3464 ad
2955 3403 3362 3482 judicandum
3392 3428 3406 3466 :

1848 3509 1977 3552 non
2013 3494 2183 3554 enim
2231 3499 2432 3574 potest
2457 3496 2566 3574 qui
2611 3495 3033 3576 propheticam
3085 3499 3412 3560 revelatio·

1844 3603 1992 3647 nem
2023 3586 2092 3646 in
2118 3586 2376 3648 somniis
2401 3589 2642 3668 recipit,
2687 3589 2894 3651 statim
2940 3589 3207 3669 perfecte
3247 3593 3411 3670 judi-

1846 3696 2012 3754 care,
2041 3679 2236 3740 donec
2264 3680 2330 3740 in
2383 3681 2600 3759 vigilia
2647 3681 2912 3761 perfecte
2964 3683 3262 3760 attendat,
3290 3686 3410 3745 nisi

1845 3771 2008 3832 Deus
2052 3771 2378 3852 imprimat
2417 3774 2625 3834 altiori
2673 3775 2860 3836 modo
2905 3777 3159 3855 species,
3203 3786 3267 3838 et
3303 3795 3406 3838 su·

1843 3864 2050 3925 blcvet
2090 3865 2406 3928 hominem
2449 3869 2526 3928 ad
2557 3868 3032 3947 intelligendum
3059 3871 3194 3930 sine
3235 3877 3408 3932 tanta
3460 3871 3500 3892 ⁴'

1842 3957 2257 4038 dependentia
2283 3976 2322 4020 a
2347 3959 2647 4021 sensibus.
2683 3961 2868 4022 Sexta
2896 3961 3116 4022 divisio
3137 3962 3404 4043 prophe—

1840 4051 1943 4112 tiae
1970 4067 2102 4113 esse
2149 4057 2373 4131 potest,
2413 4061 2486 4112 ut
2511 4053 2744 4115 alia-sit
2770 4055 3128 4116 immediate
3177 4073 3216 4116 a
3255 4059 3396 4133 Deo,

1836 4144 2037 4223 qualis
2081 4154 2174 4205 est
2190 4163 2356 4225 ‚pure
2379 4147 2852 4222 intellectualis3
2898 4149 3018 4210 alia
3059 4167 3170 4229 per
3197 4148 3403 4230 Ange-

1836 4236 1954 4313 los,
1976 4237 2188 4318 quales
2214 4237 2354 4299 aliae
2382 4241 2577 4318 magis
2599 4240 2920 4302 sensibiles
2947 4242 3394 4310 revelationes:

1832 4329 1911 4390 de
1950 4347 2074 4409 qua
2121 4331 2420 4393 divisione
2463 4339 2528 4392 et
2563 4333 2868 4394 similibus
2909 4333 3106 4398 videri
3145 4343 3404 4414 possunt

1835 4426 2221 4503 Augustinus
2247 4431 2312 4487 et
2339 4425 2668 4506 Gregorius
2691 4444 2899 4509 supra,
2933 4429 3219 4507 tremens,
3248 4431 3291 4492 1.
3333 4433 3397 4506 4,

1836 4533 1975 4596 cap.
2009 4519 2107 4578 37.
2149 4517 2231 4579 De
2265 4517 2375 4579 illa
2399 4537 2585 4599 porro
2613 4522 2974 4600 quaestione,
3007 4536 3196 4601 quam
3219 4523 3399 4586 divus

1836 4609 2105 4670 Thomas
2131 4609 2352 4673 definit
2377 4615 2439 4672 2.
2467 4615 2527 4688 2,
2562 4621 2778 4692 quoest.
2813 4615 2952 4688 174,
2983 4621 3102 4674 art.
3134 4617 3196 4686 4,
3227 4617 3400 4696 Moy-

1836 4719 1940 4764 sen
1965 4703 2152 4764 fuisse
2180 4706 2524 4766 maximum
2555 4705 3020 4786 prophetarum,
3051 4708 3208 4770 nihil
3235 4709 3400 4790 quod

1837 4799 1915 4857 ad
1946 4813 2078 4857 rem
2099 4804 2352 4876 spectet,
2375 4797 2708 4859 dicendum
2735 4802 3023 4861 occurrit.
3046 4802 3130 4862 De
3149 4802 3272 4863 alia
3295 4821 3400 4864 ve·

1838 4907 1930 4966 ro,
1952 4906 2141 4970 quam
2171 4896 2394 4952 tractat
2419 4908 2479 4952 a.
2507 4895 2569 4967 6,
2601 4911 2684 4953 an
2711 4899 2776 4954 et
2801 4895 3114 4973 quomodo
3130 4897 3401 4976 prophe-

1836 4983 1927 5045 tia
1970 4999 2246 5044 successu
2293 4989 2644 5064 temporum
2681 4987 2965 5064 creverit,
3008 4990 3158 5050 satis
3185 4991 3254 5051 in
3294 5009 3402 5052 su—

1836 5079 2180 5157 perioribus
2207 5079 2443 5140 dictum
2469 5085 2584 5157 est,
2615 5079 3029 5162 disputatione
3057 5085 3118 5163 2,
3151 5092 3296 5148 sect.
3321 5087 3398 5164 63

1834 5177 1901 5232 et
1940 5170 2074 5233 hoec
2103 5171 2182 5233 de
2209 5173 2559 5253 prophetia.

1920 5363 1937 5396 ⁸
1986 5358 2070 5418 De
2099 5355 2216 5510 hog
2245 5372 2484 5438 sopore,
2516 5358 2558 5421 l.
2593 5359 2635 5420 2
2665 5359 2746 5420 de
2769 5361 2964 5440 Opere
3003 5377 3110 5422 sex
3156 5361 3400 5424 dierum

1834 5469 1891 5512 c.
1921 5453 1983 5526 2,
2015 5467 2054 5510 a
2083 5467 2148 5512 n.
2223 5495 2239 5512 .
