3900 6217
708 436 877 490 ster.
908 436 991 490 11.
1027 436 1110 489 AN
1144 436 1265 489 NON
1299 434 1487 489 VlSUM
1520 436 1640 487 vssL
1670 434 1795 490 NON
1828 437 2052 492 sclTum
2085 437 2182 491 SIT
2215 434 2522 501 coNntTtO,
2557 436 2693 491 ETC.

192 544 339 629 possit
363 540 435 605 ad
466 535 803 621 pradictum
830 540 1274 620 arqumentum.
1301 570 1381 582 —
1403 536 1661 619 Impug-

194 644 334 703 καῖεν
382 633 687 715 επορῑίαέα
736 631 1066 715 responsio.
1099 662 1181 677 -
1207 630 1295 690 Ex
1346 627 1572 709 quibus
1620 647 1659 691 a

190 728 369 792 fortiori
412 723 730 789 excluditur
756 724 1034 785 secunda
1058 722 1403 802 responsiO,
1454 739 1592 801 quae
1621 740 1659 783 a

186 824 378 887 nemine
404 820 568 881 datur
592 862 608 889 ‚
664 822 879 896 posset
908 822 1126 879 autem
1155 816 1516 895 excogitari,
1545 815 1661 877 sci-

188 920 311 979 licet.
350 922 475 976 tunc
502 910 734 991 operari
778 909 980 971 solum
1028 909 1244 986 fidem,
1276 926 1405 971 non
1448 915 1661 970 autem

195 1012 459 1081 scientiam,
485 1008 623 1086 quia
650 1005 791 1067 licet
818 1003 977 1067 fides
1017 1024 1147 1066 non
1178 1006 1533 1078 necessitet,
1568 1010 1663 1065 est

191 1104 510 1164 nihilominus
535 1099 842 1179 potentior
881 1105 943 1160 et
974 1098 1311 1173 efficacior,
1356 1096 1407 1160 si
1442 1097 1661 1158 volun·

186 1204 257 1257 tas
284 1212 385 1255 non
418 1193 665 1253 resistat.
703 1192 833 1252 Hoc
868 1195 1083 1253 tamen
1133 1190 1373 1251 facilius
1416 1191 1662 1273 impug-

182 1298 359 1360 natur,
396 1294 515 1347 tum
570 1284 871 1364 exemplis
917 1292 980 1346 et
1032 1284 1379 1347 rationibus
1433 1282 1653 1358 factis;

182 1390 281 1443 tum
311 1380 469 1441 etiam
494 1379 657 1458 quia,
692 1378 836 1440 licet
873 1378 935 1439 in
966 1382 1277 1457 potestate
1322 1376 1661 1441 voluntatis

182 1478 237 1535 sit
277 1479 517 1533 avertere
564 1470 879 1533 actualem
916 1472 1359 1551 cogitationem
1397 1470 1661 1533 demon-

186 1567 425 1629 strationis
448 1612 465 1641 ,
494 1565 542 1627 si
565 1571 778 1627 tamen
819 1563 883 1626 in
915 1564 1021 1626 illa
1056 1564 1366 1644 persistat,
1398 1584 1529 1625 non
1554 1583 1662 1644 po-

190 1670 270 1723 test
296 1661 471 1725 facere
500 1665 565 1721 ut
597 1658 951 1721 intellectus
989 1660 1258 1720 retineat
1306 1676 1657 1733 assensum,

182 1756 306 1833 juxta
352 1768 736 1813 communem
814 1752 1189 1813 sententiam
1258 1750 1665 1832 philosopho-

184 1864 281 1909 rum
308 1850 361 1919 ²3
398 1844 579 1905 multo
624 1862 779 1925 ergo
830 1842 1073 1907 facilius
1120 1848 1323 1924 potest
1376 1844 1665 1905 voluntas

180 1942 331 2001 facere
366 1945 458 2011 ut,
494 1957 621 1999 non
684 1940 968 2001 obstante
1027 1938 1255 2001 actuali
1309 1936 1665 2000 considera·

180 2034 301 2093 tione
325 2032 615 2111 utriusque
646 2031 887 2105 motivi,
920 2032 1273 2094 intellectus
1302 2030 1532 2093 habeat
1562 2050 1663 2092 so-

172 2125 269 2185 lum
292 2141 578 2185 assensum
606 2125 889 2187 scientiae
918 2124 1052 2186 siue
1081 2123 1451 2185 certitudine
1482 2122 1653 2196 lidei,

172 2236 317 2295 quam
352 2224 409 2278 ut
448 2217 679 2279 habeat
719 2216 1157 2281 certitudinem
1185 2215 1331 2278 fidei
1362 2216 1495 2277 sine
1530 2216 1658 2277 evi-

170 2309 330 2370 dentia
358 2310 627 2372 scientiae.

232 2392 307 2465 10.
338 2402 475 2478 Quid
489 2406 673 2469 tertio
698 2404 823 2466 loco
851 2402 1207 2487 respondeat
1229 2402 1412 2483 Capr.
1433 2435 1515 2448 —
1539 2402 1662 2467 Re-

172 2496 560 2575 sellim—Est
586 2514 747 2577 ergo
770 2497 950 2558 tertia
977 2496 1324 2576 responsi0,
1363 2495 1490 2557 sive
1517 2514 1662 2557 sen-

174 2590 315 2651 tentia
353 2588 563 2653 docens
602 2597 762 2652 tunc
810 2589 1195 2651 intellectum
1233 2594 1375 2651 actu
1414 2588 1660 2668 operari

174 2700 227 2741 ex
256 2688 475 2762 utroque
501 2682 766 2759 motiv0,
808 2702 937 2744 non
964 2690 1177 2744 tamen
1230 2684 1475 2745 efficere
1502 2682 1660 2744 duos

172 2780 321 2847 actus,
340 2776 433 2837 sed
452 2794 641 2837 unum
682 2775 1019 2838 habentem
1063 2775 1438 2837 evidentiam
1465 2775 1660 2837 scien-

174 2868 267 2940 tiae,
304 2876 353 2929 et
385 2870 817 2957 certitudinem
847 2868 1015 2931 fidei.
1058 2868 1133 2930 Et
1180 2868 1244 2929 in
1295 2869 1417 2930 boc
1470 2868 1665 2930 etiam

180 2964 253 3021 est
280 2962 528 3036 varietas3
556 2981 719 3024 nam
751 2963 1087 3042 Capreolus
1118 3008 1133 3036 ,
1180 2962 1343 3023 dicta
1388 2961 1657 3023 distinct.

180 3054 265 3125 25,
306 3054 365 3115 ad
401 3060 763 3135 argumenta
805 3054 1109 3130 Durandi,
1140 3054 1447 3136 significat
1487 3054 1663 3115 illum

176 3152 347 3219 actum,
373 3149 561 3228 quoad
590 3149 1014 3212 substantiam
1042 3155 1105 3211 et
1152 3148 1425 3230 speciem
1457 3164 1665 3209 essen-

170 3237 350 3311 tialem,
390 3258 513 3304 esse
540 3248 763 3305 actum
804 3243 1078 3304 scientioe
1118 3241 1403 3321 ejusdem
1432 3232 1663 3321 speciei

167 3348 273 3391 cnm
310 3334 465 3395 simili
510 3339 667 3398 actu
703 3332 1061 3417 philosophi
1100 3354 1229 3395 non
1261 3333 1549 3395 habentis
1591 3332 1663 3393 fi-

166 3422 292 3497 dem,
314 3426 387 3487 illi
414 3444 553 3490 vero
575 3428 877 3509 adjungit
899 3428 1159 3489 modum
1186 3427 1659 3499 accidentalem,

168 3518 241 3595 qui
272 3524 350 3580 est
390 3522 695 3583 certitudo
734 3518 903 3583 fidei.
949 3520 1093 3583 Hoec
1140 3539 1288 3581 vero
1327 3518 1659 3593 sententia,

162 3612 289 3687 juxta
312 3630 447 3675 vera
490 3614 804 3697 principia
848 3611 1257 3697 philosophiae
1304 3618 1367 3675 et
1404 3610 1664 3673 Theolo-

164 3704 247 3783 giae
270 3750 283 3777 ,
316 3708 587 3770 sustineri
617 3726 755 3769 non
798 3713 1044 3789 potest,
1082 3708 1247 3787 quia
1294 3706 1395 3767 ille
1438 3704 1663 3767 modus

160 3814 253 3857 non
286 3804 471 3878 potest
496 3818 641 3865 esse
678 3802 913 3881 gradus
934 3800 1307 3863 intensionis
1336 3819 1351 3861 ε
1394 3799 1542 3878 quia
1569 3799 1661 3860 in·

156 3891 310 3951 tensio
353 3898 439 3956 est
499 3912 762 3975 semper
810 3894 971 3957 intra
1023 3893 1315 3956 eamdem
1382 3891 1657 3971 speciem

154 3984 427 4062 qualitatis,
476 4004 593 4051 seu
643 3994 844 4061 actus,
879 3993 943 4050 et
971 3984 1089 4048 sub
1130 3986 1356 4048 eodem
1384 3985 1647 4057 motivo;

157 4091 266 4137 nam
295 4078 337 4138 si
365 4082 665 4143 motivum
708 4080 1173 4161 multiplicetur,
1216 4080 1353 4159 jam
1388 4096 1519 4139 non
1562 4083 1656 4139 est

160 4166 385 4249 intensio,
430 4174 544 4236 sed
574 4174 885 4236 extensio,
922 4172 992 4235 In
1024 4174 1267 4235 actibus
1304 4178 1515 4233 autem
1560 4171 1655 4231 in-

163 4263 319 4340 ternis,
344 4268 545 4329 nullus
575 4274 674 4331 est
700 4268 927 4329 modus
954 4259 1327 4329 intrinsecus
1365 4264 1655 4327 acciden-

158 4354 309 4419 taliter
340 4359 651 4424 inhaerens
702 4362 873 4424 actui
924 4367 1153 4440 praeter
1210 4358 1649 4433 intensionem,

154 4454 203 4507 ut
227 4468 287 4511 ex
316 4456 739 4535 metaphysica
774 4472 1087 4536 suppone,
1122 4459 1184 4515 et
1212 4452 1563 4533 specialiter
1586 4450 1653 4509 in

147 4546 357 4607 materia
402 4546 479 4610 de
511 4546 718 4625 Grat„
749 4546 856 4609 lib.
890 4549 951 4623 2,
986 4565 1122 4628 cap.
1152 4546 1189 4607 7
1230 4552 1291 4607 et
1316 4548 1379 4621 8,
1409 4543 1653 4605 ostendi

146 4632 233 4695 has
274 4638 673 4717 perfectiones
716 4640 1223 4721 supernaturales
1263 4639 1652 4699 internorum

146 4734 350 4792 actuum
400 4753 528 4797 non
588 4752 729 4797 esse
765 4730 1259 4795 modificationes
1302 4730 1655 4793 accidenta-

144 4818 211 4880 les
237 4868 250 4896 ,
298 4826 401 4887 sed
425 4828 926 4908 specificationes
984 4826 1347 4887 essentiales
1376 4832 1441 4886 et
1472 4822 1655 4885 subs-

142 4917 421 4993 tantiales;
456 4928 519 4983 et
546 4923 671 4983 hoc
702 4920 904 5001 magis
948 4918 1414 4981 confirmabitur
1452 4917 1653 4998 impu·

140 5012 345 5085 gnando
375 5022 741 5094 sequentem
769 5012 1014 5076 dicendi
1046 5012 1326 5074 modum.

204 5104 284 5165 ti.
328 5106 479 5180 Quia
500 5112 719 5191 quarto
758 5108 885 5171 loco
925 5107 1277 5189 respfondmt
1300 5102 1656 5188 Hispal.—

136 5192 503 5278 Impuqnatm·
512 5199 767 5284 Hispal.
774 5198 1463 5283 primm—Emoluditur
1473 5200 1655 5263 etiam

137 5284 289 5351 obiter
316 5290 1009 5375 Capreolue.—Quartus
1048 5293 1274 5354 modus
1305 5290 1654 5370 explicandi

206 5476 221 5511 ¹
244 5474 569 5540 videantur
597 5498 751 5559 quos
770 5478 967 5541 citant
991 5478 1362 5541 Conimbrie.
1399 5480 1427 5538 1
1460 5482 1650 5559 post„

142 5584 185 5625 c.
224 5572 273 5639 t,
302 5588 358 5651 q.
386 5576 447 5645 ⁴,
480 5580 599 5634 art.
630 5576 687 5634 4.

3221 429 3302 495 83

1738 535 1907 597 hunc
1956 542 2168 599 actum
2213 554 2352 599 esse
2388 542 2616 617 potest,
2663 542 2732 598 ut
2779 535 2859 597 sit
2899 554 3064 599 uuus
3093 537 3308 617 quoad

1738 628 2118 703 nealitatem,
2167 628 2398 710 duplex
2451 628 2661 711 quoad
2696 626 3172 705 formalitatem,
3217 633 3306 693 ita

1744 728 1809 783 ut
1834 722 2064 785 habeat
2102 725 2260 785 duas
2307 724 2586 786 rationes
2613 723 2909 786 formales
2960 744 3037 787 ex
3077 732 3306 787 natura

1741 816 1832 877 rei
1864 815 2209 891 distinctaS,
2256 836 2448 879 unam
2480 819 2778 891 scientiae,
2817 824 2880 879 et
2913 819 3098 879 aliam
3131 820 3303 896 fidei,

1742 928 1869 971 non
1898 916 2111 971 tamen
2141 911 2588 973 constituentes
2613 912 2771 973 duas
2791 931 2916 986 ree,
2945 912 3058 975 sed
3083 932 3299 975 unam.

1740 1002 1921 1065 Hunc
1964 1003 2212 1066 dicendi
2261 1003 2519 1066 modum
2559 1004 2794 1067 indicat
2823 1005 3060 1086 Hispal.
3086 1052 3102 1077 ,
3141 1007 3306 1070 dicta

1741 1094 1804 1157 d.
1837 1098 1941 1169 25,
1973 1100 2089 1158 art.
2143 1099 2207 1170 4,
2267 1097 2351 1158 ad
2397 1105 2795 1177 argumenta,
2839 1100 3127 1177 quamvis
3175 1118 3306 1163 non

1741 1190 1906 1252 clare
1952 1208 2072 1252 nec
2122 1196 2478 1253 constanter
2530 1192 2842 1272 loquatur.
2893 1192 3042 1254 Mihi
3091 1200 3309 1256 tamen

1742 1287 1997 1347 omnino
2055 1285 2362 1368 displicet,
2424 1291 2489 1347 et
2541 1289 2744 1367 primo
2795 1294 3203 1367 argumentor
3241 1290 3308 1351 in

1738 1378 1907 1440 hunc
1948 1379 2208 1440 modum
2239 1398 2253 1439 :
2288 1380 2433 1458 quia
2463 1381 2564 1441 vel
2591 1381 2710 1442 illae
2735 1381 2874 1443 duas
2902 1380 3309 1444 formalitates
3383 1438 3392 1447 .

1742 1476 1888 1534 sunt
1944 1471 2307 1533 essentiales
2337 1472 2423 1533 illi
2455 1474 2719 1544 entitati,
2766 1474 2865 1537 vel
2905 1474 3110 1535 ambae
3153 1478 3311 1537 acci·

1741 1562 2048 1638 dentales,
2091 1563 2193 1627 vel
2243 1584 2374 1627 una
2419 1567 2766 1627 essentialis
2814 1572 2878 1629 et
2923 1567 3118 1630 altera
3153 1568 3311 1629 acci-

1744 1656 2014 1719 dentalis
2047 1676 2062 1717 :
2091 1656 2244 1717 nihil
2272 1659 2534 1721 istorum
2585 1659 2705 1721 dici
2739 1665 2944 1737 potest
2983 1678 3126 1721 cum
3165 1679 3312 1741 pro-

1744 1749 2100 1823 babilitate;
2132 1767 2308 1829 ergo,
2351 1751 2654 1813 Probatur
2698 1752 2902 1831 prima
2933 1770 3079 1832 pars
3112 1753 3312 1814 mino·

1743 1842 1829 1904 ris
1852 1888 1875 1919 ,
1922 1844 2094 1923 quod
2139 1862 2266 1905 non
2316 1845 2556 1925 possint
2600 1846 2800 1907 amboe
2845 1848 3120 1908 rationes
3171 1864 3309 1909 esse

1744 1936 2112 1999 essentiales
2157 1935 2364 1999 eidem
2395 1939 2586 2012 actui,
2627 1938 2774 2018 quia
2805 1957 2932 2000 una
2974 1957 3077 2001 res
3115 1956 3312 2001 unam

1740 2032 1988 2089 tantum
2035 2034 2241 2110 potest
2291 2030 2528 2092 hahere
2575 2031 2848 2111 speciem
2885 2031 3306 2105 essentialem,

1738 2126 1807 2182 ut
1829 2140 1906 2183 ex
1932 2122 2360 2205 Metaphysica
2383 2130 2631 2185 constat
2653 2128 2697 2185 ¹.
2727 2122 2908 2199 item,
2936 2126 3083 2205 quia
3111 2142 3311 2189 unum

1740 2231 1941 2293 genus
1971 2232 2101 2275 non
2140 2220 2345 2295 potest
2386 2216 2745 2277 immediate
2787 2222 2851 2279 et
2889 2235 3069 2297 oeque
3105 2218 3312 2299 primo

1742 2306 2026 2371 contrahi
2068 2326 2182 2388 per
2220 2308 2378 2371 duas
2426 2308 2810 2371 differentias
2845 2310 3170 2389 specificas
3219 2309 3312 2371 di·

1741 2418 1978 2473 versaS,
2025 2401 2460 2465 constituendo
2492 2420 2636 2464 cum
2681 2402 2802 2463 illis
2847 2422 3042 2465 unam
3067 2410 3312 2465 tantum

1744 2493 2096 2567 entitatem;
2129 2513 2278 2575 ergo
2307 2514 2426 2559 nee
2454 2498 2658 2576 potest
2695 2514 2875 2576 aeque
2913 2497 3118 2577 primo
3145 2516 3310 2559 unus

1740 2593 1915 2649 actus
1942 2588 2230 2649 constitui
2253 2588 2318 2648 in
2341 2588 2588 2651 duabus
2615 2590 2979 2669 speciebus;
3009 2608 3162 2671 ergo
3191 2610 3312 2653 nec

1742 2679 1881 2740 duas
1906 2679 2314 2743 formalitates
2339 2680 2548 2761 specie
2581 2682 2838 2744 diversae
2870 2689 3136 2764 possunt
3168 2703 3310 2747 esse

1744 2773 2108 2835 essentiales
2157 2773 2398 2835 eutitati
2446 2774 2730 2854 ejusdem
2781 2782 2978 2837 actus.
3021 2779 3312 2841 Secunda

1741 2883 1891 2926 vero
1932 2883 2101 2943 pars,
2135 2867 2306 2946 quod
2334 2886 2462 2928 non
2490 2868 2732 2949 possint
2757 2869 2958 2931 umboe
2991 2888 3128 2933 esse
3149 2873 3313 2934 acci-

1746 2957 2057 3031 dentaleS,
2097 2960 2420 3039 probatur,
2448 2960 2594 3039 quia
2624 2966 2773 3023 tunc
2809 2965 3164 3025 necessario
3206 2966 3314 3028 de·

1748 3048 1975 3115 herent
2003 3070 2356 3131 supponere
2398 3054 2465 3115 in
2509 3052 2613 3115 illo
2655 3062 2797 3117 actu
2828 3056 3014 3117 aliam
3063 3058 3314 3120 tertiam

1745 3143 2192 3207 formalitatem
2224 3146 2624 3208 essentialem
2671 3147 2778 3223 illi,
2825 3148 2973 3229 quia
2999 3151 3171 3214 nulla
3197 3171 3314 3233 po·-

1743 3242 1865 3298 test
1892 3255 2032 3299 esse
2077 3238 2303 3301 entitas
2347 3238 2412 3299 in
2451 3258 2669 3301 rerum
2713 3250 2960 3317 natura,
2997 3260 3136 3322 quas
3180 3262 3340 3307 non.

1744 3329 1982 3391 habeat
2011 3330 2288 3412 aliquam
2329 3340 2562 3393 certam
2611 3339 2672 3394 et
2711 3334 3166 3399 immutabilem
3211 3356 3311 3399 es-

1747 3422 2037 3498 sentiam,
2068 3431 2152 3496 et,
2174 3426 2522 3489 secundum
2546 3427 2739 3503 illam,
2756 3429 3080 3507 proprium
3107 3448 3314 3511 genua

1745 3522 1807 3578 et
1836 3516 2278 3592 differentiam,
2308 3520 2746 3583 constituentia
2783 3540 2976 3583 unam
3001 3526 3308 3587 rationem

1742 3608 2072 3671 formalem
2099 3611 2206 3672 tali
2237 3612 2326 3673 rei
2373 3614 2806 3688 essentialem;
2839 3614 2950 3677 sed
2981 3615 3048 3677 in
3089 3610 3308 3697 hujus-

1742 3702 1910 3763 modi
1938 3706 2088 3771 actu,
2109 3721 2228 3765 nec
2259 3704 2521 3785 eogitari
2557 3712 2897 3785 potestant
2932 3708 3084 3789 tingi
3121 3711 3307 3771 tertia

1740 3795 1924 3871 ratic,
1967 3814 2108 3875 quae
2141 3798 2494 3859 essentialis
2523 3799 2610 3860 illi
2649 3800 2752 3873 sit,
2779 3802 2926 3881 quia
2951 3802 3034 3863 ibi
3063 3810 3305 3865 tantum

1739 3896 1885 3952 sunt
1909 3888 2036 3951 duo
2071 3892 2304 3953 motiva
2342 3894 2758 3970 assentiendi,
2799 3913 2938 3974 quae
2979 3894 3130 3959 dare
3159 3914 3305 3979 pos·

1737 3990 1883 4043 sunt
1910 3982 2354 4047 formalitatem
2379 3986 2572 4060 actui;
2614 4004 2763 4049 nam
2794 4005 2873 4049 ex
2897 3989 3030 4050 solo
3057 3990 3302 4068 objecto

1733 4076 2043 4139 materiali
2074 4078 2246 4139 nulla
2289 4080 2529 4159 specics
2556 4082 2844 4155 sumitur,
2876 4089 2947 4143 ut
2973 4102 3142 4147 nunc
3167 4091 3302 4145 tan-

1735 4186 1924 4247 quam
1954 4175 2194 4230 certum
2236 4188 2542 4249 suppono.
2584 4172 2790 4234 Tertia
2830 4190 2978 4251 pars
3015 4175 3328 4254 ejusdem·

1734 4260 1992 4321 minoris
2021 4260 2321 4340 probatur
2359 4263 2584 4341 prim0,
2614 4264 2764 4343 quia
2803 4284 2931 4326 non
2969 4272 3064 4329 est
3097 4270 3301 4349 major

1735 4352 1892 4413 ratio
1928 4353 2008 4415 de
2031 4373 2159 4414 una
2189 4372 2378 4435 quam
2407 4355 2485 4417 de
2514 4357 2745 4430 altera;
2771 4358 2940 4437 quod
2965 4378 3300 4441 argumen-

1734 4452 1868 4507 tum
1914 4446 2102 4507 etiam
2148 4446 2430 4526 procedit
2470 4453 2686 4511 contra
2715 4452 3108 4531 capreolum,
3151 4456 3300 4535 quia

1734 4539 1853 4601 hoc
1883 4540 2132 4601 tertium
2155 4541 2509 4602 membrum
2527 4541 2660 4605 fere
2681 4544 2970 4607 coincidit
2998 4564 3144 4609 cum
3167 4548 3297 4627 opi·

1734 4632 1921 4693 nione
1952 4632 2152 4706 illius;
2182 4650 2332 4694 nam
2362 4634 2411 4695 si
2441 4636 2652 4715 aliqua
2689 4654 2766 4697 ex
2806 4638 2926 4699 illis
2953 4641 3297 4703 rationibus

1736 4726 2135 4788 accidentalis
2153 4734 2339 4801 esset,
2373 4735 2540 4790 esset
2563 4729 2812 4804 modus,
2843 4750 2974 4793 non
3007 4734 3300 4799 substan·-

1732 4819 1819 4879 tia
1857 4824 2055 4879 actuS.
2088 4818 2265 4881 Unde
2318 4821 2572 4883 ulterius
2607 4824 2910 4903 probatur
2952 4824 3032 4887 de
3072 4836 3294 4891 neutra

1737 4911 1987 4972 illarum
2014 4913 2329 4973 rationum
2357 4914 2476 4975 hoc
2506 4916 2626 4977 dici
2649 4935 2860 4996 posse,
2893 4920 3038 4999 quia
3067 4920 3298 4985 format

1732 5005 1877 5066 litas
1902 5004 2074 5079 fidei,
2106 5023 2250 5066 cum
2297 5004 2376 5068 sit
2414 5012 2926 5089 supernaturalis,
2976 5018 3292 5091 constitui,

1736 5098 2146 5159 substantiam
2175 5099 2738 5178 actus3for1nalitas
2765 5112 2976 5169 autem
2995 5108 3296 5175 scientim-

1736 5210 1881 5255 cum
1907 5192 1985 5253 sit
2007 5192 2206 5273 magis
2233 5196 2609 5271 necessaria,
2637 5204 2700 5261 et
2727 5200 2906 5279 quasi
2924 5200 3290 5279 fundamen,

1738 5285 1883 5347 talis
1930 5286 1994 5345 in
2027 5284 2130 5347 illo
2179 5293 2347 5361 actu,
2382 5306 2512 5350 non
2536 5296 2744 5369 potest
2775 5308 2916 5354 esse
2947 5294 3294 5359 formalitas

1734 5379 1833 5443 vel
1856 5379 2082 5443 modus
2105 5379 2524 5451 accidentalis.

1820 5579 1836 5611 ¹
1889 5572 2050 5651 hisp.
2088 5576 2187 5647 15,
2219 5579 2367 5634 sect.
2405 5578 2504 5651 11,
2541 5593 2714 5635 num.
2741 5576 2842 5639 23.
