3900 6217
577 401 697 460 584

578 503 1075 568 Fundamentum
1103 525 1232 568 esse
1259 505 1526 584 videtur,
1553 509 1700 588 quia
1737 509 1854 570 hoc
1881 515 1973 570 est
1998 527 2144 570 con-

579 601 778 662 forme
819 601 938 678 juri
973 601 1184 661 divino
1221 608 1281 663 et
1309 601 1497 676 civili,
1529 609 1592 662 et
1619 605 1982 664 canonicum
2018 621 2145 664 non

579 699 906 772 repugnat.
934 694 1141 756 Prima
1167 712 1307 773 pars
1337 678 1604 776 patessex
1626 697 1733 756 illo
1765 699 2007 758 Denter.
2041 701 2138 773 13,

579 786 686 846 ubi
717 787 793 847 de
821 786 1170 865 hujusmodi
1201 787 1352 850 falsa
1395 789 1850 866 dogmatizante
1876 790 2137 852 dicitur:

583 880 821 945 Statim
865 881 1297 957 interficiatur.
1333 882 1612 944 Secunda
1659 901 1800 963 pars
1849 885 2147 963 probatur

581 992 658 1035 ex
699 973 744 1035 l.
780 973 1164 1056 Quicumque,
1195 977 1260 1038 C.
1295 976 1370 1036 de
1413 978 1665 1051 Haeret.,
1695 977 1822 1038 ibi:
1860 977 1979 1052 Qui
2013 979 2143 1041 illi-

583 1065 705 1130 cita
733 1069 934 1130 docere
959 1069 1324 1142 tentata-rin
1351 1087 1497 1130 nam
1525 1069 1668 1130 licet
1695 1070 1904 1132 Glossa
1932 1071 2044 1148 ibi,
2072 1079 2145 1134 ut

581 1177 770 1239 supra
785 1160 995 1235 retuli,
1015 1161 1354 1240 aequiparet
1373 1162 1680 1226 dicentem
1699 1181 1842 1224 cum
1862 1165 2139 1241 docente,

583 1269 652 1313 re
684 1258 893 1314 tamen
928 1271 1074 1314 vera
1101 1254 1298 1314 multo
1328 1256 1578 1333 gravius
1615 1263 1677 1317 et
1703 1257 2026 1335 specialius
2052 1265 2144 1319 est

581 1353 896 1425 peccatum
928 1346 1220 1408 docentia.
1261 1349 1438 1409 Unde
1463 1367 1604 1409 cum
1637 1349 1714 1409 de
1748 1349 1856 1410 illo
1883 1349 1983 1410 lex
2012 1369 2147 1431 spe·

583 1437 822 1498 cialiter
850 1439 1155 1518 loquatur,
1181 1441 1413 1519 aliquid
1437 1443 1625 1502 etiam
1651 1441 1908 1522 speciale
1935 1442 2013 1504 de
2040 1444 2147 1506 illo

585 1537 856 1594 statuere
883 1532 1096 1593 voluit.
1125 1535 1274 1596 ltem
1305 1533 1452 1594 facit
1480 1534 1581 1595 lex
1623 1535 1866 1611 ultima,
1899 1536 1965 1597 in
1994 1537 2145 1614 fine,

585 1623 731 1684 Cod.
767 1625 846 1686 de
889 1625 1139 1700 Judoeis,
1168 1625 1254 1687 ihi
1289 1641 1306 1685 z
1351 1628 1560 1690 Poenoe
1594 1629 1918 1709 sanquinis
1964 1631 2147 1694 desti-

583 1719 847 1794 naudus,
873 1719 978 1798 qui
990 1721 1168 1799 fidem
1193 1719 1448 1784 alteo-ius
1473 1723 1846 1800 empuqnavit
1861 1739 2151 1804 pmersa

587 1811 884 1874 doctrina.
923 1813 1072 1873 Item
1126 1813 1226 1872 lex
1273 1814 1507 1892 penult.
1541 1815 1685 1875 Cod.
1717 1815 1794 1876 de
1842 1816 2147 1895 Apostat„

587 1902 738 1963 dicit
771 1923 953 1984 poena
981 1907 1196 1986 capitis
1227 1923 1358 1968 esse
1388 1907 1794 1988 puniendum,
1821 1910 1924 1988 qui
1954 1907 2151 1969 alium

589 1999 908 2076 pervertit.
957 2000 1166 2060 Tertia
1201 2019 1342 2078 pars
1375 2000 1690 2079 probatur,
1721 2001 1866 2081 quia
1909 2002 1977 2061 in
2010 2002 2151 2080 jure

589 2092 886 2152 canonico
942 2111 1262 2172 nunquam
1315 2093 1631 2154 invenitur
1679 2095 1745 2154 in
1797 2094 2153 2174 particulari

593 2185 1044 2264 praescriptum,
1071 2193 1144 2246 ut
1163 2187 1263 2246 isti
1282 2187 1662 2267 recipiantur
1672 2204 1693 2263 3
1719 2187 2023 2264 generalis
2044 2207 2153 2248 au-

591 2283 718 2338 tem
767 2277 1015 2354 decisio,
1053 2280 1217 2359 quod
1268 2280 1542 2341 haeretici
1590 2282 1959 2359 prenitentes
2002 2281 2155 2342 reci-

591 2371 866 2450 piantur,
906 2391 1034 2433 non
1071 2373 1295 2434 suffic-it
1319 2373 1394 2434 ad
1423 2373 1788 2452 corrigenda
1825 2373 1990 2434 dicta
2014 2375 2157 2453 jura

591 2463 818 2540 civilia,
849 2481 1050 2544 neque
1085 2466 1162 2525 ad
1192 2465 1798 2541 comprehendendos
1836 2467 2156 2546 praedictos

593 2555 1108 2634 dogmatizantes;
1154 2565 1289 2619 tum
1323 2560 1470 2638 quia
1503 2559 1816 2636 generalia
1843 2560 2037 2620 verba
2069 2560 2157 2620 le-

594 2649 694 2726 gis
727 2647 1034 2729 loquentis
1079 2651 1156 2712 de
1191 2652 1400 2730 aliquo
1433 2651 1660 2712 delicto
1706 2670 1832 2712 non
1879 2670 2157 2732 compre·

595 2740 878 2802 hendunt
895 2743 1152 2823 speciale
1173 2750 1236 2804 et
1251 2743 1670 2824 qualificatum
1694 2745 1987 2806 delictum
2006 2765 2159 2824 quo-

595 2835 676 2896 ad
703 2834 1156 2914 indulgentiam
1191 2837 1489 2916 aliquam,
1519 2843 1590 2897 ut
1608 2836 1848 2917 juristae
1876 2855 2158 2900 commu-

598 2929 763 2991 niter
787 2930 1039 3005 docent3
1065 2938 1200 2992 tum
1233 2933 1420 2993 etiam
1461 2932 1606 3012 quia
1640 2933 1747 2992 illa
1785 2917 1971 2994 'verba
1998 2953 2158 3014 proe-

597 3025 716 3086 cise
739 3023 1140 3103 intelligenda
1167 3029 1314 3084 sunt
1333 3025 1412 3086 de
1437 3024 1757 3101 haereti003
1785 3026 2158 3104 dogmatista

597 3125 804 3178 autem
831 3116 968 3196 plus
993 3123 1085 3177 est
1105 3135 1292 3196 quam
1318 3117 1663 3192 haeretic11S‚
1685 3119 1834 3197 quia
1855 3125 1946 3180 est
1964 3120 2159 3182 hostis

598 3209 880 3270 Ecclesize
905 3216 970 3271 et
993 3211 1348 3271 animarum
1381 3211 1688 3286 fidelinm3
1721 3219 1856 3272 tum
1889 3213 2157 3293 denique

599 3303 744 3383 quia
777 3305 936 3364 ratio
969 3309 1061 3364 est
1087 3303 1266 3365 valde
1293 3305 1556 3380 diversa,
1583 3323 1730 3365 nam
1759 3308 1824 3365 in
1852 3305 2157 3383 dogmati-

601 3397 882 3459 zantibus
907 3398 1084 3478 (quia
1111 3415 1236 3459 non
1259 3407 1517 3478 peccant
1534 3417 1608 3458 ex
1631 3399 2009 3476 ignorantia,
2030 3399 2155 3475 vel,

598 3491 650 3552 si
680 3498 935 3570 peccant
957 3509 1034 3552 ex
1067 3491 1196 3566 illa,
1229 3498 1323 3552 est
1361 3491 1628 3552 nimium
1657 3491 1972 3570 affectata)
2004 3511 2158 3572 prae-

597 3585 864 3650 sumitur
915 3603 1144 3665 magna
1193 3586 1556 3666 pertinacia,
1601 3592 1664 3645 et
1715 3593 2159 3666 consequenter

599 3677 776 3739 valde
803 3678 1010 3740 timeri
1047 3685 1244 3758 potest
1275 3677 1442 3738 fictio
1469 3678 1534 3736 in
1561 3695 1778 3738 eorum
1811 3677 2157 3740 conversio-

599 3787 704 3846 ne,
733 3789 806 3832 ac
835 3771 1096 3832 subinde
1125 3788 1424 3850 magnum
1459 3776 1658 3850 potest
1698 3771 2027 3833 imminere
2056 3789 2160 3852 pe·

598 3864 862 3925 riculum
891 3866 1266 3938 animarum,
1289 3864 1342 3922 si
1367 3863 1778 3942 recipiantur3
1799 3881 1949 3942 ergo
1976 3883 2158 3926 cano-

601 3975 711 4018 nes
741 3957 805 4017 in
833 3958 1023 4036 priori
1046 3957 1337 4036 opinione
1363 3954 1610 4034 allegati
1637 3973 1761 4016 non
1790 3965 1936 4016 sunt
1958 3956 2037 4017 ad
2056 3975 2159 4018 eos

601 4049 996 4112 extendendi.
1027 4050 1204 4111 Unde
1242 4051 1390 4128 quia
1422 4049 1554 4110 haec
1593 4051 1828 4110 motiva
1869 4051 2159 4112 videntur

601 4144 982 4220 urgentiora,
1005 4148 1066 4203 et
1088 4142 1236 4220 quia
1263 4143 1379 4202 hoc
1402 4141 1566 4202 cedit
1589 4142 1658 4202 in
1687 4142 1987 4220 majorem
2012 4143 2158 4206 fidei

599 4236 901 4311 favorem,
931 4243 994 4297 et
1026 4237 1324 4314 majorem
1351 4237 1704 4297 animarum
1737 4239 2154 4315 securitatem,

598 4332 740 4392 ideo
767 4331 974 4392 addidi
1003 4331 1070 4391 in
1098 4329 1366 4392 secunda
1393 4334 1565 4408 parte
1597 4330 2159 4402 assez-tionis,11anc

599 4423 880 4504 regulam
915 4423 1290 4502 generalem,
1331 4441 1460 4486 cum
1511 4423 1724 4503 aliqua
1761 4425 2160 4488 moderatione

598 4523 924 4600 sumptam,
951 4535 1079 4578 esse
1112 4515 1610 4595 probabiliorem,
1633 4522 1716 4590 et,
1749 4521 1820 4574 ut
1845 4517 2152 4593 existimo,

597 4611 769 4673 illam
799 4611 984 4672 etiam
1021 4628 1168 4670 usus
1196 4608 1541 4669 coufirmat.

686 4709 783 4768 u.
834 4707 959 4767 Pro
977 4707 1192 4785 prima
1214 4708 1398 4784 parte
1421 4701 1797 4779 assertionis,
1827 4704 1969 4784 quie
1994 4703 2155 4767 dica-

601 4805 707 4862 tur
729 4798 1130 4861 Ita-resiarcka
1149 4795 1656 4873 puecha-Quis
1685 4796 2157 4876 ‹hymaina—

598 4891 679 4954 Ut
703 4897 910 4952 autem
939 4895 1000 4950 et
1028 4889 1540 4964 moderationem,
1571 4895 1636 4950 et
1665 4889 1967 4968 reliquam
2014 4907 2152 4967 par-

595 4991 724 5044 tem
753 4983 1103 5044 assertionis
1141 4981 1532 5060 explicemus,
1567 4983 1886 5042 advertere
1913 4987 2159 5060 oportet

595 5077 800 5138 varios
821 5093 957 5138 esse
997 5075 1224 5154 gradus
1273 5073 1532 5135 istorum
1585 5075 2027 5136 seminantium
2057 5093 2155 5135 er-

593 5187 788 5232 rores.
821 5169 1062 5230 Primus
1091 5175 1181 5229 oet
1203 5167 1448 5228 illorum
1478 5169 1586 5248 qui
1633 5167 1928 5228 dicuntur
1954 5165 2154 5228 haere-

594 5261 874 5337 siarchoe,
900 5261 1006 5340 qui
1054 5260 1302 5343 proprie
1347 5267 1493 5322 sunt
1529 5258 1617 5320 illi
1649 5260 1759 5340 qui
1797 5266 1860 5320 et
1913 5277 2152 5320 errores

595 5357 971 5418 invenerunt
1005 5361 1068 5414 et
1103 5354 1436 5428 seminant,
1473 5359 1544 5412 ut
1584 5353 1786 5422 Arius¹
1818 5351 2147 5426 Lutherus,

595 5455 658 5511 et
707 5447 969 5524 similes;
999 5453 1064 5510 et
1117 5445 1182 5507 in
1235 5445 1337 5506 his
1383 5445 1654 5506 maxime
1701 5444 1908 5505 locum
1964 5444 2153 5506 habet

593 5540 757 5604 dicta
783 5539 1024 5618 regula,
1051 5557 1238 5621 quam
1265 5537 1428 5599 bene
1473 5536 1804 5599 confirmat
1841 5537 2149 5617 Hierony·

1283 405 1522 461 msrm‘.
1557 407 1729 460 xxm.
1766 407 1846 460 ΒΕ
1881 406 2087 460 roems
2118 407 2579 464 conroaamnus
2610 407 3083 462 meamtcoaun.
3154 435 3177 454 ο

2224 529 2363 572 mus
2384 511 2465 573 ad
2484 511 2732 573 Galatas
2752 510 2997 589 quinto,
3025 508 3091 568 in
3114 507 3259 568 Ario
3284 510 3611 590 exe-plum
3634 517 3723 578 ad-

2224 606 2465 668 hibens,
2498 603 2819 666 Secundus
2852 601 3083 680 gradus
3130 605 3221 661 est
3268 617 3475 662 eorum
3502 607 3599 684 qui
3624 608 3727 672 hae-

2224 717 2389 762 reses
2412 698 2491 760 ab
2510 698 2648 759 aliis
2676 697 2961 756 inventas
2986 693 3209 755 docent
3236 699 3301 755 et
3326 696 3653 774 pmdicaut,
3679 711 3731 766 et

2224 795 2327 854 isti
2350 792 2597 872 proprie
2620 791 2912 851 dicuntur
2936 787 3445 866 dogmatizantem
3468 797 3535 850 nt
3552 793 3731 859 videre

2224 885 2369 948 licet
2417 887 2482 946 in
2512 883 2857 963 Eymerieo,
2900 880 3169 942 secunda
3202 887 3399 960 parte,
3438 888 3733 962 quaestione

2222 978 2540 1056 trigesima
2564 995 2729 1037 nona
2740 991 2761 1053 3
2778 980 2840 1034 et
2868 974 2950 1036 ibi
2984 975 3216 1049 Penne,
3242 985 3627 1038 ‹tommentan
3644 982 3731 1062 643

2223 1078 2287 1132 et
2314 1071 2651 1145 Simancas,
2677 1068 2773 1130 tit.
2804 1070 2871 1128 31
2908 1090 2926 1143 ;
2958 1068 3091 1129 imo
3122 1069 3433 1128 interdum
3460 1069 3631 1131 etiam
3650 1091 3735 1135 vu-

2222 1171 2443 1226 cantur
2490 1161 2936 1237 haeresiarchae,
2968 1168 3041 1221 ut
3088 1161 3167 1222 ab
3208 1159 3455 1222 Urbano
3488 1163 3657 1243 Papa,
3680 1169 3738 1230 in

2224 1277 2363 1338 cap.
2402 1257 2519 1332 Qui
2572 1256 2857 1330 aliorum,
2898 1256 3001 1330 24,
3044 1259 3263 1336 quaest.
3308 1255 3371 1316 3.
3425 1256 3739 1336 Requiritar
3830 1267 3832 1294 ¹

2224 1358 2433 1413 autem
2468 1349 2544 1412 ad
2602 1349 2769 1409 bunc
2812 1348 3097 1426 gradum,
3130 1355 3202 1409 ut
3246 1349 3424 1428 quasi
3462 1365 3537 1410 ex
3572 1351 3739 1416 officio

2226 1452 2288 1506 et
2300 1442 2745 1505 consuetu-line
2758 1441 2875 1502 hoc
2900 1459 3129 1502 munus
3144 1441 3477 1521 accipiant,
3494 1453 3555 1502 et
3569 1445 3737 1523 plures

2228 1539 2508 1610 doceant,
2530 1534 2629 1596 vel
2659 1533 2924 1614 publice,
2952 1533 3049 1596 vel
3080 1534 3338 1595 occulte.
3377 1537 3453 1596 Et
3476 1535 3561 1596 ita
3584 1539 3639 1598 ia
3665 1540 3741 1602 his

2226 1631 2415 1692 etiam
2444 1628 2633 1691 habet
2682 1645 2897 1688 verum
2942 1627 3160 1705 regula
3212 1627 3430 1707 posita.
3483 1630 3739 1696 Existimo

2226 1732 2465 1798 tamen,
2489 1724 2559 1784 in
2600 1721 2810 1815 aliquo
2844 1737 2986 1782 raro
3034 1739 3201 1794 casu,
3236 1728 3299 1780 et
3337 1721 3739 1790 interveniente

2230 1818 2592 1878 auctoritate
2634 1814 2908 1894 supremi
2944 1819 3215 1888 senatus,
3266 1831 3443 1893 posse
3480 1819 3679 1897 recipi,
3702 1823 3743 1882 si

2232 1927 2463 1986 magna
2492 1916 2554 1970 et
2580 1907 2710 1970 fere
2742 1906 3053 1968 evidentia
3082 1906 3263 1985 signa
3305 1907 3528 1969 divinae
3546 1909 3741 1975 illumi-

2232 2002 2499 2064 nationis
2522 2003 2589 2062 in
2620 2001 2711 2062 eis
2746 2004 3105 2079 appareant,
3134 2006 3198 2059 et
3230 2003 3565 2079 proesertim
3592 2005 3633 2064 si
3657 2008 3744 2068 ali·

2232 2115 2355 2176 qua
2383 2095 2619 2156 utilitas
2646 2092 2924 2154 fidelium
2952 2110 3031 2154 ex
3058 2109 3277 2154 eorum
3313 2093 3443 2156 vita
3478 2106 3740 2176 speretur,

2232 2196 2305 2249 nt
2329 2188 2481 2250 dixit
2510 2185 2853 2248 Concilium
2881 2186 3211 2262 Biterren.,
3246 2186 3417 2265 quod
3448 2189 3639 2252 Penne
3672 2211 3747 2255 re-

2234 2281 2375 2344 fert.
2404 2282 2472 2342 ln
2502 2281 2685 2342 tertio
2718 2279 2917 2358 gradu
2945 2279 3135 2338 statui
3158 2287 3421 2358 possunt
3444 2285 3545 2360 qni
3582 2285 3747 2361 priva.

2235 2375 2349 2436 tim
2396 2391 2595 2434 unum
2642 2370 2741 2433 vel
2798 2371 2996 2432 alium
3046 2371 3411 2450 decipiuut;
3441 2379 3503 2434 et
3552 2374 3613 2435 hi
3646 2395 3745 2442 non

2236 2464 2847 2545 comprehenduntur
2883 2463 2999 2525 sub
3031 2463 3272 2542 regula,
3306 2465 3502 2526 sedin
3528 2466 3609 2528 eis
3646 2488 3747 2532 ser-

2236 2559 2443 2620 vanda
2474 2565 2567 2619 est
2592 2560 2797 2638 prima
2818 2557 3052 2638 opinio.
3082 2559 3231 2636 quia
3256 2558 3507 2638 proprie
3532 2560 3745 2641 dogma-

2234 2651 2493 2712 tizantes
2518 2670 2645 2711 non
2686 2655 2857 2726 sunt,
2888 2655 2953 2712 et
2977 2649 3203 2730 aliquae
3244 2669 3325 2711 ex
3352 2651 3529 2713 dictis
3550 2653 3747 2732 legibus

2237 2744 2518 2806 civilibus
2562 2744 2651 2804 ita
2692 2749 2838 2804 sunt
2885 2743 3308 2820 moderandas,
3354 2751 3417 2806 et
3456 2745 3569 2808 hoc
3594 2750 3745 2810 etiam

2236 2854 2383 2899 usus
2407 2837 2711 2898 observat.

2319 2933 2417 2992 12.
2468 2929 2649 2993 Circa
2688 2927 3021 3012 predictas
3058 2931 3425 2994 anmwnu
3472 2934 3750 3000 observatio

2230 3024 2459 3106 prima.
2488 3057 2573 3070 --
2612 3021 2961 3086 observatio
3012 3025 3293 3086 secunda.
3320 3057 3408 3072 -·
3463 3026 3670 3090 Tertia.
3688 3061 3752 3076 —
3831 3073 3832 3090 1

2234 3119 2510 3180 Tandem
2558 3119 2722 3178 circa
2748 3117 2863 3178 hos
2900 3135 3077 3178 casus
3114 3117 3179 3178 in
3231 3117 3335 3179 his
3360 3121 3751 3184 assertionibus

2236 3211 2603 3292 propositos,
2629 3212 2695 3270 in
2726 3209 2949 3290 quibus
2996 3229 3279 3290 personoe
3324 3211 3614 3276 haereticoe
3654 3221 3753 3275 tra-

2236 3305 2474 3365 duntur
2499 3303 2751 3364 brachio
2768 3303 3071 3378 saeculari,
3094 3304 3217 3366 tria
3234 3304 3511 3367 breviter
3526 3308 3751 3370 notanda

2237 3403 2404 3459 sunt.
2434 3397 2709 3459 Primum
2738 3403 2852 3464 est,
2882 3397 3001 3457 hoc
3030 3403 3161 3458 tam
3190 3399 3260 3459 in
3303 3402 3575 3478 personis
3596 3401 3753 3462 eccle·

2236 3490 2571 3552 siasticisin
2594 3489 2783 3550 sacris
2809 3490 3132 3565 ordinatis,
3148 3491 3339 3552 etiam
3360 3493 3747 3570 sacerdotibus,

2239 3602 2425 3664 quam
2454 3584 2518 3644 in
2550 3583 2719 3644 laicis
2742 3583 2998 3646 servari.
3030 3584 3245 3645 Solum
3278 3585 3747 3664 advertentium,

2240 3677 2583 3740 sacerdotes
2616 3678 2787 3758 prius
2822 3695 2955 3739 esse
2974 3678 3435 3756 degradandos,
3482 3697 3603 3758 cap.
3642 3677 3752 3740 Ex·

2239 3772 2767 3846 communicamus,
2800 3775 2862 3845 2,
2894 3770 2973 3831 de
3016 3771 3337 3845 naeu-etio„
3368 3789 3497 3852 cap.
3536 3771 3627 3834 Aa
3654 3771 3753 3848 sal-

2238 3865 2569 3938 amim-um,
2600 3863 2676 3924 de
2729 3865 2985 3924 Crimin.
3036 3863 3201 3932 falsi,
3238 3871 3431 3943 prout
3452 3864 3750 3924 declaratur

2240 3963 2303 4016 et
2326 3957 2677 4018 extenditur
2710 3959 2779 4016 in
2814 3974 2949 4037 cap.
2998 3956 3327 4032 Novimus,
3360 3957 3439 4018 de
3474 3957 3639 4017 Verb.
3684 3955 3749 4014 si·-

2240 4050 2516 4127 gnificat.
2548 4050 2632 4110 De
2651 4068 2772 4128 qua
2797 4049 3263 4128 degradatione,
3297 4057 3361 4110 et
3380 4051 3503 4110 ritu
3524 4050 3655 4128 eJus,
3676 4047 3747 4106 vi-

2238 4143 2372 4204 deri
2400 4147 2659 4222 possunt
2702 4143 2869 4204 dicta
2910 4143 2979 4203 in
3028 4149 3198 4204 tomo
3238 4143 3487 4222 quinto,
3521 4143 3743 4219 disputa-

2238 4239 2408 4296 tione
2432 4238 2531 4298 30.
2566 4235 2918 4298 Secundum
2948 4241 3063 4312 est,
3086 4236 3335 4315 judices
3364 4234 3745 4296 ecclesiasticos

2240 4347 2369 4388 non
2406 4329 2721 4390 incurrere
2748 4328 3279 4408 irregularitatem
3330 4327 3611 4390 tradendo
3644 4325 3745 4385 12ae-

2238 4421 2465 4482 reticos
2492 4421 2745 4482 brachio
2782 4421 3087 4496 saeculari,
3126 4421 3273 4500 quia
3334 4421 3447 4501 ipsi
3482 4438 3597 4481 non
3634 4435 3743 4478 con-

2236 4514 2539 4574 demnant
2580 4514 2659 4574 ad
2698 4521 2989 4588 mortem,
3028 4531 3144 4574 nec
3170 4519 3559 4594 exequuntur
3578 4511 3741 4580 illam3

2236 4613 2299 4668 et
2326 4607 2467 4667 ideo
2494 4607 2561 4667 in
2589 4607 2753 4668 dicto
2792 4625 2926 4685 cap.
2982 4606 3311 4678 Novimus,
3358 4609 3663 4667 monentur
3688 4605 3745 4660 ut

2236 4707 2451 4780 petant
2474 4717 2513 4759 a
2540 4701 2853 4780 judicibus
2898 4701 3088 4775 isicia,
3108 4707 3179 4759 ut
3200 4700 3469 4778 benigne
3498 4715 3627 4758 cum
3648 4695 3743 4754 reis

2236 4811 2299 4856 se
2328 4801 2573 4872 gerant,
2596 4803 2898 4873 quantum
2917 4793 3159 4872 justitia
3176 4794 3535 4873 permiserit.
3560 4793 3631 4849 De
3645 4803 3743 4867 qua

2234 4889 2545 4962 cautione,
2576 4896 2639 4948 et
2669 4887 2981 4966 quomodo
3014 4887 3153 4946 talis
3176 4885 3586 4964 irregularitas
3621 4884 3745 4941 vite-

2236 4987 2363 5050 tur,
2398 4979 2528 5040 dixi
2556 4979 2680 5042 late
2708 4981 2776 5040 in
2804 4980 3023 5040 eodem
3062 4986 3212 5040 tom.
3240 4981 3303 5054 ὅ,
3324 4979 3481 5058 disp.
3504 4979 3597 5050 67,
3622 4977 3741 5034 sect.

2236 5078 2297 5147 1,
2342 5073 2503 5133 circa
2556 5071 2774 5133 finem.
2808 5073 3089 5133 Tertium
3140 5079 3263 5146 est,
3322 5071 3397 5132 de
3438 5067 3663 5145 relapsis
3692 5069 3745 5125 et
3831 5081 3832 5086 ¹

2233 5165 2822 5245 dogmatizantibus»,
2840 5165 2893 5224 si
2920 5183 3072 5226 vere
3095 5165 3457 5244 poenitentes
3484 5163 3619 5235 sint,
3638 5176 3746 5218 non

2232 5277 2361 5321 esse
2394 5257 2759 5336 deneganda
2784 5263 2933 5318 aute
2954 5264 3221 5318 mortem
3248 5259 3610 5318 sacramenta
3634 5252 3744 5312 1³oe-

2232 5351 2535 5426 nitentioe‚
2584 5365 2649 5411 et
2688 5349 3111 5426 Eucharistiae,
3136 5355 3436 5430 quantum
3460 5343 3743 5408 commode

2233 5444 2368 5506 fieri
2396 5444 2590 5524 possit
2606 5465 2625 5518 ;
2644 5444 2737 5504 ita
2762 5444 2933 5504 enim
2954 5449 3207 5504 cavemr
3226 5443 3293 5504 in
3312 5459 3444 5522 cap.
3464 5439 3649 5518 Super
3668 5452 3739 5508 oo,

2230 5537 2311 5598 de
2348 5537 2657 5612 Haeretic.‚
2692 5535 2759 5596 in
2796 5537 2839 5595 6
2852 5556 2875 5611 3
2930 5553 3081 5598 nam
3126 5535 3271 5596 lieet
3310 5533 3391 5594 de
3432 5527 3739 5610 relapsisin
