3900 6217
530 395 646 456 740

1569 405 1808 459 msrur.
1842 373 1973 460 xm.
2008 406 2089 460 m·
2123 407 2354 461 utrm
2385 411 2465 463 m:
2497 409 2710 462 nmo.

528 503 783 563 fortasse
812 507 926 576 est,
945 501 1194 580 quando
1209 501 1442 563 bellum
1457 511 1548 565 est
1567 506 1870 568 indictum
1888 513 2100 568 contra
2181 525 2336 569 mos.
2360 509 2449 570 Ita
2474 508 2863 570 innocentius
2886 509 2987 584 ΙΙΙ,
3012 527 3147 589 cap.
3172 509 3301 571 Per
3320 505 3753 582 venerabilem,

527 614 655 656 nou
687 594 963 655 subditos
987 595 1103 673 ipsi
1126 596 1258 673 regi
1290 617 1305 655 t
1334 597 1383 657 si
1407 615 1678 677 namque
1707 606 1861 660 esset
1884 612 2099 660 contra
2179 601 2295 676 Qui
2321 602 2433 664 filii
2462 605 2585 663 sint
2613 601 2893 682 legitimi.
2937 603 3115 664 Multi
3148 603 3337 662 etiam
3365 601 3563 661 ducae
3594 598 3721 660 han

531 689 877 749 membrum
942 688 1110 748 aliud
1166 689 1443 767 ejusdem
1500 692 1678 770 regni
1705 738 1723 768 ,
1779 693 2097 754 videretur
2176 697 2503 758 vendicant
2543 713 2893 774 supremam
2944 701 3330 776 potestatem.
3378 693 3595 765 Quare
3642 691 3751 750 fal·

527 799 673 842 saue
693 779 832 840 talis
854 781 1228 841 consuetudo
1248 790 1462 842 contra
1477 783 1681 861 legem
1707 785 2049 846 naturalem
2072 805 2087 860 ;

2173 787 2390 849 luntur
2414 790 2879 850 Canonistarum
2904 787 3187 849 nonnulli
3210 787 3518 861 dicentes,
3548 786 3753 846 solum

525 891 672 935 nam
713 874 962 952 quando
1003 880 1095 932 est
1123 871 1395 934 tribunal
1437 883 1499 936 et
1526 884 1790 955 potestas
1817 880 2096 958 superior
2172 881 2499 962 imperium
2547 899 2677 943 esse
2714 881 2831 942 hoc
2868 881 3051 942 modo
3095 898 3489 962 supremum.
3536 880 3757 958 ltaque

528 968 769 1044 utrique
798 967 983 1045 parti,
1007 974 1218 1026 contra
1239 967 1342 1045 jus
1370 973 1608 1029 naturae
1637 976 1727 1030 est
1747 972 1921 1048 quasi
1950 990 2095 1032 auc-
2172 975 2287 1036 hoc
2304 974 2527 1054 pendet
2541 994 2617 1036 ex
2636 975 2818 1036 modo
2827 974 3273 1055 jurisdictionis
3292 976 3759 1053 cujuscumque

527 1059 774 1119 toritate
797 1059 1044 1138 propria
1065 1075 1175 1136 per
1202 1061 1327 1118 vim
1354 1059 1452 1138 jus
1475 1078 1655 1121 suum
1681 1069 1911 1142 petere.
1937 1064 2091 1124 ltem

522 1153 591 1212 in
621 1153 876 1230 privatis
903 1151 1178 1230 personis
1206 1151 1319 1212 hoc
1351 1155 1484 1214 sine
1521 1153 1711 1215 dubio
1749 1161 1963 1217 contra
1987 1159 2088 1235 jus

523 1252 762 1306 naturas
790 1245 1057 1304 militat:
1085 1251 1149 1304 at
1175 1263 1324 1305 vero
1349 1253 1498 1306 tunc
1523 1247 1628 1308 illa
1651 1249 1777 1309 duo
1807 1250 2088 1311 membra

521 1339 800 1422 ejusdem
829 1338 1205 1419 reipublic-ai,
1232 1341 1516 1419 quamvis
1547 1343 1672 1402 sint
1695 1343 2086 1423 principalio-

523 1453 614 1510 ra,
663 1441 939 1493 attamen
980 1432 1213 1493 habent
1256 1451 1334 1510 se,
1366 1441 1437 1494 ut
1476 1436 1730 1514 privatae
1784 1454 2079 1515 personae.

519 1527 800 1589 Secundo
841 1525 1068 1586 limitat
1103 1525 1374 1587 Victoria
1421 1527 1704 1588 eamdem
1742 1529 2084 1590 conclusio-

519 1637 685 1694 nem,
713 1619 831 1679 nisi
861 1637 968 1679 rex
991 1636 1312 1697 supremus
1337 1620 1414 1680 sit
1433 1619 1755 1699 negligens
1783 1621 1847 1680 iu
1879 1621 2084 1681 vindi-

517 1714 710 1776 canda
753 1713 1007 1790 injuria,
1038 1730 1186 1772 nam
1215 1719 1364 1774 tunc
1402 1721 1607 1793 posset
1632 1713 1884 1776 inferior
1912 1717 2082 1794 prin-

517 1825 655 1886 ceps
703 1824 765 1867 se
811 1805 1148 1866 vindicare.
1197 1805 1369 1879 Quod
1418 1813 1630 1866 tamen
1673 1824 1797 1867 non
1849 1807 2077 1885 placet,

515 1900 821 1980 praecipue
848 1903 1014 1958 inter
1053 1899 1334 1959 membra
1363 1899 1638 1976 ejusdem
1681 1899 2075 1979 reipublicae:

513 2011 660 2054 nam
707 1993 949 2071 privata
989 2009 1271 2070 persona,
1304 1992 1553 2070 quaudo
1593 2010 1719 2053 non
1749 1999 1949 2072 potest
1974 1994 2079 2071 jus

513 2103 692 2146 suum
725 2084 1002 2144 obtinere
1023 2083 1271 2162 publico
1295 2084 1550 2162 judici0,
1574 2085 1718 2146 licet
1755 2086 1990 2148 occulte
2017 2093 2080 2148 et

511 2179 644 2239 sine
686 2175 974 2238 scandalo
1019 2177 1209 2254 possit
1247 2195 1378 2237 sese
1416 2178 1772 2239 indemnem
1804 2195 2071 2250 servare,

512 2290 637 2333 non
661 2277 870 2331 tamen
895 2287 1008 2349 per
1031 2271 1158 2328 vim
1185 2277 1246 2330 et
1273 2267 1528 2340 bellum,
1555 2277 1616 2331 et
1643 2271 1844 2332 multo
1869 2275 2075 2335 minus

511 2365 827 2426 vindicare
865 2381 927 2423 se
955 2369 1177 2442 potest,
1217 2365 1606 2444 quandoper
1639 2365 1912 2443 judicem
1947 2383 2073 2427 non

511 2464 732 2540 potest.
797 2459 949 2519 Nam
1011 2459 1345 2518 vindicatio
1404 2459 1673 2538 propria,
1714 2461 2076 2520 auctoritate

512 2553 776 2632 privata.
819 2551 1148 2611 intrinsece
1177 2550 1344 2610 mala
1378 2557 1495 2626 est,
1537 2558 1720 2629 atque
1761 2569 1834 2612 eo
1875 2552 2074 2614 colore

507 2645 684 2708 facile
716 2648 1130 2706 excitarentur
1160 2645 1465 2706 tumultus
1511 2654 1572 2705 et
1598 2643 1761 2706 bella
1788 2647 1852 2706 in
1895 2665 2075 2726 repu-

510 2741 669 2801 blica
687 2753 709 2816 3
745 2741 849 2798 scd
875 2741 976 2817 jus
1004 2738 1315 2813 vindictae,
1361 2737 1525 2816 quod
1554 2736 1741 2798 habet
1783 2757 1923 2818 pars
1951 2739 2072 2800 rei-

507 2833 794 2911 publicae,
825 2832 919 2892 vel
964 2833 1202 2910 privata
1243 2849 1527 2910 persona,
1561 2837 1806 2891 tautum
1836 2839 1928 2892 est
1951 2833 2073 2892 im-

507 2925 876 3004 perfectum,
903 2932 965 2985 et
991 2927 1056 2984 in
1100 2924 1206 2984 illo
1252 2923 1484 2983 habent
1519 2923 1654 2984 haec
1679 2923 2071 2986 incommoda

505 3018 805 3095 majorem
835 3017 1072 3094 locum3
1101 3034 1250 3095 ergo
1285 3034 1411 3077 non
1439 3023 1530 3076 est
1557 3015 1647 3076 illi
1686 3017 1890 3077 danda
1933 3015 2070 3078 haec

503 3111 776 3186 licentia,
817 3110 936 3171 nisi
967 3111 1166 3171 solum
1206 3113 1374 3171 intra
1403 3109 1632 3171 limites
1654 3105 1842 3189 justae‘
1859 3110 2070 3172 defen-

502 3204 714 3262 sioniS.

586 3297 642 3355 3.
691 3293 913 3358 Pruna
959 3295 1210 3360 notatio.
1241 3327 1323 3341 -
1357 3295 1639 3358 Secunda
1700 3296 1950 3359 notatio.
1988 3329 2071 3344 -

506 3390 716 3452 Tertia
744 3389 991 3452 notatio.
1024 3423 1108 3436 —
1137 3390 1257 3451 Sed
1298 3409 1446 3451 vero
1486 3389 1836 3450 addendum
1866 3391 2069 3469 primo

503 3483 779 3543 sufficere
804 3484 1114 3543 interdum
1141 3485 1211 3543 in
1238 3482 1336 3543 his
1359 3483 1742 3543 voluntatem
1770 3483 2072 3560 interpre-

503 3577 763 3636 tativam
813 3577 1130 3655 principis,
1186 3577 1434 3655 quando
1484 3575 1801 3654 negotium
1851 3576 2065 3649 instat,

501 3689 704 3748 neque
729 3671 936 3730 statim
959 3676 1156 3750 potest
1179 3671 1313 3730 lieri
1334 3687 1639 3745 recursus,
1663 3687 1736 3730 ac
1758 3670 2070 3748 praecipue

503 3761 553 3820 si
569 3761 800 3822 bellum
819 3763 1187 3842 suscipiatur
1199 3768 1413 3822 contra
1430 3760 1688 3835 alienos,
1711 3767 1773 3822 et
1795 3761 2067 3822 maxime

500 3855 554 3915 si
602 3854 754 3915 alias
781 3855 904 3916 sint
952 3855 1244 3916 declarati
1292 3854 1496 3915 hostes
1527 3853 1839 3933 principis.
1892 3853 2069 3913 Addo

502 3949 793 4022 secundo,
837 3949 888 4008 si
931 3947 1243 4008 interdum
1282 3947 1637 4025 hujusmodi
1680 3946 1923 4007 inimici
1972 3963 2070 4006 ca-

501 4041 751 4120 piantur
775 4043 940 4102 intra
967 4041 1264 4102 terminos
1288 4041 1548 4119 alicujus
1571 4039 1928 4120 reipublicae
1950 4041 2067 4100 im·

499 4132 814 4212 perfectae,
853 4151 981 4194 non
1027 4133 1224 4192 solum
1277 4141 1425 4193 tunc
1467 4133 1647 4192 licere
1685 4136 1899 4192 contra
1925 4129 2066 4190 illos

494 4227 726 4303 justam
753 4226 1197 4302 defensionem,
1229 4225 1334 4286 sed
1363 4225 1550 4285 etiam
1579 4224 2089 4304 aggressionem,

500 4319 838 4379 vindictam
859 4326 920 4380 et
937 4319 1351 4398 punitionem,
1370 4318 1516 4398 quia
1530 4319 1768 4378 ratione
1787 4317 2090 4412 criminis·

500 4412 808 4472 commissi
837 4413 902 4472 in
931 4412 1178 4491 proprio
1209 4412 1519 4473 territorio
1546 4410 1895 4472 efficiuntur
1921 4409 2064 4470 sub·

499 4505 635 4565 diti.
675 4505 950 4566 Tandem
990 4503 1345 4564 addendum
1389 4509 1481 4564 est
1515 4503 1696 4583 plura
1733 4502 1915 4563 licere
1951 4503 2065 4562 uni

499 4597 732 4657 civitati
766 4597 867 4658 vel
898 4596 986 4656 rei
994 4596 1250 4676 publicas
1287 4597 1355 4656 in
1391 4596 1607 4656 ordine
1641 4594 1718 4654 ad
1745 4595 2063 4676 propriam

497 4689 920 4751 defensionem
945 4733 962 4762 ,
1027 4706 1216 4768 quam
1267 4689 1375 4749 uni
1425 4689 1682 4768 privatae.
1750 4704 2059 4766 personae,

498 4784 646 4862 quia
665 4781 896 4842 bonum
919 4781 1069 4841 illud
1091 4787 1180 4842 est
1199 4799 1530 4842 commune
1555 4785 1616 4841 et
1638 4780 2059 4854 excellentiuS‚

498 4883 558 4936 et
579 4881 846 4954 potestas
877 4877 1064 4935 etiam
1095 4877 1230 4952 ejus
1255 4880 1346 4936 est
1374 4891 1485 4934 suo
1515 4873 1698 4933 modo
1729 4871 1974 4951 publiea
1998 4879 2062 4932 et

495 4967 876 5044 communis3
915 4983 1042 5026 non
1081 4968 1309 5026 mirum
1359 4983 1507 5044 ergo
1557 4965 1610 5025 si
1659 4964 1836 5044 plura
1879 4965 1938 5024 ei
1986 4964 2059 5025 li·

494 5066 695 5121 ceant.

573 5153 634 5212 4.
687 5151 1143 5226 Quoestiuncula
1185 5151 1254 5213 in
1303 5151 1572 5233 qratiam
1600 5152 1826 5232 primoe
1868 5155 1950 5244 eit⁸
1975 5167 2059 5212 se-

497 5249 708 5309 cundoe
737 5245 1154 5308 conclusionis.
1171 5277 1253 5291 —
1270 5243 1587 5324 Supremoe
1607 5243 2057 5318 jurisdictionis

495 5341 758 5418 siquam.
784 5373 858 5382 —
875 5339 1117 5411 Quaeres
1141 5355 1275 5416 quae
1296 5339 1375 5396 sit
1394 5335 1736 5416 respublica
1757 5335 2051 5415 perfecta,

487 5432 700 5509 quisve
753 5433 832 5492 sit
887 5448 1213 5510 supremus
1270 5429 1571 5508 princeps
1628 5429 2055 5508 Respondetur

489 5523 760 5602 primum
787 5541 1000 5586 omnes
1029 5541 1208 5602 reges
1232 5523 1350 5586 hac
1383 5525 1450 5583 in
1477 5527 1654 5604 parte
1681 5539 1813 5586 esse
1840 5540 2054 5603 supre-

2172 1068 2466 1147 principis
2504 1074 2612 1128 aut
2646 1065 3019 1145 reipublicae,
3054 1075 3116 1128 et
3145 1069 3398 1146 signum
3432 1081 3759 1144 supremae

2160 1159 2607 1238 jurisdictionis
2635 1166 2743 1235 est,
2777 1160 3025 1238 quando
3065 1159 3232 1238 apud
3269 1157 3465 1219 talem
3511 1156 3760 1238 princi-

2168 1269 2331 1332 pem,
2356 1271 2485 1313 rem
2496 1251 2899 1332 publicamve,
2934 1258 3025 1312 est
3050 1252 3348 1327 tribuual,
3368 1253 3438 1312 in
3466 1269 3607 1330 quo
3638 1258 3761 1310 ter·

2168 1347 2487 1405 minantur
2524 1362 2738 1405 omnes
2775 1365 2968 1406 causa}
2992 1346 3157 1406 illius
3182 1344 3615 1426 principatus,
3652 1361 3761 1402 ne·

2166 1455 2285 1518 que
2339 1438 2682 1517 appellatur
2733 1438 2811 1498 ad
2862 1439 3029 1500 aliud
3090 1438 3368 1499 tribunal
3420 1435 3755 1516 superius,

2166 1529 2424 1602 Quando
2445 1547 2591 1592 vero
2610 1531 2779 1591 locus
2800 1539 2891 1592 est
2914 1530 3341 1612 appellationi,
3362 1537 3461 1590 est
3484 1530 3757 1608 sig-num

2164 1622 2505 1701 imperfecti
2550 1624 2948 1702 principatus,
2996 1642 3138 1685 cum
3178 1621 3525 1704 appellatio
3574 1630 3757 1681 actus

2160 1715 2239 1777 sit
2278 1717 2587 1778 interioris
2622 1717 2700 1777 ad
2740 1719 3139 1796 superiorem.
3186 1718 3363 1778 Unde
3402 1717 3757 1777 adverten-

2160 1809 2311 1870 dum
2338 1815 2430 1870 est
2456 1809 2677 1888 primo,
2710 1827 2836 1870 non
2867 1829 3082 1871 omnes
3110 1808 3493 1889 respublicas
3532 1807 3753 1870 subdi-

2158 1907 2251 1962 tas
2273 1901 2473 1962 eidem
2499 1903 2655 1980 regi,
2682 1920 2810 1964 esse
2838 1903 3230 1984 imperfectas
3263 1903 3633 1963 secundum
3660 1921 3749 1976 se,

2157 2011 2303 2054 nam
2360 1993 2662 2073 contingit
2712 1994 2881 2056 illam
2939 1996 3449 2074 conjunctionem
3500 1995 3751 2054 factam

2158 2103 2285 2146 esse
2328 2104 2438 2165 per
2475 2089 2777 2163 accidenS,
2814 2089 2980 2168 quod
3020 2088 3252 2149 indicat
3282 2087 3636 2148 diversitas
3666 2087 3751 2146 le-

2157 2197 2304 2258 gum
2334 2185 2395 2240 et
2419 2180 2809 2256 tributorum,
2836 2189 2949 2244 etc.
2978 2183 3053 2242 Et
3076 2181 3359 2262 quamvis
3386 2181 3537 2242 hoec
3568 2181 3751 2240 diffe-

2156 2274 2357 2333 rentia
2388 2291 2515 2334 non
2556 2273 2819 2334 multum
2864 2275 3090 2336 referat
3126 2273 3206 2336 ad
3246 2279 3633 2353 potestatem
3672 2273 3749 2334 de

2156 2383 2279 2445 qua
2308 2367 2490 2428 modo
2519 2368 2784 2445 agimus,
2810 2385 2946 2446 quae
2969 2369 3098 2446 jam
3129 2374 3220 2428 est
3244 2369 3307 2427 in
3332 2385 3517 2446 rege,
3548 2365 3747 2428 refert

2159 2464 2366 2519 tamen
2400 2460 2664 2520 multum
2690 2461 2769 2520 ad
2791 2467 3182 2540 potestatem,
3202 2477 3395 2538 quarn
3426 2459 3585 2519 talis
3614 2477 3747 2519 res-

2155 2551 2400 2630 publica
2430 2558 2624 2632 potest
2662 2551 2886 2614 habere
2926 2560 3138 2614 contra
3176 2569 3356 2612 suum
3394 2570 3658 2630 reg-cm,
3692 2555 3745 2614 si

2155 2644 2221 2703 iu
2260 2643 2653 2722 tyrannidem
2689 2644 2970 2706 declinet.
3018 2645 3173 2706 Nam
3200 2650 3253 2705 si
3286 2653 3381 2705 est
3418 2645 3737 2724 perfecta,

2151 2735 2338 2796 babet
2368 2741 2730 2814 potestatem
2760 2743 2975 2798 contra
3002 2755 3182 2798 suum
3206 2755 3452 2816 regem,
3482 2739 3743 2798 etiarnsi

2150 2829 2169 2887 i
2176 2845 2279 2907 pse
2298 2829 2524 2889 habeat
2545 2829 2667 2889 alia
2689 2845 2915 2908 regna3
2938 2825 3109 2891 secus
3136 2849 3281 2891 vero
3308 2831 3361 2890 si
3388 2833 3476 2890 sit
3501 2831 3743 2909 imper-

2149 2920 2330 2997 fecta,
2375 2929 2437 2982 et
2466 2941 2605 3002 pars
2633 2923 2908 3001 ejusdem
2954 2924 3154 3001 regni,
3184 2940 3333 2983 nam
3366 2937 3530 2982 tunc
3574 2921 3743 2982 nihil

2150 3023 2347 3093 potest
2373 3015 2507 3078 sine
2532 3033 2829 3076 consensu
2860 3018 3088 3093 totins3
3120 3035 3256 3095 quae
3299 3015 3555 3090 omnia,
3590 3033 3737 3075 cum

2149 3107 2216 3166 in
2254 3107 2391 3186 lege
2422 3107 2691 3169 naturali
2717 3107 2975 3168 fundata
3002 3110 3149 3183 sint,
3178 3109 3553 3170 communia
3591 3115 3742 3168 sunt

2149 3203 2509 3265 Christianis
2534 3209 2596 3264 et
2625 3201 2997 3263 infidelibus.

2230 3299 2289 3358 5.
2346 3297 2431 3362 Ut
2454 3295 2781 3360 christiani
2798 3293 3105 3378 principes
3126 3297 3473 3360 subdantur
3498 3295 3737 3379 Papoe.

2146 3422 2228 3437 —
2252 3389 2367 3451 Sed
2396 3406 2509 3470 pro
2536 3387 2883 3449 christianis
2915 3389 3299 3468 principibus
3322 3399 3417 3451 est
3448 3393 3737 3454 secundo

2149 3483 2489 3543 notandum
2520 3527 2539 3557 ,
2582 3483 2905 3543 Summum
2956 3479 3315 3543 Pontificem
3343 3529 3365 3560 ,
3422 3487 3735 3564 quamvis

2149 3593 2276 3636 non
2312 3574 2536 3635 habeat
2576 3573 2873 3635 directam
2905 3581 3269 3653 potestatem
3300 3577 3367 3636 in
3398 3584 3737 3657 tempora-

2147 3666 2308 3727 libus
2358 3673 2530 3727 extra
2578 3685 2757 3728 suum
2792 3667 3177 3743 dominium,
3212 3667 3447 3729 habere
3504 3677 3733 3729 tamen

2149 3759 2534 3833 indirectam,
2579 3779 2654 3820 cx
2686 3779 2738 3820 c.
2786 3759 3209 3834 Vama-abilam,
3250 3761 3327 3821 de
3369 3761 3725 3836 Electione‚

2148 3859 2211 3912 et
2250 3853 2432 3931 capit.
2484 3851 2697 3928 Novit,
2724 3853 2800 3913 de
2839 3851 3120 3914 Judieiis.
3176 3853 3303 3914 Hoc
3328 3871 3485 3932 ergo
3534 3855 3731 3914 titulo

2150 3945 2333 4006 habet
2369 3947 2470 4025 jus
2506 3945 2803 4007 avocandi
2842 3946 2960 4007 sibi
2996 3965 3245 4007 causam
3285 3947 3461 4023 belli,
3501 3953 3569 4007 et
3614 3966 3731 4027 po-

2146 4043 2429 4098 testatem
2454 4037 2692 4100 ferendi
2713 4038 3105 4114 sententiam,
3128 4039 3228 4100 cui
3256 4045 3467 4118 partes
3496 4045 3731 4101 tenen-

2144 4137 2246 4191 tur
2281 4131 2525 4192 obedire
2555 4177 2575 4207 ,
2622 4131 2743 4191 nisi
2784 4130 3173 4192 manifestam
3216 4131 3407 4193 faciat
3458 4133 3730 4210 injusti-

2144 4225 2295 4286 tiam
2325 4248 2344 4300 ;
2396 4243 2544 4285 nam
2588 4224 2652 4284 id
2700 4230 2861 4286 certe
2896 4225 3307 4286 necessarium
3338 4230 3437 4287 est
3480 4225 3563 4286 ad
3610 4225 3727 4286 bo-

2146 4335 2297 4378 num
2330 4316 2644 4397 spirituale
2680 4317 2984 4392 Ecclesiae,
3013 4323 3075 4377 et
3115 4318 3194 4378 ad
3222 4315 3479 4378 infinita
3518 4337 3725 4398 prope

2145 4411 2311 4471 mala
2356 4405 2727 4483 devitanda3
2776 4415 3149 4488 quapropter
3174 4409 3353 4484 Soto,
3386 4407 3471 4470 ad
3528 4409 3720 4472 Rom.

2148 4503 2246 4577 12,
2277 4501 2431 4563 dixit
2456 4519 2599 4562 raro
2638 4501 2805 4560 inter
2828 4502 3141 4580 principes
3168 4499 3549 4563 christianos
3584 4521 3727 4565 esse

2144 4595 2373 4655 bellum
2383 4596 2646 4672 justum,
2670 4593 2817 4672 quia
2840 4591 3027 4654 aliam
3042 4595 3205 4654 viam
3224 4593 3593 4674 expeditam
3608 4595 3725 4656 ha-

2143 4689 2287 4749 bere
2326 4694 2575 4768 possunt
2600 4685 2679 4748 ad
2719 4687 3139 4749 terminandas
3174 4707 3390 4750 causas
3416 4707 3721 4753 commu-

2140 4798 2267 4842 nes.
2315 4779 2435 4841 Sed
2461 4779 2865 4840 nihilominus
2897 4779 3211 4840 interdum
3257 4779 3553 4844 Pontifex
3582 4803 3721 4845 non

2139 4874 2475 4952 interponit
2502 4871 2957 4947 auctoritatem,
2979 4892 3059 4934 ne
3084 4872 3344 4936 fortasse
3358 4885 3721 4956 sequantur

2139 4967 2377 5045 majora
2433 4964 2635 5038 mala3
2688 4972 2835 5026 tunc
2881 4983 3024 5025 vero
3058 4965 3367 5046 principes
3424 4972 3721 5048 supremi

2139 5078 2265 5121 non
2296 5064 2589 5120 tenentur
2614 5056 2966 5118 facultatem
2986 5075 3025 5117 a
3050 5057 3345 5119 Pontifice
3370 5068 3717 5140 extorque-

2138 5171 2227 5225 re,
2259 5151 2363 5212 sed
2391 5151 2663 5231 quandiu
2707 5167 2831 5210 non
2860 5149 3284 5229 probibentur,
3314 5160 3591 5231 possunt
3612 5155 3717 5233 jus

2139 5261 2317 5304 suum
2358 5243 2675 5323 prosequi3
2698 5247 2936 5321 oportet
2958 5249 3167 5303 tamen
3194 5261 3439 5312 cavere.
3472 5263 3559 5307 ne
3590 5247 3715 5326 ipsi

2136 5337 2203 5397 in
2230 5353 2413 5396 causa
2436 5335 2559 5397 sint
2598 5341 2668 5395 ut
2692 5333 2969 5395 Pontifex
2996 5352 3125 5395 non
3152 5336 3385 5397 audeat
3411 5356 3481 5400 se
3506 5339 3713 5400 inter-

2133 5446 2401 5508 ponere;
2449 5445 2595 5488 nam
2645 5435 2792 5487 tunc
2835 5442 2963 5487 non
3004 5428 3475 5494 excusabuntur
3502 5451 3545 5492 a
3574 5431 3713 5492 cul-

2133 5539 2233 5603 pa.
2269 5522 2459 5602 (Vide
2485 5524 2553 5584 in
2582 5520 2941 5584 Defensione
2969 5519 3140 5601 fidei,
3170 5521 3281 5584 lib.
3320 5526 3387 5600 3,
3419 5543 3475 5586 c.
3507 5527 3593 5586 22
3612 5528 3660 5604 ).
