3900 6217
760 402 933 457 m.
968 402 1031 455 V.
1064 400 1149 454 AN
1180 400 1263 453 m:
1292 396 1567 453 almona
1596 396 1805 453 Palu-2
1836 396 2164 451 mutnus
2195 397 2292 451 sn·
2323 396 2448 451 NON
2479 395 2688 460 POSSE,
2721 392 2856 447 me.

168 500 333 585 cipit
368 506 447 565 ut
481 500 595 565 fui
636 503 1001 565 maanus?
1054 507 1115 563 et
1163 500 1355 580 paulo
1400 504 1583 579 post:
1632 498 1757 574 Quo

170 597 481 670 admisso,
502 596 701 659 onds
728 595 965 661 manino
996 594 1329 674 disdplin
1349 594 1493 673 fidoi
1518 592 1759 656 mbae·-

170 690 367 753 titsr.
414 690 511 749 Ex
566 688 793 751 eodem
832 686 1139 767 principio
1180 684 1577 747 concluditur
1628 701 1759 745 nou

166 799 369 863 posse
408 782 819 844 mendacium
842 778 985 841 fieri
1026 779 1287 853 licitum,
1319 778 1508 840 etiam
1536 796 1615 839 ex
1640 776 1760 841 dis·

170 874 561 955 pensatione
590 873 827 946 divina,
858 872 1007 952 quia
1044 890 1175 933 non
1203 877 1413 951 potest
1456 872 1623 933 Deus
1664 871 1762 931 in·

174 969 527 1031 trimma
562 966 659 1031 rui
696 971 989 1029 naturam
1024 968 1294 1027 mutare.
1329 964 1509 1029 Unde
1526 1008 1541 1037 ‚
1579 962 1763 1042 quid·

176 1060 341 1143 quid
362 1059 469 1134 ait,
511 1078 599 1122 an
642 1059 838 1141 possit
880 1060 1049 1121 Deus
1090 1057 1339 1121 auferre
1384 1076 1565 1119 suam
1619 1074 1760 1136 pno-

170 1154 561 1217 bibitionem
594 1200 613 1227 ‚
672 1152 1081 1215 nibilominus
1104 1198 1119 1225 ,
1174 1152 1297 1213 hoc
1332 1151 1523 1213 etiam
1572 1150 1753 1223 dato,

166 1246 596 1309 mendacium
632 1248 935 1309 retineret
976 1246 1279 1308 malitiam
1320 1262 1515 1324 quam
1562 1262 1644 1305 ex
1685 1260 1755 1305 se

164 1340 397 1403 habet.
424 1342 509 1402 Bt
532 1342 605 1401 in
646 1342 769 1402 hoc
812 1358 1008 1401 sensu
1055 1338 1271 1401 dicunt
1291 1337 1621 1417 Theologi,
1650 1354 1753 1411 ea,

160 1452 317 1513 qua>
340 1438 505 1497 sunt
527 1433 867 1496 intrinsece
900 1432 1093 1505 mala,
1123 1450 1255 1493 uon
1298 1430 1581 1510 recipere
1630 1429 1757 1491 dis·

166 1526 629 1607 pensationem
656 1526 849 1588 etiam
890 1525 1187 1587 divinam.
1222 1525 1439 1604 Neque
1466 1521 1757 1602 exempla

178 1621 263 1683 de
308 1620 665 1683 bouiicidio
704 1620 807 1683 vel
843 1617 1015 1681 furto·
1056 1618 1441 1680 contrarium
1462 1614 1753 1691 suadent,

182 1713 329 1794 quia
372 1714 447 1775 iu
472 1713 603 1774 illis
648 1730 781 1774 non
828 1714 923 1773 est
966 1711 1131 1775 facta
1154 1708 1541 1789 dispensatio
1564 1708 1757 1771 inac-

182 1806 351 1869 tione
404 1825 529 1888 per
577 1824 649 1868 se
674 1806 867 1880 mala,
899 1805 1013 1867 sed
1042 1808 1137 1867 est
1174 1803 1339 1865 facta
1382 1803 1645 1865 mutatio
1690 1802 1753 1863 in

180 1900 455 1979 objecto,
494 1918 619 1981 per
652 1916 845 1978 quam
889 1898 985 1971 fit,
1022 1904 1097 1961 ut
1134 1898 1299 1958 aetio
1344 1914 1473 1959 non
1520 1895 1601 1957 sit
1648 1914 1757 1957 ea-

175 1992 348 2065 dem,
388 1998 471 2054 ut
500 1992 693 2054 latius
721 1992 1023 2071 probatur
1048 1992 1121 2051 in·
1140 1989 1405 2053 materia
1446 1989 1527 2051 de
1576 1989 1757 2071 Legi·-

176 2087 299 2147 bus
328 2092 349 2126 ¹
376 2106 397 2159 ;
428 2092 496 2148 et
514 2086 701 2166 juxta
726 2087 847 2147 hoc
876 2085 1069 2147 etiam
1106 2082 1585 2162 ’tutelli-gendum
1630 2082 1757 2145 dic-

178 2184 315 2239 tum
340 2196 489 2259 cap.
522 2176 887 2251 amus,
920 2194 1109 2255 supra
1122 2176 1379 2239 citatum
1388 2191 1559 2253 ;non
1588 2176 1757 2237 enim

178 2272 387 2351 potuit
416 2288 539 2351 per
554 2270 1005 2333 revelationem
1031 2269 1169 2331 fieri
1192 2276 1263 2331 ut
1278 2269 1495 2331 liceret
1518 2268 1553 2331 J
1556 2268 1755 2331 acobo

180 2364 437 2427 mentiri
460 2385 481 2437 ;
530 2364 739 2445 potuit
760 2370 977 2426 tamen
1003 2381 1119 2443 per
1146 2363 1593 2442 revelationem
1618 2362 1753 2425 fieri

185 2464 251 2518 ut
270 2457 657 2539 significatio
684 2458 1019 2519 verborum
1050 2457 1189 2536 eius
1222 2474 1351 2517 nou
1381 2462 1547 2517 esset
1566 2455 1750 2528 falsa,

200 2552 325 2631 quia
350 2569 473 2631 per
484 2550 941 2613 revelationem
956 2549 1339 2628 cognovitse
1362 2566 1501 2611 esse
1526 2548 1753 2627 primo-

191 2644 467 2723 genitum
486 2644 557 2705 in
582 2660 674 2719 re,
700 2646 767 2705 et
782 2642 1177 2705 ordinatione
1196 2642 1438 2715 divina;
1474 2642 1563 2705 sic
1602 2658 1753 2721 ergo

188 2756 297 2817 per
348 2737 805 2799 revelationem
848 2736 989 2799 fieri
1022 2735 1245 2816 potuit,
1280 2742 1351 2797 ut
1403 2734 1599 2797 verba
1642 2734 1751 2797 illa

190 2832 493 2895 baberent
536 2850 761 2893 verum
809 2848 1069 2894 sensum
1092 2876 1111 2904 ‚
1160 2838 1227 2903 et
1265 2830 1461 2893 menti
1506 2828 1743 2893 eonfor-

200 2942 391 2998 mem,
417 2940 603 3004 quem
628 2925 768 2986 sine
812 2924 1197 2987 revelatione
1223 2941 1355 2985 non
1394 2922 1741 2999 haberent3

208 3024 267 3079 et
284 3023 731 3097 cousequenter
746 3016 985 3079 factum
1010 3020 1109 3079 est
1134 3020 1203 3078 ut
1228 3032 1357 3079 non
1379 3022 1545 3079 esset
1564 3034 1747 3079 men-

202 3110 458 3184 dacium,
486 3109 657 3189 quod
686 3111 847 3173 alias
874 3117 1073 3185 esset;
1104 3126 1233 3171 non
1260 3115 1357 3171 est
1380 3115 1595 3171 tamen
1622 3108 1751 3171 fac-

192 3210 319 3265 tum
346 3208 437 3280 ut,
462 3208 765 3265 manente
792 3202 1145 3277 mendacio,
1179 3202 1245 3264 id
1284 3207 1400 3275 est,
1430 3201 1745 3263 locutione

188 3304 399 3359 contra
456 3302 737 3359 mentem
764 3342 781 3364 ,
826 3296 909 3359 ab
962 3314 1041 3358 eo
1094 3300 1421 3374 separetur
1469 3294 1740 3368 malitia3

188 3410 325 3452 cum
340 3408 499 3471 ergo
528 3392 699 3453 Deus
720 3390 965 3452 nullum
992 3390 1231 3451 malum
1250 3387 1449 3470 possit
1470 3388 1741 3468 operari,

188 3502 387 3563 nsque
432 3483 689 3545 mentiri
732 3483 863 3547 ullo
888 3482 1081 3545 modo
1108 3486 1335 3562 potest.

256 3580 319 3641 9.
382 3574 825 3641 comburatur
880 3578 1223 3657 paoem
1282 3576 1449 3640 ratio
1508 3573 1745 3656 mpliei

184 3670 391 3732 medio.
432 3700 521 3719 ·-—
554 3669 662 3733 Aa
707 3671 983 3751 primum
1033 3670 1493 3744 mdamnm
1540 3686 1743 3731 recun-

182 3763 269 3825 δι’
292 3764 617 3829 munna·
654 3764 725 3825 in
750 3780 997 3825 moro
1038 3763 1219 3826 tertio
1236 3762 1639 3845 propositus.
1661 3792 1745 3811 -·-

174 3854 469 3917 &cundo
508 3898 525 3930 ,
582 3854 1005 3935 principaliter
1044 3854 1347 3934 probatur
1392 3855 1525 3915 hoee
1577 3854 1742 3915 veri·-

170 3954 287 4020 tas,
334 3954 401 4009 et
444 3947 855 4011 confirmatur
898 3948 1059 4009 ratio
1088 3948 1291 4010 facta:
1322 3964 1473 4009 nam
1516 3946 1741 4009 etiam·-

168 4042 219 4101 εἰ
267 4058 389 4119 per
420 4040 810 4121 impossibile
858 4040 1142 4103 excusari
1193 4045 1409 4121 posset
1451 4040 1641 4103 homo
1693 4058 1732 4102 a

170 4132 407 4195 malitia
444 4132 787 4207 mendacii,
816 4139 1073 4213 propter
1102 4133 1377 4213 aliquam
1408 4136 1737 4214 urgentem

172 4226 615 4289 necessitatem
640 4244 834 4306 quam
858 4226 995 4289 sine
1024 4226 1355 4291 mendacio
1382 4226 1579 4289 vitare
1606 4244 1737 4289 non

174 4325 403 4396 posset,
432 4320 505 4383 in
531 4320 661 4383 Deo
694 4338 823 4383 non
848 4320 1111 4383 haberet
1136 4320 1347 4384 loeum
1382 4320 1523 4383 talis
1550 4338 1735 4383 excu-

172 4412 347 4473 satio.
378 4412 617 4483 Primo,
658 4412 809 4492 quia
842 4430 1171 4492 nunquam
1199 4416 1406 4493 potest
1434 4414 1605 4477 Deus
1642 4413 1734 4475 iu-

170 4502 379 4583 digere
426 4504 757 4569 mendacio
804 4507 888 4570 ad
926 4507 1203 4587 aliquem
1249 4508 1487 4569 bonum
1541 4506 1737 4569 finem

174 4598 703 4677 consequendum.
724 4598 903 4677 juxta
928 4598 1085 4661 illud
1117 4600 1239 4662 Job
1268 4601 1382 4661 13:
1412 4596 1739 4679 quuid

172 4689 597 4771 indisefDm
636 4696 835 4755 vestro
880 4692 1225 4757 mudum?
1252 4698 1317 4753 et
1364 4691 1507 4755 ideo
1545 4691 1729 4753 valde

3325 382 3404 445 59

1836 516 1988 561 nem
2028 516 2214 561 suum
2238 497 2760 579 consequendum
2783 494 3024 574 absque
3043 490 3400 553 mendacio.

1839 591 2018 655 Unde
2073 593 2264 655 etiam
2301 592 2502 667 Plato,
2539 590 2582 653 1.
2613 592 2654 653 2
2691 588 2770 651 de
2812 585 3106 666 Republ„
3152 584 3218 645 in
3245 584 3396 659 fine.

1839 684 1994 747 dixit
2015 685 2418 748 mendacium
2445 702 2697 764 semper
2725 699 2864 745 esse
2893 680 3218 757 indignum
3241 678 3396 751 Deo,

1842 779 2088 841 etiamsi
2123 778 2362 841 homini
2404 777 2722 839 interdum
2768 778 2984 855 posset
3019 790 3158 834 esse
3199 770 3394 843 utile;

1840 890 1967 952 qua
1993 872 2236 935 ratione
2265 888 2420 933 usus
2451 877 2548 933 est
2576 868 2764 933 etiam
2792 866 3122 941 Eusebius,
3149 866 3288 927 loco
3315 865 3400 927 ci-

1838 970 1969 1027 tato
1989 984 2004 1038 ς
2041 970 2106 1025 et
2129 963 2418 1027 Clemens
2435 962 2918 1035 Alexandrinus,
2941 960 2982 1021 1.
3007 960 3050 1021 6
3075 961 3394 1031 Stromat„

1838 1058 1939 1138 §6
1968 1103 1984 1132 ,
2037 1057 2148 1119 ubi
2195 1058 2384 1119 etiam
2437 1058 2758 1121 Platonem
2797 1054 3072 1117 adducit.
3105 1052 3398 1117 Secundo

1836 1156 1933 1213 est
1971 1150 2260 1230 specialis
2299 1148 2716 1231 repugnantia
2755 1153 3050 1227 respectu
3083 1146 3218 1223 Dei,
3249 1146 3400 1226 quia

1834 1262 1954 1325 per
1989 1243 2312 1323 quodlibet
2359 1242 2781 1315 mendacium,
2813 1242 3004 1303 etiam
3043 1238 3392 1313 minimum,

1836 1336 2152 1399 amitteret
2178 1354 2360 1398 suam
2387 1352 2748 1416 supremam
2773 1334 3243 1405 auctoritatem3
3273 1333 3394 1395 hoc

1836 1437 2052 1492 autem
2079 1428 2286 1509 majus
2331 1428 2778 1494 detrimentum
2819 1434 3005 1501 esset,
3037 1444 3228 1507 quam
3251 1444 3398 1507 pos-

1834 1524 1917 1585 sit
1955 1540 2096 1585 eme
2137 1522 2418 1585 utilitatis
2459 1521 2528 1585 in
2579 1540 2982 1602 quocumque
3019 1517 3350 1583 mendacio
3371 1560 3392 1593 ,

1834 1623 2256 1697 preterquam
2297 1614 2468 1695 quod
2493 1614 2878 1696 impossibile
2907 1620 3004 1677 est
3037 1612 3210 1693 quod
3248 1612 3400 1675 velit

1834 1712 2004 1773 Deus
2031 1729 2102 1772 se
2151 1710 2395 1789 privare
2426 1727 2674 1773 summa
2699 1708 2972 1789 quadam
3005 1707 3396 1783 auctoritate,

1834 1820 1976 1883 quoe
2009 1803 2090 1864 ad
2123 1821 2304 1865 suam
2331 1802 2782 1882 perfectionem
2831 1809 2892 1865 et
2939 1801 3398 1882 providentiam

1832 1898 2108 1961 manime
2141 1896 2500 1959 necessaria
2541 1902 2638 1959 est
2667 1901 2684 1937 ¹
2717 1916 2735 1970 3
2768 1897 2850 1959 ob
2899 1898 3064 1959 hanc
3113 1911 3392 1967 causam,

1833 1989 1980 2051 lieet
2028 1990 2430 2053 mendacium
2471 1990 2734 2070 simplex
2774 1990 2854 2052 de
2905 2008 2975 2052 se
3021 1990 3102 2053 sit
3148 1988 3396 2053 veniale

1835 2089 2188 2164 peccatum,
2215 2083 2592 2147 confirmare
2625 2083 2782 2147 illud
2819 2084 3206 2164 juramento,
3231 2100 3398 2145 sem-

1834 2195 1949 2258 per
1983 2184 2078 2239 est
2107 2175 2368 2239 mortale
2398 2182 2744 2258 peccatum,
2775 2176 2922 2256 quia
2941 2176 3156 2242 facere
3193 2178 3396 2239 Deum

1833 2276 2062 2333 testem
2099 2270 2200 2333 vel
2243 2264 2486 2333 minimi
2537 2270 2874 2346 mendacii,
2907 2276 3004 2333 est
3039 2271 3214 2333 illum
3267 2269 3398 2349 pri-

1832 2382 1984 2427 vare
2018 2370 2148 2425 tota
2185 2382 2300 2427 sua
2347 2364 2654 2427 infallibili
2703 2363 3114 2436 auctoritate3
3159 2370 3226 2425 et
3251 2362 3394 2425 ideo

1834 2458 2026 2519 etiam
2065 2456 2416 2519 evidentius
2449 2464 2546 2521 est
2571 2474 2898 2537 nunquam
2925 2457 3114 2519 licere
3154 2456 3392 2521 bomini

1832 2550 2120 2631 pejerare
2161 2556 2418 2631 propter
2467 2552 2882 2613 extrinsecam
2929 2550 3392 2622 necessitatem,

1832 2660 2028 2721 quam
2077 2642 2438 2723 simpliciter
2479 2644 2751 2705 mentiri.
2790 2641 2970 2706 Unde
3013 2643 3202 2705 etiam
3244 2660 3396 2707 con-

1830 2736 2120 2797 firmatur
2143 2736 2282 2799 haic
2309 2738 2492 2809 ratio,
2521 2738 2692 2814 qiua,
2709 2737 2763 2799 si
2791 2738 2962 2797 Deus
2985 2736 3064 2800 de
3085 2752 3392 2815 quacum-

1826 2846 1954 2909 que
1995 2830 2271 2910 potentia
2309 2829 2504 2892 falsus
2541 2831 2720 2892 testis
2759 2846 2930 2895 esse.
2955 2834 3213 2909 posset,
3260 2834 3392 2891 tota

1825 2920 2088 2983 firmitas
2171 2923 2490 2985 catholicae
2557 2922 2704 2985 fidei
2769 2928 3154 2985 everteretur
3190 2938 3211 2999 3
3259 2940 3390 2983 non

1830 3014 2000 3075 enim
2039 3020 2244 3094 potest
2289 3032 2426 3079 esse
2472 3016 2654 3081 firma
2696 3023 2758 3079 et
2783 3022 2978 3089 certa,
3009 3016 3128 3077 nisi
3169 3016 3247 3077 sit
3295 3015 3392 3076 in-

1824 3107 2100 3170 fallibilis
2135 3129 2150 3181 ;
2201 3126 2328 3173 non
2385 3114 2832 3189 potestantem
2875 3126 3012 3171 esse
3039 3090 3390 3171 ‘infallibilis

1826 3202 1947 3263 nisi
1987 3202 2290 3265 fundetur
2325 3203 2392 3265 iu
2437 3202 2796 3265 testimonio
2850 3202 2954 3265 cui
3001 3201 3232 3263 falsum
3287 3220 3390 3263 su·

1825 3294 2010 3357 besse
2045 3314 2174 3357 non
2233 3296 2445 3377 possit.
2480 3296 2662 3359 Dices
2687 3344 2705 3370 ,
2747 3296 2898 3357 satis
2951 3314 3090 3357 esse
3143 3302 3212 3357 ut
3257 3313 3388 3359 non

1822 3388 2022 3468 possit
2065 3387 2145 3451 de
2190 3389 2467 3469 potentia
2515 3388 2850 3451 ordinaria.
2885 3388 3010 3453 Sed
3049 3389 3172 3450 boc
3205 3386 3388 3451 valde

1820 3481 2112 3543 frivolum
2159 3488 2290 3555 est3
2333 3500 2484 3543 nam
2513 3482 2565 3543 si
2609 3484 2778 3545 Deus
2811 3482 3096 3545 absolute
3138 3482 3387 3545 mentiri

1823 3586 2060 3652 posset,
2095 3574 2267 3637 unde
2301 3579 2473 3637 certo
2503 3578 2790 3637 constare
2823 3580 3038 3654 posset
3063 3592 3385 3655 nunquam

1825 3665 2138 3729 dicturum
2179 3666 2624 3731 mendacium?
2669 3668 2888 3729 Dices:
2945 3666 3104 3740 Quia
3145 3667 3232 3729 ita
3261 3674 3388 3729 sta·

1824 3759 1940 3821 tuit
1991 3766 2054 3821 et
2110 3760 2462 3823 affirmavit.
2513 3760 2638 3823 Sed
2687 3767 2929 3834 contra,
2959 3762 3110 3841 quia
3147 3758 3230 3823 de
3262 3761 3416 3835 boc,

1820 3852 1958 3932 ipso
1985 3852 2149 3915 dicto
2175 3853 2516 3917 formidare
2549 3854 2885 3935 poteritne
2915 3855 2978 3916 in
3019 3854 3124 3915 illo
3151 3854 3383 3915 falsum

1822 3944 2010 4022 dicat,
2027 3964 2142 4009 sua
2155 3946 2444 4011 absoluta
2459 3948 2735 4028 potentia
2755 3947 3014 4011 utendo.
3033 3946 3212 4021 Item,
3235 3949 3382 4027 quia

1821 4038 1874 4099 si
1913 4040 2162 4101 mentiri
2198 4048 2434 4119 posset,
2471 4041 2662 4103 etiam
2705 4047 2920 4121 posset
2953 4059 3082 4102 non
3117 4041 3382 4120 implere

1818 4131 2028 4212 legem
2055 4152 2094 4195 a
2123 4152 2192 4195 se
2219 4140 2516 4197 statutam
2541 4153 2557 4207 ς
2611 4152 2762 4215 ergo
2791 4134 2946 4195 nihil
2977 4134 3254 4197 deservit
3272 4152 3382 4213 po-

1816 4226 2012 4290 tentia
2041 4226 2380 4303 ordinaria,
2413 4234 2630 4290 contra
2675 4244 2867 4308 quam
2896 4228 2998 4306 agi
3036 4229 3240 4306 potest
3265 4244 3380 4306 per

1815 4322 2160 4400 potentiam
2205 4321 2578 4385 absolutam.
2609 4320 2686 4383 Et
2725 4319 3131 4383 confirmatur
3181 4320 3376 4381 maxi-

1814 4430 1941 4490 me,
1969 4415 2118 4494 quia
2143 4415 2384 4490 lumen,
2403 4434 2518 4477 seu
2543 4414 2796 4475 habitus
2827 4412 3000 4486 fidei,
3035 4431 3116 4475 ex
3145 4419 3374 4475 natura

1814 4526 1931 4569 sua
1984 4508 2241 4571 inclinat
2273 4508 2356 4571 ad
2390 4506 2860 4569 assentiendum
2885 4506 3253 4570 revelationi
3279 4506 3375 4569 di·—

1812 4599 1974 4661 vinae
2019 4601 2368 4663 secundum
2421 4618 2512 4677 se,
2549 4606 2610 4663 et
2638 4599 3058 4663 abstrahendo
3083 4618 3124 4661 a
3150 4605 3372 4679 poten-

1810 4692 1897 4753 tia
1940 4692 2281 4767 ordinaria,
2314 4694 2410 4755 vel
2459 4693 2784 4767 absoluta3
2839 4710 2990 4772 ergo
3040 4693 3092 4755 si
3148 4692 3370 4755 divino

172 4782 713 4860 reprehenduntur
748 4783 1011 4847 ministri
1058 4786 1199 4859 Dei,
1231 4784 1339 4866 qui
1380 4784 1727 4847 mendaciis
1806 4785 2172 4850 revelationi
2201 4787 2550 4849 secundum
2577 4804 2646 4849 se
2677 4792 2970 4866 spectatae
2995 4792 3210 4866 posset
3223 4785 3368 4847 sub-

174 4874 265 4935 vel
306 4875 479 4939 falsis
536 4876 1027 4942 revelationibus
1068 4882 1363 4952 utuntur,
1404 4875 1488 4941 ad
1532 4876 1724 4939 fidem
1806 4898 1945 4942 esse
1968 4879 2222 4953 falsum,
2249 4882 2437 4943 etiam
2468 4879 2682 4943 lumen
2719 4881 2864 4943 fidei
2893 4881 2974 4942 de
3013 4898 3080 4943 se
3103 4880 3367 4941 inclina-

174 4966 677 5043 confirmandam,
706 4969 807 5031 vel
848 4970 1141 5034 virtutem
1184 4968 1721 5051 persuadendam,
1802 4979 1921 5045 ret,
1936 4993 2064 5037 non
2081 4974 2290 5036 solum
2313 4974 2396 5037 ad
2415 4992 2655 5050 verum,
2671 4974 2784 5037 sed
2799 4974 2985 5037 etiam
3009 4974 3092 5035 ad
3109 4974 3358 5047 falsum,

180 5065 235 5121 ut
274 5060 487 5125 videre
524 5060 673 5125 lieet
706 5062 775 5123 in
814 5062 1087 5126 Concilio
1128 5062 1557 5137 Lateranensi,
1601 5064 1721 5126 sub
1801 5073 1868 5129 et
1886 5068 1974 5129 ita
1995 5068 2168 5131 nullo
2195 5068 2384 5131 modo
2403 5076 2617 5148 posset
2633 5068 2772 5149 ejus
2789 5085 3088 5131 assensus
3105 5068 3362 5129 omnino

176 5149 364 5221 Leone
388 5156 467 5229 X,
498 5159 653 5219 wet-
692 5156 751 5227 3,
796 5160 861 5219 et
886 5156 1047 5219 ratio
1078 5162 1195 5231 est,
1226 5156 1375 5236 quia
1410 5156 1581 5221 Deus
1622 5160 1721 5219 est
1800 5178 1941 5223 esse
1975 5166 2204 5225 certus.
2253 5160 2434 5223 Dices
2459 5178 2646 5242 posse
2675 5160 2960 5225 habitum
2983 5160 3130 5221 fidei
3167 5158 3358 5221 talem

173 5246 547 5326 omnipotens
599 5251 665 5310 et
702 5247 1225 5328 sapientissimus,
1264 5248 1535 5329 ideoque
1586 5267 1713 5312 non

172 5342 355 5414 potest
392 5340 479 5403 illi
528 5340 764 5406 deesse
792 5340 1077 5404 medium
1130 5342 1487 5415 honestum,
1516 5341 1600 5405 ad
1643 5342 1715 5404 fi·

238 5532 257 5572 ⁸
296 5532 437 5599 Vide
474 5534 543 5601 in
586 5534 635 5599 1.
669 5534 712 5597 2
761 5532 849 5597 de
887 5534 1128 5617 Legih..
1163 5536 1351 5619 capit.
1386 5539 1485 5601 15.

1880 5354 1897 5389 ¹
1940 5350 2212 5413 Consule
2237 5357 2583 5424 auctorem,
2616 5350 2695 5415 de
2719 5350 2990 5420 Juram„
3031 5347 3074 5407 l.
3105 5350 3164 5419 1,
3197 5366 3253 5409 c.
3287 5350 3350 5419 4,

1788 5462 1968 5603 333.
1999 5448 2076 5608 165
2105 5446 2295 5519 et163
2325 5444 2642 5517 sancium,
2662 5442 2708 5505 1.
2741 5447 2770 5505 ί
2809 5440 3047 5514 Decal.‚
3075 5458 3220 5522 cap.
3244 5441 3348 5513 ⁴2.
