3900 6217
529 342 650 405 300

529 454 805 528 tempore
835 445 1106 522 Damasi,
1129 446 1434 509 referente
1460 446 1804 527 Nicephoro
1825 446 1967 509 libr.
2012 451 2081 509 Η

529 547 592 601 et
637 542 750 618 483
791 542 1009 621 hisque
1042 540 1284 601 duobus
1315 540 1612 621 exemplis
1651 542 1730 603 ad
1760 540 1921 603 hanc
1957 560 2093 603 rem

529 636 727 696 utitur
773 634 1191 714 Hieronymus
1245 633 1313 693 in
1369 634 1684 715 epitaphio
1728 634 2031 697 Marcellae
2070 650 2093 713 3

530 727 868 807 similisque
895 727 1153 789 historia
1179 732 1350 788 extat
1371 727 1447 788 de
1471 727 1929 805 chrysostomo,
1961 728 2093 807 qui,

530 820 824 901 quoniam
865 820 945 880 ab
977 820 1330 901 episcopatu
1359 820 1563 881 fuerat
1594 821 1826 899 injuste
1854 820 2097 901 deposi-

531 920 652 983 ωε,
687 912 764 973 ad
795 913 1226 974 Innocentium
1258 912 1614 992 appellavit,
1649 919 1718 973 ut
1751 920 1990 973 constat
2019 932 2099 977 ex

532 1006 667 1085 ejus
694 1004 951 1084 epistola
973 1004 1052 1065 ad
1077 1004 1277 1085 ipsum
1313 1004 1692 1080 Pontificem,
1722 1012 1883 1067 etex
1910 1007 2098 1068 variis

531 1096 804 1177 epistolis
832 1096 1110 1177 ejusdem
1139 1098 1484 1159 Innocentii
1513 1098 1591 1159 ad
1615 1098 1906 1161 diversos
1939 1100 2095 1161 Vide

532 1191 883 1271 Nicephor.,
912 1190 1055 1251 libr.
1085 1194 1184 1267 13,
1217 1210 1348 1271 cap.
1384 1194 1486 1267 19,
1517 1192 1595 1252 34
1623 1197 1684 1252 et
1713 1193 1812 1253 36.
1851 1192 2095 1253 Flavia-

533 1303 651 1345 nus
671 1302 936 1363 quoque,
958 1284 1708 1365 episcopusConstantin„
1727 1284 1806 1346 ad
1827 1287 2097 1348 Leonem

533 1376 868 1457 appellavit
897 1422 918 1453 ,
963 1384 1032 1438 ut
1057 1376 1375 1439 Liberatus
1404 1376 1620 1438 scribit
1645 1376 1714 1437 in
1741 1379 2053 1440 Breviario
2072 1424 2095 1455 ,

533 1486 667 1549 cap.
704 1472 811 1544 12;
852 1470 1186 1551 appellavit
1215 1469 1498 1531 similiter
1536 1470 1993 1545 Theodoretus,
2028 1477 2101 1531 ut

533 1568 773 1623 constat
805 1580 880 1623 ex
908 1563 1182 1642 epistolis
1210 1563 1490 1642 ejusdem
1523 1564 1601 1626 ad
1635 1565 1922 1626 eumdem
1951 1565 2102 1626 Leo-

535 1674 680 1715 nem
715 1671 736 1733 3
785 1656 1118 1736 appellavit
1159 1657 1426 1735 denique
1477 1658 1796 1737 episcopus
1845 1657 2101 1735 quidam

533 1750 863 1811 Thebanus
885 1795 905 1825 ,
954 1757 1027 1811 ut
1066 1755 1304 1811 constat
1343 1769 1417 1811 ex
1465 1751 1795 1829 Gregorio,
1839 1748 2001 1810 libro
2032 1755 2095 1827 2,

535 1843 792 1924 epistola
819 1844 858 1903 6
887 1843 1240 1903 indictionis
1271 1846 1367 1906 11.
1414 1845 1535 1906 Nec
1562 1844 1763 1904 solum
1802 1841 2099 1903 Catholici

537 1937 836 2017 episcopi,
878 1936 981 1997 scd
1009 1936 1197 1997 etiam
1226 1937 1498 1998 haeretici
1520 1936 1587 1997 in
1618 1935 1924 2016 principio
1955 1952 2102 1993 con-

537 2035 871 2090 sueverunt
915 2030 992 2091 ad
1039 2029 1447 2109 Apostolicam
1495 2028 1718 2091 Sedem
1761 2027 2097 2107 appellare.

537 2123 627 2183 Ita
657 2122 734 2183 de
751 2122 1062 2185 Marcione
1086 2124 1274 2185 refert
1301 2122 1706 2203 EpiphaniuS,
1736 2122 1952 2183 haeresi
1981 2124 2099 2199 423

537 2216 626 2274 ita
649 2215 1017 2294 Cyprianus,
1042 2215 1202 2277 libro
1236 2219 1292 2287 1,
1321 2216 1580 2295 epistola
1608 2218 1645 2277 3
1673 2220 1734 2275 et
1756 2216 1820 2293 4,
1848 2214 1926 2277 de
1955 2216 2100 2275 For-

539 2315 759 2368 tunato
779 2353 797 2384 ,
831 2308 1030 2370 Felice
1075 2317 1136 2371 et
1189 2309 1472 2370 Basilide.
1518 2308 1607 2369 lta
1647 2307 1984 2387 SulpitiuS,
2024 2308 2099 2368 li-

538 2399 649 2462 bro
683 2405 720 2462 2
747 2402 948 2462 Sacrae
977 2401 1293 2476 Historiae,
1341 2401 1417 2462 de
1445 2399 1787 2462 Priscilian.
1818 2406 2099 2480 tempore

541 2494 809 2555 Damasi.
859 2496 1135 2574 Denique
1175 2494 1338 2556 hanc
1373 2494 1560 2556 fuisse
1600 2494 2101 2573 antiquissimam

539 2588 822 2649 Ecclesiae
867 2588 1374 2649 consuetudinem
1427 2593 1691 2649 testatur
1740 2587 1860 2648 Leo
1907 2588 2097 2667 Papa,

540 2681 798 2760 epistola
844 2684 923 2743 89
975 2681 1055 2743 ad
1101 2682 1417 2761 episcopos
1466 2680 1681 2742 Galliae
1703 2702 1720 2757 3
1779 2686 1842 2741 et
1892 2679 2094 2742 Gelas.

541 2774 797 2854 epistola
847 2775 924 2835 ad
971 2776 1264 2835 Faustum
1293 2820 1314 2851 ,
1375 2779 1438 2836 et
1500 2772 1759 2854 epistola
1811 2773 1890 2833 ad
1945 2772 2104 2851 epis·

542 2884 726 2946 copos
771 2867 1037 2929 Dardan.
1091 2868 1258 2928 Idem
1312 2866 1580 2947 denique
1629 2872 1928 2929 statutum
1985 2865 2105 2925 fuit

543 2959 610 3019 in
669 2960 941 3021 Concilio
1018 2960 1385 3035 Sardicensi,
1444 2960 1558 3020 sub
1628 2959 1820 3033 Julio,
1867 2975 2105 3019 canone

545 3052 605 3126 3,
651 3054 690 3113 4
735 3058 796 3113 et
825 3056 884 3127 7,
915 3053 1080 3133 quod
1121 3053 1406 3133 generale
1445 3072 1597 3128 esse,
1651 3060 1712 3114 et
1755 3070 1996 3132 semper
2037 3052 2105 3111 in

544 3144 809 3206 Ecclesia
841 3152 1179 3225 receptum,
1224 3150 1484 3207 testatur
1515 3144 1909 3221 Athanasius.
1952 3144 2022 3205 in
2067 3146 2105 3203 2

543 3238 842 3319 Apologia
861 3255 880 3316 ;
917 3239 1025 3300 ubi
1080 3239 1346 3301 adfuisse
1393 3239 1588 3320 liquet
1639 3240 1873 3319 legatos
1929 3238 2107 3317 Papae

541 3331 712 3408 Julii,
751 3338 813 3392 et
861 3331 996 3413 plus
1031 3351 1223 3413 quam
1270 3335 1389 3395 300
1429 3334 1737 3413 episcopos
1792 3350 1867 3393 ex
1915 3329 2103 3403 ‚variis

541 3425 900 3504 regionibus
927 3433 988 3488 et
1015 3428 1344 3507 provinciis
1369 3427 1572 3503 orbis;
1604 3427 1893 3505 idemque
1915 3423 2104 3487 habet

545 3520 817 3582 Hilarius
836 3567 857 3597 ,
908 3520 1067 3582 libro
1108 3522 1183 3582 de
1226 3522 1515 3603 Synodis.
1563 3522 1684 3583 Nec
1719 3520 1907 3581 refert
1934 3518 2102 3599 quod

543 3614 923 3693 Augustinus
946 3660 968 3691 ,
1015 3618 1054 3676 2
1091 3620 1304 3677 contra
1327 3614 1637 3692 Crescon.,
1667 3632 1720 3677 c.
1753 3616 1856 3690 34,
1889 3612 2101 3673 Conci-

540 3705 694 3766 lium
723 3706 1081 3768 Sardicense
1108 3708 1188 3767 ab
1216 3707 1630 3768 Orientalibus
1666 3712 1880 3768 contra
1909 3704 2101 3765 Atha-

539 3797 784 3858 nasium
806 3805 1248 3878 congregatum
1271 3800 1538 3881 appellet
1555 3798 1950 3875 haereticum;
1974 3814 2101 3857 non

541 3891 708 3951 enim
732 3891 809 3952 de
835 3891 952 3952 hoc
981 3892 1256 3972 loquitur
1279 3892 1444 3975 quod
1470 3891 1760 3971 generale
1791 3892 1910 3952 fuit
1927 3937 1946 3966 ,
1994 3888 2101 3951 sed

539 3984 615 4044 de
643 3984 884 4063 privato
923 3986 1192 4064 quodam
1235 3984 1641 4047 conciliabulo
1677 3986 1757 4045 67
1797 3983 2105 4062 episcopo-

540 4095 706 4149 rum,
735 4078 914 4157 cujus
939 4078 1226 4141 meminit
1254 4080 1599 4155 Sozomen.,
1629 4078 1787 4140 libro
1811 4080 1871 4153 3,
1895 4094 2025 4157 cap.
2064 4077 2105 4137 8

541 4176 602 4230 et
633 4173 703 4233 11
733 4193 748 4240 ;
789 4170 899 4233 ubi
941 4172 1129 4233 etiam
1168 4178 1343 4233 notat
1380 4190 1644 4234 canones
1673 4171 1932 4233 Concilii
1962 4170 2102 4231 Sar·

542 4262 805 4325 dicensis
828 4283 985 4344 saepe
1015 4264 1192 4327 citari
1221 4284 1258 4327 a
1297 4266 1600 4337 Patribus,
1646 4273 1943 4344 tanquam
1975 4262 2103 4325 edi-

540 4362 636 4417 tos
655 4357 720 4417 in
745 4360 793 4419 N
799 4358 1014 4434 icaeno,
1028 4363 1098 4419 ut
1117 4365 1287 4439 patet
1304 4376 1379 4420 ex
1399 4358 1658 4439 epistola
1675 4358 1902 4419 Zosimi
1921 4356 2101 4434 Papae

541 4450 617 4510 ad
645 4452 975 4531 Episcopos
1000 4452 1245 4528 Africae,
1277 4459 1340 4515 et
1367 4452 1623 4531 epistola
1651 4450 1994 4512 innocentii
2022 4448 2102 4509 ad

543 4543 892 4605 Victritium
913 4592 936 4621 ,
989 4545 1336 4624 episcopum
1380 4545 1942 4623 Rothomagensem
1964 4588 1986 4619 ,
2040 4546 2104 4602 et

543 4637 780 4711 Leone,
830 4636 1005 4716 epist.
1039 4640 1118 4699 25
1145 4636 1222 4699 ad
1248 4638 1686 4713 Theodosium,
1727 4655 1871 4699 cum
1893 4642 2104 4697 tamen

543 4728 612 4789 hi
659 4747 925 4791 canones
969 4749 1097 4791 non
1134 4730 1482 4793 habeantur
1521 4730 1706 4792 hodie
1743 4730 1812 4790 in
1855 4729 2102 4790 Nicaeno

543 4822 815 4883 Concilio
846 4837 865 4900 ;
919 4823 1177 4885 fortasse
1230 4830 1442 4886 tamen
1505 4821 1845 4902 antiquitus
1903 4822 1969 4882 in
2030 4839 2105 4882 eo

543 4914 1136 4978 circumferebantur
1161 4932 1183 4995 3
1249 4934 1395 4977 nam
1451 4923 1512 4979 et
1577 4932 1840 4978 canones
1898 4912 2053 4975 alios
2084 4958 2103 4987 ,

544 5014 768 5089 praeter
829 5028 931 5071 eos
989 5008 1214 5089 viginti
1268 5008 1376 5091 qui
1427 5015 1639 5071 extant
1668 5054 1688 5085 ,
1751 5008 1944 5070 fuisse
1981 5005 2109 5066 edi-

547 5109 665 5177 toS,
698 5119 881 5181 supra
926 5102 1303 5163 ostendimus
1345 5103 1413 5163 in
1451 5120 1628 5163 num.
1677 5104 1739 5178 5,
1779 5107 1840 5163 et
1882 5099 2109 5177 suade-

547 5202 652 5257 tur
699 5188 888 5257 etiam
909 5240 931 5271 ,
989 5194 1285 5274 quoniam
1354 5195 1516 5257 inter
1583 5194 1767 5256 hosce
1840 5200 2107 5253 canones

545 5288 650 5351 ille
697 5306 826 5349 non
866 5288 1087 5349 visitur
1122 5306 1247 5368 quo
1276 5292 1574 5349 statutum
1608 5294 1734 5363 est,
1775 5292 1847 5347 ut
1875 5280 2107 5346 Pascha

547 5382 648 5442 die
672 5380 980 5443 dominico
1003 5380 1364 5456 celebretur,
1396 5382 1560 5461 quod
1590 5388 1799 5442 tamen
1823 5384 1952 5453 esse
1980 5379 2109 5439 edi·

547 5481 684 5539 tum
705 5480 944 5540 constat
961 5493 1038 5537 ex
1065 5474 1378 5539 historiis:
1401 5474 1650 5553 Euseb.,
1672 5472 1782 5535 lib.
1805 5474 1843 5534 3
1865 5472 1941 5545 [de
1964 5472 2110 5535 Vita

1589 346 1827 399 msrur.
1863 346 1925 397 X.
1963 346 2044 399 DE
2076 346 2289 400 sumto
2320 347 2661 401 PONTIFICE.

2170 448 2559 513 Constantini
2578 466 2599 527 ;
2652 449 2961 526 Ambros„
3004 452 3181 531 epist.
3234 454 3313 515 82
3325 470 3347 532 3
3390 455 3675 541 Hierony„

2172 542 2411 622 praefat.
2445 543 2513 603 in
2538 542 2775 616 Judith3
2801 544 3157 621 Augustin„
3191 548 3375 625 epist.
3395 552 3531 627 110;
3556 553 3680 617 itcm

2174 654 2253 697 ex
2284 635 2519 697 Concil.
2562 636 2833 715 quodam
2880 636 3193 714 Africano,
3240 658 3375 701 can.
3418 636 3509 716 ss,
3548 652 3685 709 etex

2176 729 2401 804 Attico,
2438 729 2505 789 in
2530 728 2805 791 Concilio
2836 728 3303 809 Calcedouensi,
3350 733 3458 793 sub
3482 736 3683 815 finem3

2176 822 2463 883 feruntur
2486 822 2676 883 etiam
2705 822 2881 883 varia
2910 822 3153 885 decreta
3182 824 3427 887 Concilii
3454 829 3651 892 Nicoeni
3669 878 3685 909 ,
3806 858 3808 909 3

2178 916 2289 996 qui
2318 916 2480 977 inter
2504 915 2697 977 dictos
2715 916 2938 994 viginti
2960 934 3227 979 canones
3253 936 3376 979 non
3400 919 3688 1002 habentur3

2178 1017 2287 1071 aut
2330 1010 2589 1071 fortasse
2628 1010 2869 1089 antiqui
2912 1012 3123 1073 Patres
3160 1012 3482 1073 concilium
3516 1016 3689 1079 Sardi-

2176 1120 2355 1165 cense
2383 1109 2444 1165 et
2466 1103 2793 1164 Nicaenum
2813 1108 3113 1183 tanquam
3136 1096 3331 1165 unum
3348 1113 3687 1187 reputarunt,

2175 1196 2557 1277 proindeque
2586 1195 2967 1259 Sardicensis
2990 1196 3155 1259 inter
3181 1197 3455 1275 Synodos
3476 1218 3691 1279 genera-

2175 1289 2265 1350 les
2306 1306 2435 1349 non
2484 1294 2767 1351 censetur
2792 1334 2814 1364 ,
2862 1290 3010 1369 quia
3050 1290 3269 1353 eodem
3307 1290 3431 1352 tere
3460 1297 3694 1370 tempore

2178 1387 2389 1443 coacta
2416 1388 2585 1455 sunt,
2620 1380 2933 1460 iidemque
2969 1382 3183 1445 Patres
3210 1399 3435 1461 magna
3458 1401 3530 1447 ex
3552 1393 3695 1464 parte

2179 1475 2257 1535 ad
2286 1480 2619 1555 utrumque
2648 1481 3095 1552 convenerunt,
3140 1482 3329 1555 atque
3354 1476 3558 1539 eadem
3582 1480 3697 1541 doc-

2179 1569 2345 1629 trina
2374 1574 2467 1628 est
2492 1568 2558 1628 in
2584 1574 2851 1646 utroque
2880 1568 3130 1629 tradita.

2260 1662 2361 1721 21.
2407 1659 2665 1741 objectio
2695 1660 3113 1725 hoereticormn
3152 1666 3365 1725 contra
3388 1668 3603 1725 sextum
3624 1666 3696 1727 si-

2177 1772 2384 1839 quam.
2414 1786 2496 1801 —
2522 1754 2962 1832 Refellitur.—
2970 1753 3333 1819 Proesoribit
3358 1755 3533 1818 etiam
3552 1758 3726 1839 Papa·

2178 1844 2661 1928 modmjudicii
2684 1852 2897 1911 contra
2923 1848 3371 1929 Epi-scopos.-
3382 1848 3589 1910 Contra
3606 1851 3701 1913 hoc

2178 1948 2390 2004 tamen
2454 1941 2707 2019 signum
2747 1940 2826 2001 de
2879 1940 3397 2021 appellationibus
3438 1941 3699 2022 objiciunt

2182 2033 2516 2095 Lutherani
2546 2034 2831 2111 quaedam
2872 2033 3007 2096 loca
3044 2034 3361 2113 Cypriani,
3384 2033 3696 2112 Augustini,

2182 2134 2244 2187 et
2276 2126 2691 2206 quorumdam
2720 2127 3133 2189 Conciliorum
3163 2128 3233 2187 in
3256 2126 3479 2202 Africa,
3502 2127 3564 2189 in
3586 2130 3699 2207 qui-
3807 2130 3808 2133 ’

2182 2218 2296 2279 bus
2325 2218 2571 2279 videtur
2601 2218 2917 2297 prohiberi
2950 2236 3031 2279 ne
3078 2218 3160 2279 ad
3186 2219 3509 2279 Summum
3530 2221 3701 2280 Ponti-

2180 2310 2361 2373 ficem
2384 2310 2747 2391 appelletur.
2779 2312 2929 2390 Legi
2950 2312 3026 2372 de
3054 2330 3129 2373 eo
3147 2317 3349 2391 potest
3370 2311 3699 2392 Cyprianus,
3807 2318 3808 2321 ’

2179 2404 2337 2465 libro
2378 2405 2604 2483 primo,
2636 2404 2893 2483 epistola
2920 2406 2991 2475 33
3034 2404 3437 2483 Augustinus,
3482 2406 3702 2484 epistola

2184 2500 2300 2560 162
2312 2514 2335 2575 3
2357 2498 2701 2560 Concilium
2731 2498 3183 2574 Milevitanum,
3208 2518 3342 2577 cap.
3373 2501 3467 2574 12,
3499 2505 3555 2561 et
3576 2500 3702 2559 Con-

2180 2591 2395 2652 cilium
2444 2598 2689 2651 sextum
2730 2590 3113 2653 Africanum.
3168 2592 3267 2653 Ad
3306 2591 3435 2653 haec
3474 2592 3701 2652 breviter

2182 2683 2703 2763 respondendum,
2722 2654 3041 2764 nunqua⁶m
3064 2684 3179 2745 hos
3202 2685 3409 2745 Patres
3425 2682 3486 2743 id
3512 2684 3701 2745 vetuis-

2184 2794 2271 2852 se,
2300 2782 2409 2837 aut
2432 2794 2571 2837 eam
2593 2782 2959 2856 potestatem
2976 2777 3281 2857 Episcopo
3305 2777 3567 2839 Romano
3586 2778 3703 2837 atle-

2184 2870 2388 2930 misse.
2424 2870 2577 2931 Nam
2605 2870 2811 2949 potius
2837 2870 3247 2946 Augustinus,
3280 2869 3443 2930 dicta
3466 2869 3701 2949 epistola,

2184 2968 2393 3041 aperte
2434 2962 2667 3023 fatetur
2712 2962 3027 3043 Episcopis
3071 2962 3261 3023 licere
3306 2962 3597 3043 appellare
3640 2963 3703 3023 ad

2183 3056 2545 3116 Romanam.
2570 3055 2811 3117 Sedem.
2842 3054 3141 3117 Eamdem
3192 3074 3323 3117 esse
3370 3054 3697 3117 sententiam

2184 3148 2499 3228 Cypriani,
2543 3153 2783 3209 constat
2819 3165 2895 3210 ex
2926 3147 3167 3225 eodem,
3194 3148 3261 3209 in
3314 3148 3471 3209 libro
3514 3148 3693 3227 primo,

2186 3240 2445 3321 epistola
2470 3244 2533 3316 4,
2564 3246 2626 3302 et
2648 3240 2808 3301 libro
2838 3243 2898 3317 3,
2930 3241 3189 3319 epistola
3220 3242 3321 3303 13.
3375 3241 3445 3301 ln
3480 3240 3700 3301 adducto

2184 3340 2393 3395 autem
2421 3333 2581 3409 loco,
2604 3334 2805 3395 solum
2828 3333 3145 3395 contendit
3170 3334 3433 3395 minime
3452 3332 3703 3412 expedire

2183 3428 2261 3488 ad
2314 3428 2659 3489 Romanam
2712 3426 2933 3489 Sedem
2966 3427 3437 3506 appellationes,
3494 3424 3703 3505 quando

2180 3540 2323 3583 reus
2380 3520 2877 3583 manifestissime
2932 3521 3329 3583 convincitur
3388 3520 3465 3581 de
3514 3518 3703 3581 delicto

2179 3614 2347 3694 apud
2390 3614 2824 3675 immediatum
2844 3613 3144 3693 judicem,
3174 3632 3303 3693 quo
3334 3613 3516 3675 etiam
3548 3611 3703 3673 modo

2179 3706 2453 3787 loquitur
2478 3706 2835 3769 Ambrosius
2864 3706 3121 3786 epistola
3142 3708 3248 3782 69,
3274 3706 3375 3767 vel
3396 3706 3583 3785 potius
3608 3704 3701 3765 Da·

2181 3817 2409 3875 masus,
2440 3805 2510 3860 ut
2536 3799 2647 3860 alii
2678 3799 2901 3859 volunt
2915 3816 2936 3876 3
2970 3815 3120 3859 nam
3147 3798 3229 3861 de
3250 3797 3564 3861 Ambrosio
3588 3802 3702 3855 tan·

2183 3910 2372 3972 quam
2406 3892 2482 3953 de
2504 3892 2629 3953 alio
2650 3893 2887 3954 mentio
2931 3890 3003 3953 fit
3042 3910 3115 3953 eo
3138 3890 3300 3955 loct).
3358 3892 3443 3953 De
3470 3887 3701 3951 Concilio

2183 3991 2391 4047 autem
2410 3985 2787 4063 Milevitano,
2808 3984 3165 4047 consulatur
3180 3984 3528 4057 Gratianus,
3542 3980 3701 4059 capit.

2184 4077 2458 4155 Placuit,
2506 4078 2785 4154 secund„
2820 4079 3159 4159 quaestione
3200 4083 3411 4152 sexta3
3468 4074 3704 4137 breviter

2182 4172 2317 4233 diro
2342 4189 2470 4233 non
2504 4189 2635 4233 esse
2662 4171 2751 4233 ibi
2778 4189 3127 4233 sermonem
3156 4170 3233 4233 de
3260 4170 3461 4233 causis
3494 4167 3705 4247 Episco-

2182 4283 2429 4345 porum,
2462 4266 2567 4327 sed
2620 4263 3149 4345 presbyterorum,
3194 4283 3353 4345 quas
3400 4265 3595 4325 Patres
3619 4276 3704 4317 vo-

2179 4358 2434 4419 luerunt
2472 4358 2637 4437 apud
2679 4358 3009 4439 Episcopos
3034 4357 3324 4437 transigi,
3361 4356 3491 4436 ipso
3530 4350 3704 4415 Ponti-

2180 4450 2297 4513 fice
2364 4452 2622 4513 Summo
2686 4450 2751 4511 id
2818 4450 3224 4513 nihilominus
3286 4448 3663 4511 confirmante
3684 4486 3701 4514 ‚

2183 4543 2467 4623 quamvis
2494 4544 2737 4605 nullum
2760 4542 3091 4604 concilium
3120 4542 3445 4622 prohibere
3462 4550 3703 4617 unquam

2182 4636 2475 4715 potuerit,
2497 4636 2651 4716 quin
2672 4635 2951 4697 Pontifex
2978 4634 3455 4715 appellationem
3471 4627 3705 4709 cujusvis

2180 4729 2410 4808 justam
2450 4729 2776 4791 admittere
2800 4728 3009 4809 possit.
3042 4728 3185 4789 Jam
3233 4724 3565 4789 Concilium
3592 4737 3703 4781 sex-

2182 4829 2318 4882 tum
2365 4821 2727 4883 Africanum
2772 4820 2976 4901 potius
3005 4838 3287 4901 expraese
3332 4819 3586 4881 affirmat
3618 4812 3705 4873 ad-

2186 4915 2519 4997 mittendas
2561 4932 2693 4977 esse
2730 4913 3177 4996 appellationes
3226 4914 3311 4975 ad
3356 4908 3700 4979 Pontificem,

2186 5005 2463 5069 obsecrat
2493 5012 2705 5069 tamen
2737 5025 2819 5068 ne
2854 5005 3031 5069 facile
3056 5012 3119 5069 et
3156 5005 3429 5087 qualibet
3452 5021 3525 5067 ex
3548 5015 3705 5062 causa

2186 5100 2625 5177 intendantur3
2675 5106 2861 5179 atque
2911 5101 2979 5161 in
3028 5100 3147 5163 hac
3192 5097 3491 5163 sententia
3544 5093 3703 5154 fuisse

2186 5212 2427 5273 semper
2446 5192 2766 5255 Africanos
2793 5193 3001 5255 Patres
3030 5199 3291 5269 constat,
3312 5197 3523 5273 praeter
3543 5187 3701 5255 dicta,

2187 5305 2265 5348 ex
2290 5287 2515 5361 Leone,
2537 5284 2797 5365 epistola
2818 5286 2895 5347 87
2920 5286 2997 5347 ad
3020 5286 3292 5347 African.
3298 5330 3321 5362 ,
3352 5289 3412 5345 et
3433 5279 3697 5350 Bonifac.‚

2188 5378 2427 5459 epistol.
2455 5382 2493 5439 2
2516 5378 2594 5439 ad
2622 5377 2820 5439 Eulal.
2850 5378 3182 5453 Alexand„
3228 5383 3293 5439 et
3316 5374 3570 5439 Concilio
3589 5371 3704 5431 Flo-

2188 5472 2459 5547 rentino,
2490 5471 2745 5533 session.
2776 5472 2880 5535 20.
2914 5470 3011 5532 Ad
3042 5470 3213 5533 hunc
3239 5469 3495 5551 denique
3524 5465 3702 5525 locum
