3900 6217
673 416 840 469 SECT.
877 416 914 467 l.
951 414 1161 466 UTRUE
1197 414 1258 467 ΙΝ
1291 414 1390 467 ms
1423 410 1810 467 numentanus
1844 408 2057 463 Possm·
2088 411 2399 465 CABENTIA
2434 412 2619 475 rium,
2650 411 2783 463 ETC.

229 545 296 599 tra
319 522 634 593 haereticum,
662 522 736 577 ut
760 516 1146 586 haereticum,
1177 514 1285 577 sed
1313 521 1526 575 contra
1555 532 1689 575 om-

225 644 328 691 nem
347 618 638 700 apostatam
663 608 1001 680 infidelem,
1027 614 1097 669 ut
1121 615 1290 669 recte
1313 608 1470 669 dixit
1497 608 1684 671 Cano.

226 728 267 783 et
295 714 508 777 sumitur
541 722 612 765 ex
645 708 776 763 toto
819 701 1004 763 titulo
1043 701 1190 763 Cod.
1220 703 1299 761 de
1351 700 1684 781 Apostatis.

223 810 366 881 Unde,
401 804 454 865 in
489 799 636 859 dicto
677 813 811 873 cap.
862 793 1085 859 Contra
1132 792 1526 869 Christianos,
1560 812 1688 855 non

217 903 384 969 dicitur
403 895 490 957 hic
513 894 781 969 apostata
805 887 1156 959 haereticus,
1181 887 1290 949 sed
1314 888 1541 948 dicitur
1569 906 1687 967 pu·-

215 993 414 1061 niendus
455 993 734 1061 tanquam
791 979 1137 1043 hoereticus.
1196 980 1290 1041 Ad
1347 982 1684 1043 secundam

213 1084 571 1171 pmbationem‚
601 1092 762 1153 nego
788 1074 1072 1135 haeroeim
1097 1074 1426 1137 consistere
1466 1075 1534 1135 in
1577 1093 1686 1137 ne·

213 1182 402 1261 gatiano
436 1169 562 1233 fidei
588 1169 719 1247 jam
765 1172 1020 1245 receptae
1063 1184 1140 1227 ex
1181 1174 1353 1245 parte
1395 1166 1673 1247 subjecti,

210 1270 329 1353 qnod
356 1268 464 1347 jam
499 1278 676 1340 supra
702 1258 981 1340 probavi,
1012 1265 1074 1321 et
1099 1260 1418 1321 tractando
1446 1260 1526 1321 de
1549 1260 1678 1323 hae-

205 1366 292 1429 resi
315 1364 504 1423 iterum
541 1356 762 1417 dicam.
795 1352 890 1415 Ad
920 1354 1174 1416 tertium
1206 1353 1674 1430 inconveniens,

203 1458 320 1539 quod
343 1456 521 1516 Castro
543 1448 868 1525 inferebat,
899 1447 1038 1508 dico
1063 1446 1308 1509 nullum
1337 1464 1466 1509 esse
1493 1466 1676 1527 repu-

204 1550 426 1623 tandum3
445 1544 578 1624 quia
596 1542 757 1604 sicut
781 1558 932 1621 puer
953 1540 1282 1601 crescendo
1305 1541 1530 1601 desinit
1549 1558 1678 1603 csse

199 1663 325 1726 puer,
349 1656 474 1701 nam
499 1636 565 1699 fit
604 1637 724 1710 vir,
755 1637 845 1696 ita
875 1652 1120 1714 quoque
1160 1632 1485 1695 haereticus
1513 1653 1677 1696 cres·

202 1736 340 1799 eendo
369 1734 426 1793 in
445 1730 802 1793 infidelitate
839 1745 968 1789 non
1001 1726 1228 1787 desinit
1267 1728 1517 1806 quidem
1545 1746 1675 1791 esse

197 1826 418 1897 infidelis,
447 1829 636 1904 potest
681 1830 894 1883 tamen
938 1820 1220 1883 desinere
1259 1838 1390 1881 esse
1429 1820 1676 1882 haereti·

193 1940 288 1993 cuS,
309 1919 432 1998 quia
467 1916 536 1977 fit
559 1916 738 1995 pejor
775 1932 964 1995 quam
993 1914 1340 1989 haereticus,
1379 1914 1432 1975 si
1461 1914 1537 1977 ad
1567 1934 1677 1977 ne-

187 2014 438 2094 gationem
465 2010 686 2073 Christi
716 2008 1014 2089 pervenit.

245 2112 320 2169 10.
360 2106 504 2179 Quia
539 2105 728 2167 addat
767 2102 1080 2183 apostasia
1124 2118 1306 2182 super
1335 2100 1498 2163 alias
1539 2100 1672 2180 infi-

183 2201 393 2265 delitatis
415 2199 653 2277 speeies.
685 2230 765 2243 --
792 2194 1226 2257 concludimus
1257 2212 1406 2273 ergo
1435 2202 1675 2274 aposta-

183 2296 296 2355 siam
311 2310 422 2353 esse
441 2289 966 2351 circumstantiam
988 2306 1126 2368 quae
1143 2294 1442 2366 aggravat
1459 2306 1676 2367 quam-

179 2402 384 2464 cumque
418 2384 681 2465 speciem
721 2381 1102 2443 infidelitatis
1149 2382 1397 2461 quando
1442 2381 1534 2443 illi
1563 2382 1670 2442 ad·

175 2481 432 2559 jungitnr3
457 2478 651 2557 quaeri
683 2482 894 2537 autem
936 2480 1137 2555 potest
1177 2494 1260 2535 an
1301 2476 1382 2535 sit
1409 2476 1670 2537 circum-

173 2574 348 2633 stantia
371 2578 608 2631 mutans
635 2569 921 2649 speciem.
953 2570 1020 2629 In
1055 2587 1179 2647 quo
1208 2568 1344 2629 dico
1373 2569 1666 2646 breviter,

173 2668 222 2725 in
251 2666 434 2725 ordine
473 2664 548 2725 ad
577 2662 1026 2724 confessionem
1067 2680 1308 2742 semper
1335 2681 1462 2724 esse
1488 2681 1670 2744 repu-

173 2759 368 2820 tandam
413 2765 711 2838 tanquam
761 2761 1108 2817 mutantem
1163 2756 1424 2836 speciem
1455 2804 1471 2831 ,
1521 2760 1669 2838 quia

173 2870 358 2930 semper
393 2851 750 2912 notabiliter
793 2856 1120 2928 aggravat,
1153 2857 1216 2910 et
1253 2851 1393 2912 ideo
1427 2869 1669 2931 semper

177 2945 515 3005 confitendam
545 2962 678 3005 esse
694 2965 712 3019 3
735 2942 1107 3023 speculative
1129 2949 1339 3004 autem
1369 2944 1668 3023 distingui

173 3044 332 3115 potest.
377 3040 527 3099 Nam
574 3037 886 3118 apostasia
932 3037 1252 3098 interdum
1295 3054 1422 3098 esse
1463 3044 1670 3117 potest

167 3138 326 3191 contra
360 3130 540 3192 fidem
587 3136 940 3209 receptam,
986 3130 1261 3191 nondum
1307 3137 1515 3192 autem
1563 3150 1674 3211 per

157 3224 471 3301 baptismum
511 3224 900 3304 professam3
929 3223 1260 3303 aliquando
1286 3242 1435 3285 vero
1476 3231 1540 3285 et
1571 3243 1672 3285 or-

158 3316 346 3377 dinarie
369 3323 458 3377 est
481 3322 704 3378 contra
737 3317 1175 3397 professionem
1205 3317 1430 3378 factam
1457 3319 1524 3378 in
1561 3318 1668 3379 ba-

153 3410 354 3486 ptismo.
397 3412 464 3471 In
509 3411 720 3490 primo
762 3428 926 3485 casu,
961 3428 1089 3471 non
1133 3410 1380 3471 videtur
1423 3418 1666 3473 mutare

153 3502 390 3579 speeiem,
431 3504 580 3582 qnia
628 3522 756 3565 non
799 3504 1116 3564 invenitur
1147 3502 1270 3564 alia
1309 3504 1504 3564 virtus
1542 3505 1665 3565 dis·

147 3596 300 3655 tincta
319 3614 354 3656 a
371 3596 512 3672 fide,
535 3596 643 3658 vel
665 3602 966 3676 praecepto
989 3597 1044 3677 ej
1053 3614 1147 3671 ua,
1171 3596 1338 3675 quod
1358 3597 1664 3676 perillam

147 3687 386 3763 violetur,
405 3691 566 3751 sicut
585 3691 776 3751 etiam
797 3708 1052 3770 peccare
1073 3696 1285 3751 contra
1301 3691 1664 3751 charitatem

137 3780 238 3855 jam
265 3781 556 3859 habitam,
607 3782 708 3843 vel
744 3788 958 3843 contra
1001 3784 1368 3857 castitatem,
1397 3801 1526 3843 non
1573 3790 1666 3844 est

143 3872 558 3937 circumstantia
601 3883 854 3937 mutans
893 3874 1192 3955 speciem3
1219 3878 1336 3937 erit
1366 3894 1513 3955 ergo
1553 3895 1662 3955 ag·

135 3982 356 4040 gravans
375 4014 396 4044 ,
448 3970 602 4049 quia
654 3982 804 4029 tunc
849 3985 990 4029 cum
1037 3970 1258 4047 majori
1310 3970 1660 4049 cognitione

137 4068 380 4133 peccatur
400 4109 420 4139 ,
469 4072 534 4125 et
581 4069 838 4143 propter
878 4062 1390 4141 ingratitudinem
1443 4064 1660 4125 saltem

135 4154 514 4233 materialem3
534 4156 670 4217 imo
689 4156 818 4216 iere
847 4174 1090 4235 semper
1111 4156 1472 4234 adjungitur
1489 4174 1664 4217 scan-

133 4242 310 4305 dalum
337 4250 526 4309 etiam
565 4248 910 4311 materiale.
955 4250 1025 4309 ln
1051 4248 1274 4309 ultimo
1319 4266 1463 4310 vero
1492 4268 1659 4327 casu,

131 4337 274 4401 valde
307 4341 630 4420 probabile
675 4348 768 4403 est
793 4359 922 4404 esse
958 4342 1484 4403 circumstantiam
1525 4360 1660 4404 mu-

128 4434 328 4493 tantem
351 4436 650 4513 speciem,
673 4436 818 4514 quia
845 4442 938 4495 est
955 4440 1171 4495 contra
1192 4435 1662 4513 promissionem

126 4538 240 4599 quae
263 4524 328 4586 fit
351 4526 420 4589 in
445 4527 784 4608 baptismo,
822 4534 894 4589 ut
923 4528 1130 4589 Patres
1155 4526 1522 4608 loquuntur,
1551 4547 1662 4590 seu

125 4626 308 4679 contra
341 4628 598 4699 pactum
637 4640 781 4683 cum
822 4621 1090 4683 Ecclesia
1131 4622 1380 4697 initum,
1413 4628 1476 4682 et
1519 4623 1662 4684 obe-

123 4706 390 4773 dientiam
449 4714 548 4777 illi
607 4715 946 4794 praestitam
972 4760 989 4787 ‚
1047 4714 1214 4793 quod
1263 4716 1532 4795 pertinet
1583 4718 1662 4776 ad

123 4806 404 4879 quoddam
430 4808 758 4889 injustitiae
792 4826 1020 4887 genus3
1051 4826 1128 4869 ex
1163 4814 1426 4889 utroque
1453 4816 1661 4871 autem

123 4896 374 4959 membro
421 4902 664 4981 optime
712 4900 1056 4963 declaratur
1103 4906 1168 4961 et
1217 4902 1658 4978 confirmatur,

123 4988 260 5061 quod
301 4990 586 5053 diximus
630 4995 999 5074 apostasiam
1043 5011 1170 5055 non
1220 5010 1350 5055 esse
1395 4994 1660 5073 speeiem

123 5076 496 5147 infidelitatis.

3208 411 3327 473 42³

2212 676 2376 739 DISP
2384 674 2659 738 UTAT10
2700 677 2835 739 xv!
2840 680 2883 739 1.

1765 880 1842 929 ΒΕ
1881 881 2247 929 xmmsmus
2298 882 2416 931 NON
2470 882 2781 932 Amanus
2832 885 3027 939 ouon
3065 888 3327 938 accan

2433 978 2635 1025 Boauu

1836 1167 2181 1247 Infidelium
2208 1170 2323 1233 duo
2350 1174 2499 1232 sunt
2522 1171 3327 1253 yonam—Apostasiaalu·

1751 1258 1898 1339 pleat
1923 1260 1993 1321 in
2016 1260 2353 1341 infidelibus
2379 1265 2703 1345 reperitur.
2725 1295 2807 1312 --
2825 1265 3119 1340 Quamvis
3144 1284 3323 1346 apos·

1757 1352 1912 1412 tasia
1939 1370 2069 1415 non
2104 1355 2183 1416 sit
2220 1356 2453 1435 species
2493 1356 2897 1433 infidelitatis,
2938 1366 3009 1419 ut
3045 1360 3113 1421 in
3138 1378 3321 1435 supe·

1758 1444 1909 1505 riori
1937 1445 2355 1525 disputatione
2394 1449 2631 1512 dictum
2660 1456 2772 1524 est,
2812 1458 3023 1513 tamen
3064 1465 3157 1513 est
3182 1453 3323 1515 talis

1756 1536 2251 1616 circumstantia,
2300 1547 2372 1602 ut
2420 1541 2697 1604 doctrina
2746 1542 3017 1620 moralis,
3058 1562 3199 1623 quse
3244 1546 3323 1609 de

1755 1629 2109 1692 infidelibus
2136 1633 2437 1696 tradenda
2466 1641 2589 1710 est,
2634 1637 2901 1697 multum
2928 1656 3005 1699 ex
3035 1636 3140 1699 illa
3168 1656 3321 1719 pen·

1757 1722 1930 1801 deat3
1959 1731 2021 1785 et
2036 1725 2201 1801 ideo,
2228 1727 2303 1787 ad
2330 1728 2629 1807 majorem
2654 1730 2947 1791 doetrinae
2973 1730 3319 1793 claritatem

1757 1823 1820 1879 et
1845 1816 2325 1891 distinctionem,
2352 1820 2556 1882 visum
2584 1829 2677 1883 est
2704 1822 2982 1885 infideles
3008 1842 3223 1887 omnes
3251 1826 3319 1887 in

1755 1910 1880 1971 duo
1908 1913 2112 1990 capita
2140 1910 2541 1992 distinguere,
2574 1922 2637 1976 et
2661 1916 2833 1995 prius
2860 1918 3065 1979 dicere
3092 1918 3169 1979 de
3198 1918 3319 1979 illis

1755 2004 1864 2083 qui
1903 2022 2231 2084 nunquam
2274 2007 2461 2069 fidem
2507 2017 2931 2089 susceperunt,
2960 2010 3063 2071 sed
3103 2011 3171 2073 in
3206 2028 3319 2072 sua

1754 2097 2121 2159 infidelitate
2148 2117 2391 2180 semper
2413 2102 2703 2163 vixerunt
2730 2108 2793 2163 et
2817 2110 3311 2182 permanserunt,

1753 2192 1863 2270 qui
1881 2192 2135 2253 nomine
2154 2192 2501 2255 infidelium
2520 2195 2883 2275 simpliciter
2902 2197 3311 2276 appellantur,

1753 2284 1922 2363 quia,
1973 2286 2343 2364 regulariter
2388 2286 2719 2367 loquendo,
2764 2282 2931 2351 'nihil
2978 2290 3055 2352 de
3102 2298 3316 2353 nostra

1753 2379 1874 2441 fide
1909 2382 2171 2441 credunt
2203 2388 2312 2442 aut
2342 2384 2754 2447 crediderunt.
2800 2388 3014 2448 Postea
3046 2407 3193 2449 vero
3224 2388 3317 2449 di·

1751 2492 1963 2535 cemus
1990 2474 2067 2535 de
2095 2474 2450 2537 infidelibus
2484 2479 2797 2557 apostati5‚
2828 2481 2932 2559 qui
2962 2483 3311 2543 communi-

1749 2574 1844 2629 ter
1859 2575 2161 2629 vocantur
2172 2567 2441 2630 haeretici
2452 2614 2468 2644 ,
2484 2572 2632 2650 quia
2650 2573 3017 2651 regulariter
3030 2575 3315 2637 baeresim

1747 2662 2141 2741 profitentur.
2174 2663 2348 2724 Unde
2372 2669 2587 2725 notare
2614 2665 2803 2726 etiam
2834 2675 3075 2745 oportet
3100 2687 3177 2729 ex
3212 2687 3315 2729 su-

1749 2772 1864 2833 pra
1911 2755 2095 2815 dictis
2138 2756 2503 2834 apostasiam
2552 2758 2861 2837 duplicem
2913 2778 3041 2822 esse
3096 2779 3311 2840 posse,

1749 2864 1940 2907 unam
1975 2866 2014 2907 a
2040 2848 2171 2908 sola
2196 2846 2317 2909 fide
2344 2849 2624 2910 nondum
2671 2852 2943 2930 professa
2985 2853 3051 2914 in
3082 2853 3315 2933 baptis·

1749 2958 1874 3011 mo,
1907 2946 1972 2999 et
2000 2939 2187 3001 aliam
2216 2947 2357 3019 post
2394 2941 2770 3020 baptismum
2798 2951 3112 3026 receptum
3143 2966 3311 3008 com·

1753 3034 2038 3111 missam3
2066 3040 2128 3095 et
2153 3034 2284 3094 hoec
2306 3036 2605 3113 posterior
2624 3036 2754 3097 sola
2780 3044 2873 3099 est
2894 3057 3034 3118 quoe
3055 3040 3136 3101 ad
3160 3060 3315 3121 proe·

1750 3133 1986 3186 sentem
2012 3126 2561 3189 considerationem
2587 3136 2840 3209 spectat,
2866 3132 3036 3209 quia,
3058 3141 3131 3195 ut
3156 3135 3311 3210 dixi,

1750 3218 1856 3280 illa
1903 3219 2035 3281 sola
2078 3225 2277 3299 potest
2325 3220 2551 3281 addere
2603 3222 2953 3284 infidelitati
3004 3227 3311 3287 malitiam

1748 3313 1949 3393 specie
1982 3313 2361 3389 distinctam,
2392 3320 2455 3375 et
2493 3314 2603 3375 illa
2645 3318 2832 3376 etiam
2864 3317 2994 3379 sola
3019 3322 3313 3399 supponit

1744 3424 2071 3485 personam
2090 3405 2394 3485 spirituali
2414 3407 2828 3484 jurisdictioni
2847 3410 3135 3472 Ecclesiae
3165 3412 3311 3473 sub-

1737 3499 1997 3577 jectam,
2026 3505 2091 3561 et
2130 3499 2269 3561 ideo
2312 3518 2393 3560 ex
2428 3499 2539 3560 illa
2566 3500 2841 3579 pendent
2880 3504 3153 3564 actiones
3178 3514 3307 3565 tam

1743 3593 2018 3671 ipsorum
2050 3591 2393 3654 infidelium
2434 3610 2581 3673 erga
2623 3596 2819 3654 Deum
2854 3601 2919 3657 et
2942 3596 3305 3670 Ecclesiam,

1746 3703 1937 3764 quam
1974 3686 2255 3747 Ecclesiae
2291 3687 2451 3748 circa
2493 3686 2663 3761 illos3
2692 3693 2879 3767 atque
2906 3689 2993 3749 ita
3022 3690 3086 3750 in
3126 3690 3307 3751 titulo

1744 3777 2175 3858 disputationis
2236 3781 2353 3842 sub
2412 3780 2769 3842 infidelibus
2830 3800 2958 3844 non
3012 3785 3307 3862 apostatis

1741 3888 1958 3932 omnes
2000 3890 2127 3933 non
2175 3872 2515 3953 baptizatos
2564 3874 3145 3954 comprehendimus
3164 3924 3187 3952 ,
3238 3878 3303 3939 in

1743 3963 1967 4042 quibus
1996 3965 2296 4045 distingui
2334 3973 2590 4046 possunt
2624 3973 2687 4027 et
2708 3968 2989 4048 ipsorum
3031 3976 3299 4048 peccata,

1743 4063 1805 4118 et
1842 4076 2042 4136 poenae
2082 4076 2153 4118 ac
2192 4058 2465 4119 remedia
2506 4065 2921 4139 peccatorum,
2962 4062 3039 4125 de
3076 4062 3303 4143 quibus

1741 4168 1851 4210 suo
1879 4150 2098 4211 ordine
2124 4150 2425 4213 dicemus.

2378 4389 2593 4443 SECTIO
2626 4394 2667 4449 1.

1753 4576 1973 4641 Utrum
2012 4578 2081 4640 iu
2121 4576 2216 4641 his
2252 4578 2597 4655 infidelibus
2629 4584 2829 4661 possit
2859 4582 3166 4648 interdum
3210 4604 3307 4651 ca·
3384 4570 3389 4573 ’

1800 4672 2001 4734 rencia
2024 4672 2169 4750 fidei
2196 4689 2237 4735 a
2258 4678 2499 4753 peccato
2525 4674 2914 4751 infidelitatis
2942 4678 3239 4743 ermari.

1829 4902 1886 4959 l.
1937 4898 2163 4963 Status
2188 4900 2538 4979 quaestionis
2567 4899 2861 4983 aperitur.
2894 4936 2977 4950 —
3016 4906 3309 4979 Quamvis

1743 4990 2075 5052 infidelitas
2110 5008 2186 5051 ex
2228 5008 2340 5051 suo
2367 5009 2595 5070 genere
2626 5001 2945 5073 peccatum
2984 4998 3087 5072 sit,
3118 5006 3189 5059 nt
3216 4998 3311 5059 di·-

1740 5085 1973 5159 ximuS,
1993 5083 2397 5145 nihilominus
2417 5085 2478 5145 in
2510 5104 2578 5147 re
2596 5087 2729 5165 ipsa
2750 5095 2951 5169 potest
2971 5090 3303 5170 aliquando

1741 5196 1780 5238 a
1805 5183 2056 5257 peccato
2082 5178 2385 5251 excusari,
2421 5178 2475 5238 si
2500 5179 2785 5241 voluntas
2816 5182 2998 5257 desit,
3036 5185 3206 5263 quia,
3236 5190 3307 5246 ut

1742 5288 1932 5349 supra
1958 5269 2147 5330 etiam
2174 5270 2467 5346 diximus,
2498 5272 2855 5349 infidelitas,
2886 5282 2958 5335 ut
2988 5276 3068 5336 sit
3098 5294 3307 5357 pecca·

1742 5369 1902 5435 tum,
1936 5360 2287 5423 voluntaria
2328 5380 2457 5425 esse
2488 5364 2671 5426 debet
2684 5387 2703 5440 ;
2744 5366 3117 5446 inquirimus
3154 5386 3305 5447 ergo

1743 5474 1824 5516 an
1853 5456 1918 5515 in
1947 5455 2046 5515 his
2074 5455 2427 5518 infidelibus
2454 5459 2645 5537 possit
2674 5460 3009 5539 aliquando
3038 5460 3305 5523 infideli·

1743 5554 1838 5609 tas
1867 5550 2146 5610 excusari
2173 5568 2210 5609 a
2240 5558 2491 5629 peccato
2533 5552 2623 5612 ex⁵
2650 5552 2890 5615 defectu
2934 5552 3269 5617 voluntatis
3286 5577 3304 5631 3
