3900 6217
470 286 590 349 492

470 401 598 456 tem
647 392 1109 473 temperantias,
1151 400 1222 454 ut
1266 394 1353 454 ita
1399 394 1599 456 dicam
1627 440 1642 469 ,
1697 393 2034 475 spiritualis

471 494 725 568 spectat,
769 493 842 548 ut
869 486 1046 547 docet
1088 486 1266 548 divus
1297 486 1564 549 Thomas
1602 490 1662 549 2.
1704 491 1766 565 2,
1809 493 2029 566 quaest.

471 583 590 644 166
617 588 678 643 et
705 579 1008 662 sequenti.
1034 580 1330 660 Sumique
1359 588 1556 661 potest
1592 600 1669 643 ex
1705 580 1814 641 illo
1857 579 2033 643 Pauli

468 675 547 735 ad
572 676 834 736 Roman.
874 676 950 736 12
977 694 991 734 :
1026 674 1172 739 Non
1193 674 1335 757 plus
1357 692 1564 756 sapere
1589 692 1769 759 quam
1802 677 2035 757 oportet

469 784 699 847 sapere,
731 768 838 830 sed
863 784 1072 849 sapere
1097 769 1178 830 ad
1204 768 1603 843 sobrietatem,
1631 786 1778 830 nam
1805 768 2034 829 sobrie·

468 867 562 923 tas
589 860 873 939 quaedam
901 862 1313 940 temperantia
1343 868 1434 923 est
1449 878 1470 940 3
1497 863 1647 923 item
1683 880 1759 924 ex
1787 862 1895 923 illo
1923 862 2031 923 Ec-

429 1022 444 1035 ·
469 954 728 1015 clesiast.
769 955 846 1015 3:
877 952 1124 1019 Altiora
1149 960 1205 1017 te
1231 972 1302 1018 no
1330 954 1662 1037 quaesieris,
1689 961 1747 1020 et
1769 958 2033 1037 fortiora

469 1054 528 1112 te
553 1066 626 1112 ne
657 1052 966 1112 emeatus
988 1049 1205 1126 fueris,
1241 1055 1300 1112 et
1335 1050 1402 1111 in
1429 1050 1714 1130 plna-ibus
1756 1052 2031 1134 operibus

469 1142 588 1204 Dei
615 1142 743 1205 noli
771 1157 898 1204 0880
939 1142 1212 1204 curiosus
1225 1164 1252 1212 ‚·
1296 1158 1574 1203 excessus
1617 1161 1766 1223 ergo
1809 1145 1874 1205 in
1923 1145 2032 1207 illa

469 1234 821 1310 sobrietate,
853 1251 1040 1314 quam
1087 1232 1314 1295 Paulus
1357 1236 1770 1313 commendat,
1808 1238 2031 1299 vitium

469 1326 840 1388 curiositatis
871 1333 982 1388 est.
1016 1326 1191 1387 Unde
1221 1328 1620 1408 Augustinus,
1659 1328 1800 1390 libr.
1835 1332 1912 1392 10
1954 1330 2033 1393 de

469 1420 689 1481 Morib.
719 1420 974 1495 Eccles„
1002 1437 1133 1500 cap.
1162 1420 1234 1480 21
1269 1440 1284 1479 :
1318 1422 1519 1492 Recte,
1551 1423 1777 1502 inquit,
1807 1425 2033 1489 curiosi

468 1532 594 1578 esso
641 1514 1022 1595 prohibemur
1040 1557 1059 1587 ,
1099 1514 1262 1595 quod
1297 1532 1580 1597 mcc-qnam
1623 1520 2034 1600 temperantiae

467 1624 655 1689 ymas
683 1608 792 1669 eet.
837 1606 913 1665 Et
938 1606 1178 1667 ratione
1205 1606 1571 1684 declaratur,
1611 1613 1758 1691 quia
1797 1612 2031 1673 studio·

471 1698 619 1759 sitas
653 1699 1010 1761 moderatur
1036 1698 1326 1763 affectum
1361 1703 1612 1776 sciendi,
1639 1723 1742 1765 seu
1775 1724 2032 1785 cognos-

471 1792 673 1868 cendi,
707 1792 994 1856 videlicet
1021 1802 1092 1857 ut
1117 1796 1279 1856 circa
1319 1794 1436 1856 hoc
1477 1796 1578 1858 vel
1605 1797 1758 1858 illud
1785 1800 1897 1859 tali
1933 1799 2032 1863 vel

470 1886 578 1946 tali
611 1886 797 1947 modo
843 1893 1144 1964 versetur,
1189 1894 1260 1950 ut
1308 1888 1488 1951 divus
1533 1890 1798 1953 Thomas
1847 1912 2032 1974 supra

471 1979 667 2042 docet.
715 1980 890 2042 Unde
937 1982 1154 2043 modus
1194 1982 1486 2061 peccandi
1527 1984 1777 2063 gravior
1818 1996 2034 2049 contra

470 2072 632 2134 hanc
686 2074 1120 2157 rectitudinem
1173 2082 1288 2152 est,
1341 2077 1591 2157 quando
1640 2079 1778 2159 quis
1825 2080 2034 2161 aliqua

471 2167 630 2227 scire
673 2166 806 2228 vult
849 2186 1036 2249 supra
1079 2170 1314 2249 proprii
1358 2170 1597 2250 ingenii
1645 2172 2029 2251 facultatem,

471 2260 570 2321 vel
599 2261 782 2321 modo
809 2262 997 2323 etiam
1025 2262 1310 2323 eamdem
1347 2263 1702 2326 facultatem
1733 2284 2033 2347 superan-

473 2360 570 2428 te;
597 2355 704 2416 sed
731 2354 847 2417 hoc
876 2355 1056 2417 modo
1085 2356 1387 2435 delinquit
1425 2358 1612 2420 homo
1649 2360 1812 2423 circa
1841 2370 2031 2425 mate-

473 2448 631 2509 riam
667 2448 1196 2528 supernaturalem
1241 2450 1309 2511 in
1357 2450 1474 2512 hoc
1501 2470 1728 2531 genere
1772 2458 2003 2535 peccati
2008 2502 2029 2533 ,

473 2540 552 2601 de
590 2558 712 2620 quo
755 2547 1120 2618 tractamus3
1166 2560 1313 2623 ergo
1343 2563 1452 2625 per
1492 2564 1558 2607 se
1599 2553 1660 2607 et
1705 2546 1934 2611 directe
1965 2550 2031 2610 in

471 2633 588 2695 hac
613 2636 808 2713 specie
843 2634 975 2696 vitii
1009 2636 1422 2699 constituitur.
1467 2638 1678 2701 Altera
1719 2660 1866 2703 vero
1894 2663 2035 2723 pars

471 2725 844 2805 declaratur,
887 2728 1032 2809 quia
1073 2737 1323 2811 propter
1366 2732 1730 2795 affinitatem
1779 2743 1841 2798 ει
1885 2756 2034 2816 pro·

473 2821 884 2901 pinquitatem
908 2840 1096 2902 quam
1122 2824 1309 2886 habet
1329 2824 1462 2887 hoec
1491 2829 1752 2890 materia
1779 2829 2035 2893 damna-

473 2912 616 2974 bilis
661 2932 803 2975 cum
855 2916 1116 2976 materia
1157 2908 1470 2995 haeretica,
1517 2918 1589 2981 fit
1635 2940 1796 3001 saepe
1840 2928 1910 2983 ut
1956 2942 2033 2985 ex

473 3005 658 3067 modo
697 3007 943 3069 errandi
970 3014 1080 3069 aut
1120 3015 1352 3073 temere
1381 3014 1678 3092 opinandi
1721 3014 1787 3076 in
1815 3015 2034 3094 hujus-

473 3100 642 3160 modi
711 3102 968 3163 materia
996 3148 1016 3178 ,
1059 3103 1310 3183 aliquod
1373 3104 1816 3169 detrimentum
1883 3108 2032 3169 fidei

472 3194 712 3255 oriatur
739 3238 759 3271 ,
813 3194 914 3255 vel
968 3195 1346 3260 debilitando
1394 3200 1803 3263 fundamenta
1853 3203 1987 3281 ejus
2008 3246 2029 3277 ,

472 3293 777 3367 quantum
798 3296 982 3351 estex
1005 3310 1092 3366 se,
1117 3290 1215 3352 vel
1242 3293 1504 3354 creando
1525 3295 1868 3374 periculum
1893 3314 2033 3375 per-

471 3380 762 3442 veniendi
787 3382 862 3442 ad
889 3383 1196 3461 haeresim,
1215 3386 1314 3447 vel
1335 3386 1691 3449 scandalum
1719 3388 1855 3449 aliis
1883 3407 2036 3468 prae-

472 3472 693 3537 hendo.
728 3475 886 3536 Hinc
911 3492 1063 3555 ergo
1097 3476 1167 3540 fit
1195 3486 1266 3541 ut
1307 3480 1375 3541 in
1420 3478 1530 3540 tali
1568 3488 1816 3559 peccato
1843 3484 2036 3562 possit

471 3584 630 3647 saepe
654 3586 781 3629 esse
801 3570 1195 3633 accidentalis
1216 3572 1476 3649 malitia,
1497 3572 1596 3634 vel
1614 3580 1828 3635 contra
1846 3574 2034 3637 fidem

471 3662 711 3722 ratione
759 3663 1020 3741 periculi
1066 3670 1177 3725 aut
1228 3664 1625 3741 nocumenti,
1671 3666 1768 3728 vel
1819 3675 2035 3731 contra

471 3754 834 3819 charitatem
893 3758 1134 3819 ratione
1198 3759 1495 3837 scandali,
1560 3761 1660 3823 vel
1720 3762 2035 3825 interdum

423 3875 431 3882 ·
471 3849 660 3911 etiam
699 3856 915 3913 contra
947 3854 1278 3932 justitiam,
1308 3854 1360 3915 si
1399 3856 1537 3935 quis
1577 3874 1654 3917 ex
1691 3856 1893 3918 officio
1930 3877 2036 3920 ve·

470 3944 717 4007 ritatem
749 3946 965 4009 docere
993 3952 1298 4011 teneatur.
1323 3950 1397 4011 Et
1421 3950 1604 4029 juxta
1632 3950 1792 4012 hanc
1819 3972 2035 4013 secun-

472 4038 612 4098 dam
653 4044 915 4119 partem,
943 4046 1004 4101 et
1037 4042 1308 4122 primum
1347 4044 1480 4120 ejus
1519 4044 1894 4122 membrum,
1927 4064 2035 4125 po-

470 4136 592 4192 test
647 4132 853 4211 prima
899 4134 1204 4194 sententia
1254 4133 1450 4196 relata
1505 4136 1836 4216 explicari;
1886 4156 2034 4200 nam

474 4228 724 4304 propter
757 4224 930 4286 illam
961 4227 1485 4289 circumstantiam
1513 4235 1575 4291 ει
1604 4230 1776 4310 quasi
1809 4250 2035 4292 conne-

471 4318 722 4380 xionem
748 4336 888 4379 cum
911 4318 1054 4397 fide,
1077 4326 1397 4401 peccatum
1419 4321 1538 4384 1100
1556 4322 1866 4403 judicibus
1890 4323 2037 4387 fidei

475 4413 695 4474 merito
728 4415 1158 4477 committitur.

551 4504 614 4565 6.
658 4506 878 4571 Nimia
921 4510 1286 4573 asseveratio
1325 4510 1393 4573 in
1431 4510 1693 4573 mam-ia
1733 4510 1891 4575 alias
1919 4530 2036 4574 non

471 4601 804 4663 damnabili
828 4620 950 4665 esse
974 4606 1172 4683 potest
1188 4604 1623 4684 peccaminosa.
1639 4604 1848 4665 —Sed
1871 4623 2036 4684 quae-

472 4698 566 4755 ret
615 4694 866 4756 tandem
919 4696 1141 4776 aliquis
1183 4714 1263 4756 an
1315 4698 1635 4776 contingat
1668 4696 1772 4759 1110
1819 4700 2037 4760 modus

471 4786 770 4866 peccandi
795 4786 862 4849 in
887 4790 1146 4850 materia
1183 4806 1311 4849 non
1357 4789 1718 4869 damnabili,
1769 4790 1874 4852 sed
1913 4790 2037 4852 for-

472 4884 628 4940 tasse
667 4896 834 4941 vera.
880 4881 1242 4961 Respondeo
1273 4900 1448 4962 posse
1477 4884 1664 4945 etiam
1695 4884 1908 4945 excedi
1962 4886 2029 4946 in

471 4972 679 5048 modo,
711 4971 905 5034 nimia
933 4976 1407 5054 exaggeratione
1432 4977 1528 5038 vel
1559 4976 1852 5039 firmitate
1899 4978 2031 5058 opi-

472 5065 704 5140 nando,
728 5066 970 5128 etiamsi
998 5068 1209 5148 opinio
1237 5087 1361 5130 non
1407 5070 1486 5131 sit
1511 5070 1586 5132 de
1616 5070 2033 5151 propositione

473 5160 838 5237 damnabili,
866 5162 994 5222 imo
1021 5162 1336 5225 interdum
1359 5166 1544 5226 etiam
1573 5183 1738 5226 vera.
1770 5166 1858 5226 Ita
1892 5184 2032 5227 sen·

471 5253 550 5313 tit
597 5254 828 5331 Castro,
875 5254 1036 5317 dicto
1084 5254 1195 5318 lib.
1244 5257 1446 5337 primo
1488 5258 1563 5319 de
1608 5259 1764 5320 Just.
1809 5257 2027 5320 haeret.

472 5346 702 5427 punit.,
753 5366 887 5429 cap.
933 5350 996 5425 8,
1043 5349 1193 5411 dub.
1227 5351 1377 5426 ult.;
1409 5356 1471 5413 et
1521 5351 1828 5429 Corduba,
1879 5350 2025 5412 dict.

475 5458 536 5520 q.
569 5444 669 5518 17,
694 5440 732 5523 ἓ
761 5444 822 5521 ’7,
849 5442 997 5505 dub.
1046 5444 1107 5522 2,
1152 5445 1262 5525 qui
1303 5445 1457 5508 adeo
1483 5444 1600 5507 1100
1623 5452 2029 5527 exaggerant,

939 292 1175 345 DISPUT.
1213 292 1318 347 XX.
1356 292 1436 346 DE
1467 292 1757 347 REMEDHS
1791 293 2101 347 ECCLESIAE
2134 294 2377 349 CONTRA
2410 291 2703 347 uffinssssss
2734 290 2816 345 m·
2846 288 3233 345 animnos».

2113 400 2185 455 ut
2210 394 2421 457 dicant
2440 414 2613 475 posse
2642 412 2769 456 esse
2786 392 3145 455 haereticum
3175 411 3363 471 eum,
3396 394 3506 475 qui
3520 400 3675 459 tanta

2114 488 2407 553 firmitate
2435 490 2706 571 aliquam
2757 488 3114 569 opinionem
3160 505 3307 549 esse
3348 504 3559 549 veram
3598 498 3677 551 te·

2113 589 2243 659 net,
2286 589 2357 644 ut
2388 588 2639 663 paratus
2679 582 2758 643 sit
2803 600 2915 663 pro
2961 598 3036 643 ea
3080 581 3279 658 mori,
3313 580 3417 643 vel
3461 582 3676 662 aliquid

2114 676 2332 740 simile.
2383 678 2829 739 Verumtamen
2864 675 2981 736 hoc
3033 674 3244 736 solum
3296 678 3505 755 potest
3548 694 3677 737 con-

2110 770 2351 849 tingere
2380 772 2445 831 in
2486 788 2559 833 eo
2601 770 2710 850 qui
2741 776 2871 830 tam
2900 767 3166 829 firmiter
3194 766 3269 827 id
3294 766 3595 843 crederet,
3618 776 3679 831 ut

2110 862 2399 925 habuerit
2436 864 2715 927 animum
2748 862 3155 925 deliberatum
3208 880 3351 921 non
3408 861 3677 925 credendi

2112 958 2511 1034 contrarium,
2544 958 2788 1020 etiamsi
2812 956 3085 1019 Ecclesia
3110 954 3179 1016 id
3223 954 3555 1035 definiret3
3586 956 3679 1018 illa

2112 1068 2257 1112 vero
2290 1052 2562 1130 haeresis,
2587 1058 2659 1113 ut
2698 1070 2885 1131 supra
2910 1050 3061 1127 dixi,
3111 1068 3254 1111 non
3305 1049 3591 1109 consistit
3622 1051 3681 1111 in

2112 1161 2361 1206 assensu
2384 1144 2722 1225 opinativo,
2760 1143 2961 1205 sedin
2988 1142 3349 1224 pertinacia
3375 1140 3675 1219 haeretica,

2112 1243 2173 1299 et
2196 1237 2505 1316 injudicio
2530 1238 2694 1319 quod
2708 1236 2971 1298 includit
2991 1235 3091 1297 vel
3114 1236 3457 1316 supponit,
3483 1244 3680 1297 contra

2112 1330 2615 1393 infallibilitatem
2662 1331 2963 1393 Ecclesiae.
2998 1332 3157 1391 Item
3200 1333 3425 1410 posset
3465 1329 3533 1389 in
3578 1330 3681 1393 hoc

2110 1423 2363 1487 haeresis
2384 1424 2762 1504 contingere,
2788 1423 2841 1485 si
2854 1422 3124 1486 Ecclesia
3144 1422 3233 1483 de
3258 1422 3486 1501 aliqua
3504 1440 3571 1483 re
3588 1424 3681 1484 de·

2110 1517 2371 1581 finiisset
2406 1537 2533 1580 non
2560 1536 2693 1582 esse
2730 1524 2985 1593 certam,
3030 1523 3095 1579 et
3127 1515 3555 1579 nihilominus
3578 1516 3676 1579 ali-

2112 1614 2249 1693 quis
2276 1614 2530 1675 sentiret
2572 1619 2635 1675 et
2672 1612 3010 1673 affirmaret
3052 1630 3185 1673 esse
3224 1616 3512 1686 certam3
3545 1615 3678 1671 tunc

2114 1713 2323 1767 autem
2342 1708 2530 1768 etiam
2546 1724 2674 1768 non
2694 1712 2850 1768 esset
2868 1705 3164 1780 defectus,
3181 1703 3317 1764 nisi
3342 1702 3415 1763 in
3439 1704 3677 1765 materia

2112 1800 2418 1875 haeretica,
2438 1802 2585 1880 quia
2602 1806 2673 1861 ut
2702 1797 3081 1879 Augustinus
3099 1797 3269 1858 dixit
3298 1797 3369 1857 in
3390 1795 3675 1875 Enchyr„

2114 1910 2168 1954 c.
2208 1894 2281 1955 Π
2312 1900 2373 1955 ει
2406 1896 2526 1956 19:
2566 1893 2807 1957 Habere
2844 1893 3079 1955 incerta
3110 1910 3234 1975 pro
3288 1888 3487 1953 certis
3528 1906 3677 1952 error

2114 1992 2223 2050 est.
2278 1987 2451 2049 Unde
2500 1988 2552 2048 si
2594 1986 2668 2046 fit
2710 1987 2778 2045 in
2809 1984 3065 2045 materia
3121 1983 3420 2058 definita,
3476 1983 3671 2043 saltem

2114 2080 2317 2159 quoad
2370 2079 2547 2142 illum
2602 2078 2897 2154 modum,
2946 2078 3065 2139 erit
3110 2095 3294 2138 error
3338 2074 3668 2137 hoereticus.

2113 2176 2301 2235 Extra
2326 2174 2440 2235 hos
2484 2192 2631 2235 vero
2672 2190 2843 2235 casus
2896 2170 3139 2231 nullum
3188 2176 3289 2232 est
3336 2168 3671 2250 periculum

2111 2267 2361 2331 hoeresis
2390 2269 2457 2329 in
2484 2267 2601 2329 hoc
2635 2266 2818 2329 modo
2859 2285 2969 2327 seu
3016 2282 3279 2327 excessu
3333 2262 3670 2326 affirmandi

2112 2368 2181 2421 ut
2215 2368 2477 2436 certum,
2506 2359 2670 2440 quod
2696 2360 3000 2421 incertum
3030 2363 3123 2419 est
3139 2374 3159 2435 ;
3190 2356 3460 2439 aliquod
3484 2362 3673 2417 tamen

2113 2462 2431 2535 peccatum
2460 2455 2527 2515 in
2570 2472 2643 2515 eo
2672 2451 3100 2524 committitur,
3132 2452 3318 2533 quia,
3361 2448 3509 2511 licet
3544 2466 3670 2531 pro·

2112 2548 2331 2627 positio
2360 2545 2622 2629 simplex
2648 2547 2901 2609 fortasse
2926 2564 3074 2607 vera
3114 2546 3219 2621 sit,
3276 2541 3670 2607 nihilominus

2115 2641 2397 2717 modaIIs,
2430 2658 2569 2721 quai
2598 2658 2673 2702 ex
2716 2638 2825 2701 1110
2872 2638 3251 2701 assentiendi
3310 2636 3524 2709 modo,
3582 2636 3667 2695 vel

2112 2733 2478 2811 formaliter,
2513 2733 2616 2794 vel
2648 2734 2878 2795 virtute
2906 2732 3247 2811 consurgit,
3284 2730 3447 2793 falsa
3483 2736 3589 2805 est,
3619 2734 3671 2788 et

2114 2829 2204 2890 ita
2231 2828 2297 2888 in
2334 2827 2498 2889 illius
2524 2826 2935 2891 affirmatione
2984 2824 3083 2887 vel
3130 2822 3557 2897 mendacium,
3587 2820 3671 2883 vel

2114 2922 2280 2984 aliud
2304 2922 2475 3001 pejus
2502 2920 2804 2983 committi
2837 2925 3056 3000 potest.
3091 2918 3273 2981 Unde
3309 2917 3592 2979 existimo
3616 2920 3668 2975 et

2113 3032 2360 3089 moneo,
2403 3032 2575 3096 posse
2624 3013 2801 3075 iacile
2841 3012 3080 3093 peccari
3134 3012 3421 3091 graviter
3458 3008 3523 3069 in
3568 3004 3668 3067 bac

2114 3107 2397 3185 materia,
2440 3105 2871 3187 exaggerando
2897 3104 3177 3188 proprias
3218 3104 3567 3187 opiniones,
3616 3104 3665 3161 ct

2113 3200 2451 3261 contrarias
2477 3198 2761 3262 convitiis
2808 3198 2907 3260 vel
2950 3198 3226 3261 censuris
3280 3198 3419 3259 sine
3446 3192 3665 3257 delectu

2112 3291 2460 3369 afficiendo,
2501 3292 2645 3372 quia
2672 3290 2825 3351 illud
2871 3290 3052 3353 facile
3079 3308 3209 3353 esse
3236 3294 3446 3373 potest
3479 3284 3661 3368 perni-

2114 3388 2347 3448 ciosum
2398 3384 2794 3449 mendacium
2842 3384 3063 3447 cedens
3102 3385 3169 3445 in
3212 3384 3487 3445 aliorum
3528 3378 3664 3440 iufa-

2116 3480 2308 3541 miam
2331 3479 2431 3541 vel
2458 3479 2782 3557 injuriam,
2811 3483 2872 3539 et
2928 3476 3271 3557 aliquando
3313 3476 3383 3537 in
3429 3487 3659 3555 gravem

2113 3590 2364 3653 poenam
2392 3579 2456 3633 et
2481 3576 2966 3649 nocumentum3
2997 3575 3060 3632 et
3085 3570 3225 3632 ideo
3255 3570 3327 3631 in
3349 3568 3469 3630 1100
3496 3581 3661 3643 nego-

2116 3668 2203 3727 tio
2232 3682 2461 3745 magna
2510 3664 2851 3726 moderatio
2896 3669 2961 3725 et
3000 3662 3335 3743 prudentia
3382 3656 3659 3723 servanda

2116 3765 2229 3835 est,
2256 3759 2590 3839 praesertim
2615 3758 2784 3837 quia,
2812 3763 2882 3818 ut
2904 3756 3184 3818 dicebam
3216 3756 3297 3819 de
3320 3754 3571 3817 veritate
3610 3760 3662 3809 et

2115 3852 2404 3929 falsitate,
2455 3852 2543 3913 ita
2588 3851 2655 3911 in
2696 3851 2943 3913 illarum
2982 3848 3180 3929 gradu
3226 3846 3552 3926 contingit,
3598 3846 3656 3901 ut

2116 3946 2453 4025 propositio
2492 3963 2653 4026 quae,
2684 3944 3045 4023 simpliciter
3076 3942 3339 4024 prolata,
3384 3956 3529 4001 vera
3557 3938 3653 4007 est,

2115 4041 2358 4101 ratione
2384 4040 2551 4100 modi
2580 4038 2681 4101 vel
2706 4056 2978 4098 censurae
3004 4036 3317 4113 adiunctae
3364 4034 3443 4097 sit
3484 4038 3651 4092 teme-

2114 4134 2299 4205 raria,
2330 4138 2391 4193 et
2416 4132 2729 4193 interdum
2767 4148 2895 4192 esse
2918 4137 3118 4211 potest
3148 4135 3368 4192 contra
3396 4122 3654 4189 Ecclesiae

2115 4226 2623 4307 prohibitionem,
2656 4230 2729 4285 ut
2755 4222 3137 4304 in'exemplo
3160 4224 3239 4285 de
3278 4217 3649 4301 conceptione

2118 4319 2529 4380 Immaculata
2573 4320 2641 4379 B.
2679 4318 2973 4397 Virginis„
3006 4323 3071 4377 ct
3112 4318 3178 4379 in
3229 4318 3349 4381 1100
3374 4322 3646 4392 tempore,

2114 4412 2182 4472 in
2206 4412 2463 4473 materia
2482 4411 2560 4472 de
2594 4410 2845 4472 auxiliis
2868 4409 3181 4473 observari
3202 4412 3422 4491 potest.

2584 4661 3030 4723 DlSPUTATlO
3071 4662 3200 4725 XX.

2114 4880 2186 4927 DE
2214 4880 2495 4925 nunnus
2530 4876 2737 4933 omnus
2760 4880 2843 4925 An
2866 4876 3287 4926 conru'rmnas
3315 4878 3426 4924 vm.
3452 4872 3523 4921 An
3546 4870 3640 4915 EX·

2190 4972 2519 5020 TIRPANDAS
2567 4972 2850 5018 nAEnnsns
2876 4972 2953 5018 m·
2992 4972 3355 5031 nAEuTmos,
3394 4958 3638 5016 mctsssu

2194 5066 2416 5113 smera
2453 5066 2533 5111 BT
2560 5066 2739 5113 lusu:
2780 5066 3018 5113 Umun.

2196 5266 2282 5327 Ex
2288 5264 2512 5345 plicata
2538 5265 2789 5329 hoeresis
2810 5266 3013 5347 culpa,
3044 5266 3369 5329 dicendum
3388 5256 3630 5356 sequitur

2114 5358 2189 5421 de
2218 5356 2387 5419 illius
2411 5374 2614 5437 paena,
2630 5375 2769 5438 quoe
2794 5370 2887 5420 est
2904 5376 3104 5422 unum
3132 5378 3205 5423 ex
3235 5352 3503 5422 remediis
3518 5362 3634 5448 qu}-

2114 5453 2231 5515 bus
2256 5451 2525 5515 Ecclesia
2578 5452 2798 5529 utitur,
2830 5458 2966 5515 tum
2992 5453 3075 5516 ad
3125 5454 3401 5517 vitandos
3424 5444 3629 5509 haeretl·

3006 6178 3443 6205 *—-—-—q——-

2782 6198 2957 6209 ————
