3900 6217
519 262 640 325 500

525 370 654 431 imo
689 370 914 448 magis,
959 372 1106 450 quia
1143 370 1444 448 majorem
1485 369 1718 431 habent
1753 368 2083 429 auctorita·

521 468 672 523 tem.
725 464 896 524 Unde
925 462 1224 541 quosdam
1267 463 1614 543 prohibere,
1659 468 1722 523 et
1751 478 1876 523 non
1903 461 2081 535 alios,

519 556 764 617 videtur
785 557 1066 635 quaedam
1094 574 1492 635 personarum
1513 556 1810 634 acceptio,
1837 560 1898 615 et
1919 552 2087 633 quod

519 649 580 709 id
617 648 726 711 fiat
757 652 954 728 magis
993 652 1058 710 in
1095 652 1309 710 odium
1342 668 1742 726 personarum
1783 665 1973 728 quam
2016 648 2085 707 in

521 742 838 803 christiani
869 744 1079 822 populi
1107 744 1464 805 utilitatem.

601 841 664 897 4.
709 837 932 898 Prima
987 840 1242 902 assertae
1289 838 1680 918 affirmativa
1725 836 1797 899 de
1837 836 1979 913 fide,
2014 853 2086 899 ao

520 929 836 1011 bipartita.
891 929 1203 993 Suadam·
1219 933 1434 1010 prima
1459 948 1630 1008 pars.
1659 962 1740 977 -
1759 927 2083 991 Nihilomi-

519 1040 640 1083 nus
665 1021 994 1081 dicendum
1021 1028 1114 1082 est
1133 1024 1357 1101 prium,
1382 1024 1448 1083 in
1479 1022 1746 1083 Ecclesia
1773 1020 2084 1083 Catholiea

523 1132 652 1176 esse
707 1120 1070 1195 potestatem
1115 1114 1196 1177 ad
1239 1116 1358 1176 hos
1402 1114 1594 1177 libros
1639 1114 2081 1195 prohibendOS,

519 1216 582 1269 et
624 1209 1132 1284 concremandoS,
1183 1210 1454 1289 satisque
1498 1210 1961 1283 convenienter,
2012 1226 2087 1269 ac

521 1300 858 1382 prudenter
894 1301 986 1362 uti
1035 1318 1211 1381 posse
1253 1301 1365 1363 tali
1394 1303 1778 1364 auctoritate.
1809 1303 1963 1363 Tota
1989 1318 2085 1362 as·

521 1397 707 1456 sertio
727 1400 822 1456 est
842 1394 938 1468 de-
963 1394 1086 1455 fide
1115 1394 1447 1471 Catholica,
1475 1400 1538 1457 et
1558 1394 1762 1475 prima
1789 1394 1922 1472 ejus
1943 1411 2085 1473 pars

522 1488 594 1550 in
619 1489 789 1551 hunc
820 1488 1076 1549 modum
1099 1488 1444 1567 explicatur
1469 1495 1532 1549 et
1558 1488 1891 1567 probatur3
1935 1504 2085 1547 nam

523 1582 660 1644 haec
681 1582 1017 1663 prohibitio
1039 1583 1414 1643 considerari
1450 1588 1650 1662 potest
1676 1580 1774 1641 vel
1801 1585 2085 1659 respectu

525 1682 851 1738 auctorum
882 1676 1104 1737 talium
1154 1674 1482 1751 librorum,
1519 1676 1606 1737 ita
1631 1680 1703 1735 ut
1741 1674 1850 1737 illa
1874 1672 2085 1754 prohi-

526 1768 682 1831 bitio
711 1771 792 1829 sit
821 1768 1106 1849 quaedam
1145 1769 1413 1849 punitio,
1437 1774 1500 1829 et
1531 1768 1838 1829 execratio
1863 1766 2085 1829 talium

520 1870 923 1944 personarum
946 1879 966 1941 3
1037 1862 1161 1923 alio
1213 1862 1400 1925 modo
1445 1868 1646 1942 potest
1713 1858 2086 1923 considerari

521 1962 801 2035 respectu
833 1955 1135 2031 fidelium,
1166 1963 1238 2015 ut
1282 1955 1362 2015 sit
1385 1955 1564 2034 quasi
1595 1954 1906 2017 medicina
1925 1970 2086 2033 prte-

523 2067 776 2112 servans
798 2048 934 2109 illos
963 2067 1002 2109 a
1048 2048 1341 2127 contagio
1389 2048 1839 2110 haereticorum.
1876 2047 2087 2107 Primo

528 2146 712 2203 modo
734 2141 1032 2221 probatur
1071 2141 1178 2202 illa
1220 2160 1382 2221 pars,
1431 2141 1582 2220 quia,
1605 2139 1874 2201 Ecclesia
1899 2138 2087 2199 habet

520 2240 888 2315 potestatem
919 2234 1224 2313 puniendi
1251 2234 1594 2309 haereticos,
1614 2233 1771 2294 utin
1800 2230 2089 2311 sequenti

527 2328 795 2389 sectione
823 2327 1216 2388 ostendemus
1232 2343 1252 2405 3
1309 2332 1371 2388 et
1422 2326 1530 2387 illa
1580 2342 1764 2405 poena
1805 2331 1897 2386 est
1942 2324 2091 2385 satis

523 2422 990 2499 proportionata
1017 2420 1261 2496 delicto,
1286 2438 1434 2481 nam
1464 2422 1530 2480 in
1555 2437 1678 2499 quo
1703 2417 1926 2498 aliquis
1947 2434 2089 2497 pec·

524 2519 643 2588 cat,
676 2513 884 2592 puniri
932 2514 1202 2573 maxime
1231 2512 1436 2573 debet.
1467 2512 1594 2575 Sub
1629 2511 1952 2591 posteriori
1988 2527 2091 2571 ra-

522 2608 692 2666 tione
722 2607 1004 2685 probatio
1033 2607 1220 2666 etiam
1251 2613 1343 2667 est
1370 2606 1645 2678 evidenS,
1693 2604 1839 2684 quia
1881 2602 2091 2663 Eccle-

526 2702 616 2761 sia
645 2706 844 2779 potest
869 2702 1032 2759 tueri
1055 2718 1125 2759 ac
1147 2699 1478 2760 defendere
1503 2696 1782 2759 membra
1799 2715 1942 2757 sua:
1975 2714 2093 2755 un-

525 2792 602 2853 de
625 2799 828 2872 potest
853 2792 974 2852 illis
1005 2792 1334 2872 praecipere
1363 2798 1434 2851 ut
1466 2810 1505 2853 a
1531 2791 1644 2851 tali
1673 2806 1915 2851 veneno
1949 2788 2091 2849 abs·

525 2886 789 2946 tineent.
820 2885 988 2946 Inter
1014 2884 1127 2947 bas
1167 2892 1380 2946 autem
1407 2885 1560 2946 duas
1587 2884 1860 2945 rationes
1887 2882 2089 2943 consi·

527 2978 802 3039 deranda
831 2984 922 3039 est
947 2977 1301 3039 differentia
1311 2993 1332 3055 3
1357 2995 1506 3037 nam
1529 2976 1646 3037 sub
1668 2976 1870 3055 prima
1889 2974 2091 3037 solum

529 3072 883 3133 extenditur
909 3069 1041 3131 hoec
1065 3076 1336 3149 potestas
1361 3069 1441 3130 ad
1474 3068 1750 3148 proprios
1777 3066 2095 3129 boereticos

529 3174 590 3228 et
618 3170 928 3245 apostatas
947 3163 1308 3243 baptizatos,
1332 3163 1516 3242 juxta
1545 3162 1710 3230 dicta
1730 3160 1799 3221 in
1825 3160 2097 3240 disputa-

528 3259 698 3320 tione
723 3257 1128 3337 praecedente.
1163 3256 1292 3317 Sub
1322 3255 1644 3337 posteriori
1667 3260 1876 3317 autem
1904 3254 2091 3314 ratio-

529 3370 610 3412 ne
653 3357 854 3431 potest
896 3348 1162 3411 Ecclesia
1207 3348 1533 3429 prohibere
1581 3346 1867 3409 fidelibus
1903 3345 2093 3407 libros

529 3459 1067 3523 quorumcumque
1112 3441 1484 3518 infidelium,
1515 3439 1757 3502 etiamsi
1797 3438 2093 3519 baptizati

529 3556 658 3599 non
683 3536 830 3611 sint,
857 3554 970 3598 nec
997 3536 1116 3597 sibi
1153 3535 1384 3596 subditi
1399 3549 1422 3613 3
1461 3539 1638 3595 etita
1664 3534 1733 3594 in
1775 3534 2095 3613 primitiva

529 3629 800 3691 Ecclesia
837 3627 1218 3709 prohibitum
1251 3634 1384 3689 erat
1412 3624 1700 3687 fidelibus
1724 3625 1912 3687 libros
1935 3624 2097 3687 Gen-

529 3722 738 3783 tilium
767 3722 995 3801 legere,
1015 3726 1090 3781 ut
1118 3719 1308 3783 refert
1345 3719 1650 3795 Clemens,
1679 3717 1842 3783 libro
1873 3721 1902 3779 1
1937 3718 2096 3781 Con-

531 3816 658 3875 stit.
696 3814 1211 3893 Apostolicarum,
1241 3830 1376 3892 cap.
1417 3813 1479 3873 6.
1513 3811 1593 3873 Ει
1616 3813 1778 3873 ratio
1805 3817 1921 3887 est,
1950 3812 2099 3891 quia

531 3908 638 3969 ille
661 3924 733 3968 ac
741 3913 834 3967 tus
847 3905 1294 3985 jurisdictionis
1331 3905 1562 3966 directe
1581 3904 1834 3983 respicit
1859 3902 2091 3966 fideles.

616 4003 676 4063 5.
729 3998 1042 4063 Suadotur
1074 3999 1324 4062 secundo
1360 4015 1436 4061 σω
1472 4014 1591 4061 usu
1615 3996 1914 4062 Eccloriae
1939 3999 2105 4078 apud

537 4110 750 4157 sacras
772 4094 1038 4156 litteras.
1065 4124 1148 4139 -
1168 4090 1377 4153 Altera
1402 4108 1548 4152 vero
1575 4089 1930 4151 assertionis
1956 4108 2101 4169 pars

537 4186 615 4247 de
643 4185 1078 4248 convenientia
1109 4182 1806 4263 sufficientenprobatur
1833 4200 1909 4243 ex
1939 4184 2101 4243 anti-

539 4279 835 4359 quissimo
865 4296 977 4338 usu
997 4284 1058 4338 et
1084 4275 1414 4339 traditione
1441 4275 1724 4337 Ecclesiae
1730 4291 1752 4353 3
1768 4292 1914 4337 nam
1935 4275 2104 4355 quod

539 4372 833 4434 universa
871 4368 1138 4433 Ecclesia
1169 4366 1482 4429 Catholica
1507 4385 1751 4449 semper
1797 4368 2103 4447 probavit,

539 4470 602 4526 et
621 4470 920 4543 tanquam
947 4460 1264 4523 moraliter
1289 4460 1708 4522 necessarium
1725 4460 2098 4539 observavit,

537 4575 667 4619 non
705 4561 902 4637 potest
945 4573 1072 4616 non
1118 4572 1247 4615 esse
1301 4553 1502 4615 eidem
1543 4553 1826 4615 Ecclesiae
1878 4571 2104 4615 conve-

542 4649 996 4711 nientissimum
1008 4692 1029 4724 ,
1079 4664 1222 4710 cum
1269 4647 1338 4707 in
1393 4646 1490 4707 his
1540 4646 1725 4708 rebus
1779 4665 1818 4708 a
1868 4646 2103 4727 Spiritu

541 4742 766 4804 Sancto
823 4750 1109 4820 regatur;
1165 4738 1464 4801 fundatur
1515 4758 1663 4803 vero
1711 4740 1914 4819 primo
1966 4740 2103 4802 haec

544 4834 918 4895 consuetudo
947 4834 1014 4895 in
1041 4832 1302 4914 eo‘quod
1327 4830 1587 4894 refertur
1607 4838 1739 4895 Act.
1781 4834 1882 4910 19,
1912 4834 2099 4914 quod,

541 4925 724 4989 multi
763 4926 870 5008 qui
910 4930 1160 5000 fuerant
1203 4925 1446 4988 curiosa
1481 4926 1718 5002 sectati,
1773 4928 2105 5008 offerebant

537 5021 722 5085 libros
739 5066 761 5096 ,
829 5026 884 5083 ec
946 5018 1360 5083 comburebant
1411 5036 1508 5081 eos
1557 5037 1762 5083 eoram
1808 5022 2100 5097 omnibus,

546 5114 710 5195 quod
741 5112 1052 5175 faciebant
1085 5112 1354 5173 Gentiles
1381 5112 1630 5192 quando
1657 5114 2104 5176 converteban-

541 5214 646 5269 tur
677 5207 755 5267 ad
792 5205 1002 5282 iidem,
1057 5205 1156 5267 vel
1192 5206 1457 5267 interius
1487 5206 1641 5267 moti
1670 5206 1938 5269 efficacia
1966 5208 2103 5270 doc-

539 5300 721 5362 trinae
747 5299 1126 5378 Apostolicae,
1156 5304 1226 5358 ut
1243 5298 1332 5358 ait
1348 5299 1670 5375 Eusebius,
1691 5300 1804 5360 lib.
1839 5302 1876 5362 3
1901 5302 2105 5363 deDe-

543 5392 990 5455 monstratione
1018 5391 1402 5474 evangelioa,
1457 5394 1642 5472 capit.
1689 5396 1754 5471 8,
1805 5394 1906 5457 vel
1957 5395 2105 5476 quia

985 267 1222 345 msam.
1257 268 1366 321 XX.
1402 267 1482 321 DE
1513 266 1802 321 REMEDHS
1835 264 2148 319 ECCLESIAE
2179 266 2424 320 CONTRA
2455 222 2750 323 EAERESES
2780 272 2863 323 ET
2894 272 3276 327 HAERETICOS.

2162 375 2460 448 pastores,
2506 371 2606 431 vel
2652 370 2917 433 ministri
2964 372 3265 448 Ecclesiae,
3298 372 3539 453 quando
3576 376 3685 439 illos

2164 462 2647 541 catechizabant‚
2678 466 2980 528 docebant
3016 484 3119 527 eos
3152 466 3317 526 illud
3362 483 3489 527 esse
3514 486 3685 530 neces-

2166 556 2398 617 sarium
2430 559 2507 617 ad
2548 559 3007 639 suscipiendum
3049 559 3430 639 baptismum
3456 560 3621 640 digne
3642 572 3691 625 et

2165 666 2310 710 cum
2332 669 2477 711 vera
2496 653 2885 731 poenitentia,
2904 659 3041 711 tum
3064 653 3141 712 ad
3159 652 3565 713 auferendum
3582 674 3695 733 pro-

2164 745 2373 821 prium
2394 746 2629 805 morale
2646 745 3014 824 periculum,
3032 754 3169 805 tum
3184 746 3382 806 etiam
3400 746 3478 807 ad
3496 748 3693 809 satisfa-

2166 835 2459 897 ciendum
2510 838 2793 898 Ecclesiae
2810 854 2831 912 3
2862 843 2927 898 et
2961 836 3099 897 ideo
3140 838 3396 917 publice
3440 838 3501 898 id
3544 841 3693 901 facie-
3799 910 3800 923 χ

2164 925 2336 990 bant.
2380 929 2555 991 Unde
2596 930 2676 991 ad
2726 930 2921 991 instar
2960 931 3149 1009 hujus
3186 931 3489 1011 exempli,
3542 933 3697 995 refert

2163 1020 2333 1082 aliud
2358 1021 2741 1100 Augustinus
2761 1023 2828 1083 in
2852 1024 3073 1084 Psalm.
3095 1026 3197 1098 61,
3230 1030 3377 1103 post
3394 1031 3577 1085 totam
3590 1029 3698 1105 ejus

2164 1116 2646 1191 enarrationem,
2671 1116 2747 1177 de
2770 1116 3037 1196 quodam
3062 1117 3195 1195 jam
3222 1117 3585 1194 Christiano,
3608 1120 3697 1199 qui

2164 1206 2371 1268 fuerat
2390 1226 2629 1287 magus,
2664 1209 2775 1288 qui
2814 1211 3249 1288 poenitentiam
3288 1216 3561 1285 acturus,
3578 1230 3697 1291 por-

2165 1304 2283 1375 tat,
2335 1299 2561 1381 inquit,
2611 1318 2752 1365 mos
2792 1302 3017 1365 codices
3053 1301 3475 1375 incendendos,
3520 1303 3697 1383 quibus

2163 1395 2374 1470 fuerat
2417 1395 2837 1468 incendendus,
2880 1399 2951 1457 ut
3000 1393 3134 1456 illis
3164 1396 3235 1455 in
3274 1395 3476 1477 ignem
3500 1395 3695 1470 misus,

2162 1486 2295 1567 ipse
2350 1487 2419 1550 iu
2467 1490 2854 1571 resi-iyerium
2914 1494 3209 1553 transeat.
3282 1490 3495 1567 Neque
3546 1490 3699 1551 refert

2164 1580 2331 1658 quod
2370 1581 2437 1640 in
2476 1580 2574 1641 his
2600 1580 2749 1643 locis
2776 1582 2854 1643 de
2882 1582 3139 1661 magicis
3168 1580 3349 1643 libris
3388 1598 3581 1642 sermo
3606 1584 3689 1655 siu

2162 1690 2315 1733 nam
2350 1672 2451 1735 vel
2477 1674 2569 1734 illi
2612 1692 2740 1735 non
2782 1683 2927 1735 sunt
2974 1674 3107 1735 sine
3144 1673 3488 1748 erroribus,
3522 1674 3605 1735 vel
3634 1676 3693 1735 ab

2166 1766 2255 1827 eis
2288 1785 2325 1826 a
2350 1765 2594 1827 fortiori
2630 1772 3071 1844 argumentum
3114 1766 3395 1827 sumitur
3424 1765 3499 1826 ad
3542 1766 3693 1827 libros

2166 1857 2626 1935 haereticorum,
2656 1861 2766 1939 qui
2794 1858 2993 1921 multo
3032 1859 3283 1939 pejores
3308 1865 3481 1919 sunt.

2246 1954 2308 2014 6.
2354 1955 2402 2016 I
2398 1960 2515 2017 tem
2536 1956 2704 2035 apud
2720 1953 2986 2019 Concilia
3008 1962 3061 2017 et
3080 1956 3341 2017 Patres.
3364 1984 3447 2001 -
3465 1954 3693 2017 Secundo

2168 2046 2511 2107 Concilium
2572 2048 2803 2108 Nicaen.
2858 2048 3041 2125 jussit
3106 2046 3301 2107 libros
3370 2046 3693 2108 Arianorum

2168 2138 2301 2217 igni
2324 2139 2511 2216 tradi,
2541 2146 2612 2199 ut
2640 2139 2829 2201 refert
2860 2139 3267 2219 Nicephorus,
3302 2138 3449 2200 libr.
3488 2140 3544 2214 8,
3588 2156 3691 2217 cap.

2171 2232 2271 2305 18,
2302 2236 2365 2291 et
2394 2238 2605 2311 postea
2636 2233 3080 2293 Constantinus
3106 2234 3403 2311 praecepit
3430 2232 3495 2291 id
3522 2248 3697 2291 execu-

2168 2324 2325 2385 tioni
2360 2326 2667 2400 mandari,
2698 2334 2769 2387 ut
2808 2324 2997 2405 paulo
3021 2325 3285 2386 inferius
3332 2325 3496 2385 idem
3520 2332 3696 2385 auctor

2166 2417 2380 2479 refert.
2432 2420 2741 2481 Praeterea
2792 2422 2957 2481 inter
3002 2426 3141 2480 acta
3195 2419 3455 2481 Concilii
3484 2417 3697 2478 Chalce-

2170 2510 2483 2588 donensiS,
2518 2518 2637 2575 act.
2675 2515 2736 2587 3,
2785 2512 2851 2573 in
2890 2512 3112 2573 ultima
3146 2512 3432 2591 epistola,
3478 2509 3696 2571 habetur

2169 2602 2529 2683 hujusmodi
2581 2604 2916 2685 prohibitio
2969 2604 3273 2666 Marciani
3326 2604 3695 2683 imperatoris,

2170 2714 2310 2776 quae
2336 2699 2467 2759 sine
2500 2698 2688 2758 dubio
2716 2698 3093 2777 approbante
3120 2698 3395 2759 Concilio
3422 2696 3571 2757 facta
3594 2703 3695 2768 est;

2168 2797 2229 2852 et
2292 2788 2419 2851 alia
2470 2790 2688 2852 similis
2765 2791 2994 2871 legitur
3061 2790 3129 2851 in
3205 2792 3443 2869 quintas
3506 2786 3701 2867 synodi

2170 2883 2375 2945 collat.
2410 2884 2471 2959 5,
2512 2901 2588 2944 ex
2616 2882 2959 2944 Theodosio
3004 2888 3065 2945 et
3100 2882 3567 2957 Valentiniano3
3609 2881 3697 2940 ha·

2170 2976 2353 3041 betur
2381 2978 2568 3037 etiam
2594 2975 2663 3036 in
2686 2982 2858 3038 sexta
2880 2977 3153 3056 Synodo,
3174 2994 3319 3036 can.
3336 2976 3417 3036 63
3440 2972 3698 3045 Trullan„

2174 3069 2285 3131 ubi
2312 3068 2690 3149 generaliter
2729 3068 2873 3131 libri
2899 3069 3079 3149 impii
3106 3068 3533 3149 prohibentur,
3572 3071 3627 3126 et
3646 3063 3697 3123 in

2176 3162 2443 3241 septima
2488 3160 2762 3241 Synodo,
2814 3178 3037 3223 canon.
3086 3163 3149 3238 3,
3194 3160 3481 3223 comburi
3520 3156 3699 3238 proeci-

2170 3254 2453 3335 piuntur.
2489 3255 2568 3315 Et
2609 3254 2678 3315 in
2720 3254 2950 3317 Concil.
3004 3255 3358 3329 Constant.,
3394 3270 3533 3313 sess.
3576 3250 3609 3310 8
3648 3254 3695 3308 et

2176 3351 2277 3422 15,
2318 3347 2585 3426 legimus
2634 3346 2825 3409 libros
2872 3348 3133 3409 Joannis
3185 3348 3320 3409 Hus
3364 3352 3425 3408 et
3466 3340 3697 3419 Wicleph

2172 3440 2362 3502 fuisse
2413 3440 2549 3519 igni
2590 3441 2867 3503 traditos.
2906 3441 3111 3502 Tertio
3148 3440 3537 3502 consentiunt
3576 3435 3696 3494 Pou-

2180 3533 2395 3612 tifices,
2436 3540 2499 3595 et
2528 3535 2761 3611 Patres,
2807 3535 3149 3615 praesertim
3176 3535 3305 3596 Leo
3336 3534 3517 3611 Papa,
3554 3527 3695 3607 epist·

2175 3628 2279 3703 93,
2328 3644 2465 3706 cap.
2528 3629 2627 3699 15,
2682 3627 2793 3689 ubi
2838 3627 3114 3689 notanda
3160 3634 3311 3689 suut
3362 3626 3467 3687 illa
3510 3620 3693 3682 verba:

2184 3720 2471 3793 Quamvis
2514 3720 2583 3782 in
2620 3718 2751 3785 illis
2786 3723 2915 3784 sint
2956 3722 3233 3802 quoedam
3268 3738 3403 3803 μω
3431 3716 3694 3781 videmur

2180 3814 2389 3877 hahere
2410 3816 2667 3896 speciem
2696 3812 2973 3898 pietatis,
3018 3832 3329 3894 nunquam
3354 3818 3540 3877 tanton
3558 3802 3695 3870 saeui

2180 3913 2325 3973 sum
2366 3907 2627 3984 venenis,
2680 3916 2797 3971 etc.
2830 3910 3003 3971 Idem
3040 3908 3230 3971 habet
3276 3902 3609 3975 Nicolaus1,
3632 3896 3691 3959 ad

2180 4001 2463 4062 consulta
2512 4000 2943 4079 Bulgarorum‚
2978 4020 3111 4081 cap.
3161 4002 3306 4077 103,
3354 3998 3458 4060 ubi
3483 4006 3688 4075 genem·

2180 4091 2324 4155 liter
2350 4092 2623 4174 loquitur
2673 4094 2747 4155 de
2783 4094 2985 4156 noxiis
3024 4093 3202 4155 libris
3246 4100 3313 4155 et
3346 4084 3681 4170 blasphemis·

2182 4186 2350 4249 Idem
2370 4187 2638 4249 sumitur
2664 4205 2743 4248 ex
2773 4186 3012 4249 Gelasio
3033 4188 3222 4267 Papa,
3250 4188 3321 4248 in
3346 4202 3475 4265 cap.
3501 4180 3687 4245 Sancta

2182 4278 2485 4354 Romana,
2517 4281 2577 4340 d.
2612 4280 2713 4341 15.
2742 4281 2898 4342 item
2920 4298 2999 4341 ex
3025 4280 3323 4359 Gregorio
3344 4278 3683 4341 Nazianzeno‚

2184 4380 2339 4435 orat.
2370 4373 2447 4435 18
2476 4372 2554 4433 de
2581 4373 2890 4453 Cypriano
2912 4378 3185 4452 martyre
3210 4379 3273 4434 et
3294 4388 3489 4449 mago,
3516 4366 3581 4426 de
3596 4376 3689 4441 (311⁰

2186 4466 2377 4528 etiam
2401 4466 2555 4527 dicit
2580 4466 2647 4526 in
2674 4466 2925 4545 signum
2954 4484 3119 4528 verae
3166 4460 3563 4527 conversionis
3578 4469 3687 4515 suos

2182 4559 2452 4639 magicos
2479 4558 2669 4620 libros
2730 4558 2975 4639 publice
3018 4560 3437 4622 combussisse.
3480 4555 3549 4616 Et
3584 4556 3689 4610 tan·

2182 4653 2325 4714 dem
2362 4652 2557 4714 videri
2588 4657 2789 4731 potest
2820 4652 3137 4732 Origenes,
3166 4652 3335 4715 hom.
3362 4650 3441 4713 9
3425 4668 3484 4709 ιιι
3508 4646 3685 4707 Nume-

2181 4764 2306 4807 ros,
2354 4747 2657 4807 Praeterea
2702 4744 3079 4806 confirmant
3128 4746 3411 4807 Doctores
3456 4728 3689 4801 catholici

2184 4837 2347 4899 hanc
2373 4838 2715 4913 veritatem,
2735 4855 2774 4898 a
2798 4837 3065 4914 fortiori,
3087 4837 3369 4917 exemplo
3382 4828 3681 4897 Gentilium,

2185 4932 2293 5011 qui
2322 4932 2511 4993 libros
2536 4950 2689 5011 quos
2718 4950 2846 4994 suae
2870 4932 3227 5013 reipublicae
3264 4930 3469 4993 noxios
3490 4923 3688 5001 mmm·

2184 5030 2357 5100 runt,
2402 5042 2646 5103 semper
2681 5025 3138 5105 prohibuerunt
3186 5035 3249 5086 et
3296 5022 3421 5103 igni
3468 5009 3684 5077 tradide-

2185 5124 2354 5194 runt,
2386 5118 2463 5179 de
2502 5118 2731 5197 quibus
2784 5118 3067 5200 exempla
3116 5118 3447 5197 congerunt
3492 5104 3680 5170 Loriu-

2184 5211 2253 5273 in
2308 5230 2447 5291 cap.
2500 5214 2578 5274 19
2620 5212 2786 5290 Act„
2834 5232 2993 5276 vers.
3052 5214 3165 5291 ⁴93
3220 5218 3283 5275 et
3330 5210 3563 5273 Simone·
3550 5242 3586 5274 ο,
3628 5208 3679 5254 ¹¹²

2185 5303 2409 5381 Instit„
2435 5304 2535 5367 tit.
2562 5306 2678 5368 38·
2662 5350 2679 5381 ‚
2706 5314 2771 5369 et
2798 5307 3185 5383 Bellarmin„
3215 5306 3319 5369 lib.
3352 5307 3386 5367 3
3411 5300 3479 5363 de
3502 5288 3678 5359 Laicis,

2154 5416 2327 5479 cap.
2352 5399 2452 5459 20.
