3900 6217
581 396 700 459 274

580 502 755 564 Unde
783 504 944 563 reete
974 498 1376 577 Augustinus,
1415 497 1524 558 lib.
1556 500 1631 559 17
1661 503 1874 557 contra
1898 498 2135 574 Faust.,

579 617 639 657 c.
671 599 739 656 11
771 616 786 654 ε
821 594 904 655 In
931 593 1168 653 nullum
1205 608 1414 653 nomen
1445 589 1758 673 reliyz'onz's
1788 588 2141 673 confimari

585 688 844 750 homines
862 689 1144 765 possunt,
1173 682 1298 745 nisi
1324 684 1524 765 alt'quo
1546 684 2017 766 siquae-ulmam,
2048 682 2145 745 vel

569 784 1092 843 sacramentorum
1142 777 1473 839 visibilium
1523 777 1820 839 consortio
1859 776 2141 857 colliyon-

582 878 704 936 tur.
753 872 904 931 Vide
943 872 1146 949 ipsum
1192 870 1610 948 Augustinum
1633 916 1652 945 ,
1703 870 1886 929 tertio
1930 876 2147 929 contra

581 966 900 1046 epistolam
947 962 1363 1039 parmenian„
1406 963 1606 1042 capite
1647 963 1868 1041 primo,
1915 960 2149 1024 Confir-

579 1066 809 1127 matur‚
855 1076 998 1117 nam
1030 1056 1312 1129 Ecclesia,
1359 1072 1494 1135 quae
1517 1062 1798 1135 tempore
1827 1055 2147 1135 Apostolo-

580 1171 721 1213 rum
751 1151 976 1226 extitit,
1008 1157 1070 1210 et
1099 1151 1162 1208 in
1193 1168 1382 1229 quam
1413 1150 1675 1229 Spiritus
1709 1150 1969 1209 Sanctus
1996 1147 2142 1206 visi-

578 1247 786 1307 biliter
805 1244 1140 1320 descendit,
1169 1242 1424 1304 visibilis
1452 1249 1607 1317 erat,
1635 1242 1974 1321 eademque
2002 1238 2145 1300 visi-

579 1340 787 1401 biliter
829 1344 1009 1399 aucta
1051 1338 1206 1412 fuit,
1248 1336 1496 1415 quando
1537 1336 1636 1395 die
1673 1354 1800 1395 uuo
1835 1336 1966 1412 jam
2000 1334 2137 1407 tria,

573 1436 703 1514 jorn
750 1432 1024 1512 quinque
1072 1431 1270 1492 millia
1308 1430 1636 1491 hominum
1676 1429 1751 1489 ad
1796 1428 1967 1488 illam
2000 1434 2145 1488 sunt

581 1528 810 1601 addita,
863 1530 1154 1586 Actorum
1195 1525 1416 1605 prim0,
1465 1522 1769 1597 secundo,
1813 1520 1998 1583 tertio
2012 1568 2032 1597 ,
2082 1528 2144 1582 et

581 1630 824 1702 quarto.
857 1622 1084 1680 Eadem
1113 1618 1632 1697 consequentibus
1655 1616 1833 1677 annis
1873 1634 1981 1695 per
2008 1632 2143 1675 sen-

581 1716 820 1776 sibilem
862 1713 1355 1792 praedicationem
1402 1717 1464 1771 et
1501 1708 1802 1771 miracula
1844 1707 2143 1788 paulatim

584 1809 774 1869 erevit.
811 1806 1155 1867 visibiliter.
1199 1804 1427 1865 Eadem
1471 1804 1737 1883 denique
1778 1802 2143 1863 continuata

580 1902 734 1964 serie
763 1904 1098 1980 propagata
1129 1944 1147 1974 ,
1193 1903 1254 1959 et
1282 1899 1454 1977 quasi
1494 1917 1600 1977 per
1634 1915 1854 1957 manus
1889 1894 2137 1971 tradita,

580 1995 661 2055 ad
694 2012 800 2054 nos
829 2011 1020 2071 usquc
1051 1991 1329 2071 pervenit
1344 2007 1363 2068 3
1409 1992 1526 2052 erit
1557 2007 1704 2067 ergo
1736 1996 1796 2049 et
1824 1988 1957 2049 haec
1987 2006 2140 2069 prae·

583 2107 721 2150 sens
753 2087 1020 2147 Ecclesia
1050 2085 1237 2146 etiam
1275 2083 1569 2159 visibilis,
1609 2102 1752 2143 cum
1788 2080 2006 2143 eadem
2036 2083 2137 2159 sit,

583 2191 768 2263 atque
834 2181 1062 2241 eisdem
1149 2176 1342 2255 siguis
1415 2176 1802 2238 sensibilibus
1876 2174 2141 2237 discerni

581 2282 784 2361 queat.

663 2372 722 2431 5.
769 2368 1047 2431 Assertio
1073 2366 1353 2431 secunda.
1381 2396 1461 2410 —
1485 2363 1794 2429 Probatur
1815 2365 2037 2446 pm'mo.
2060 2394 2145 2409 —

581 2464 728 2525 Dico
780 2462 1082 2523 secundo:
1116 2460 1384 2521 Ecclesia
1412 2458 1635 2519 Christi
1679 2474 1846 2531 vera,
1902 2457 2009 2519 illa
2052 2463 2146 2519 est

581 2576 718 2638 quae
747 2562 1035 2635 perpetuo
1063 2552 1316 2615 visibilis
1346 2558 1713 2631 persi-verat.
1746 2552 1884 2612 iiaec
1901 2550 2147 2611 conclu-

585 2652 674 2710 sio
703 2668 920 2729 parum
952 2666 988 2707 a
1009 2645 1380 2727 proecedeuti
1406 2644 1635 2719 differt,
1667 2651 1729 2705 et
1757 2644 1987 2704 eisdem
2017 2643 2146 2705 fere

585 2740 1002 2802 fundamentis
1030 2742 1292 2815 nititur;
1329 2738 1628 2799 astruitur
1664 2744 1876 2798 tamen
1925 2736 2005 2797 ad
2052 2755 2147 2797 re-

583 2836 912 2896 fellendam
945 2834 1172 2893 directe
1192 2830 1441 2891 inanem
1489 2830 1657 2891 illam
1684 2830 2145 2890 distinctionem

585 2928 1036 3001 ha’rcticorum,
1068 2934 1130 2985 et
1179 2922 1476 3004 probatur
1502 2942 1720 3001 primo.
1757 2924 1908 2983 Nam
1941 2922 2145 2983 Eccle-

587 3022 673 3080 sia
727 3038 914 3099 qnam
953 3018 1227 3079 Christus
1275 3017 1560 3076 fundavit
1610 3015 1867 3076 visibilis
1913 3023 2027 3091 est,
2076 3023 2146 3077 ut

585 3111 899 3192 Scriptura
927 3110 1122 3184 docet,
1154 3118 1215 3171 et
1234 3117 1441 3170 tamen
1471 3109 1605 3169 hoec
1649 3110 1865 3169 cadem
1890 3116 1981 3169 est
2008 3127 2145 3189 per·

587 3211 772 3285 petua
787 3221 808 3281 3
839 3223 988 3282 ergo
1017 3204 1155 3264 duae
1182 3202 1483 3281 ejusmodi
1511 3202 1914 3281 proprietates
1943 3202 2144 3262 eidem

583 3296 866 3358 Ecclesiae
910 3296 1310 3369 conveniunt,
1367 3312 1567 3374 neque
1617 3300 1873 3373 possunt
1909 3313 1948 3353 a
1998 3312 2144 3355 vera

585 3390 848 3453 Ecclesia
867 3391 1156 3469 separari,
1188 3397 1250 3450 et
1269 3395 1600 3467 utrumque
1630 3395 1794 3467 patet
1818 3406 1894 3449 ex
1920 3388 2138 3450 Matth.

589 3486 688 3561 -16,
717 3484 821 3545 ubi
846 3483 922 3544 de
947 3481 1212 3543 Ecclesia
1239 3500 1422 3561 super
1454 3481 1700 3542 Petrum
1742 3481 2021 3556 fundata,
2054 3487 2141 3541 at·

586 3598 707 3660 que
753 3578 905 3639 adeo
950 3576 1194 3648 visibili,
1243 3574 1494 3650 dicitur,
1544 3573 1711 3655 quod
1729 3580 1927 3655 portos
1949 3575 2145 3653 inseri

586 3691 704 3734 non
721 3669 1135 3751 praevalebant
1156 3670 1446 3731 adversus
1479 3686 1626 3730 eam.
1665 3668 1963 3753 Secundo,
1996 3668 2144 3748 quia

588 3784 830 3845 semper
848 3770 1088 3842 oportet
1107 3780 1232 3822 esse
1255 3767 1528 3841 pastores
1552 3760 1827 3823 visibiles
1855 3762 1920 3821 in
1943 3762 2147 3823 Eccle-

588 3862 700 3920 sia.
729 3858 836 3919 Est
862 3858 1130 3936 optimus
1153 3856 1322 3915 locus
1371 3854 1449 3915 ad
1479 3856 1696 3935 EpheS.
1728 3857 1802 3917 4:
1847 3856 2146 3931 Quosdam

587 3950 769 4025 dedit,
821 3958 966 4025 etc.,
1023 3948 1108 4011 ad
1156 3951 1720 4012 consummationem
1773 3948 2147 4013 Sanctorum

585 4050 765 4111 donee
792 4060 1176 4107 occurramus
1203 4060 1399 4104 omnes
1413 4040 1480 4103 in
1497 4042 1696 4105 virum
1707 4046 2063 4125 perfectum,
2083 4042 2147 4102 id

589 4146 703 4216 est,
735 4157 925 4217 usquc
953 4136 1031 4197 ad
1061 4135 1226 4195 diem
1253 4134 1494 4214 judicii.
1524 4134 1694 4197 Circa
1729 4153 1915 4214 quem
1939 4136 2146 4196 locum

590 4232 727 4293 vide
748 4230 1188 4309 Augustinum,
1210 4229 1289 4287 22
1312 4228 1387 4289 de
1412 4228 1618 4305 civit„
1641 4246 1694 4289 c.
1723 4230 1820 4304 16,
1855 4230 1929 4289 17
1950 4234 2013 4289 et
2050 4229 2143 4291 18.

589 4325 819 4399 Terti0,
849 4324 996 4403 quia
1024 4340 1265 4402 semper
1293 4326 1534 4402 oportet
1556 4322 1814 4401 januam
1846 4320 1989 4382 coeli
2017 4339 2147 4382 esse

592 4422 929 4495 patentem,
960 4423 1022 4475 et
1044 4416 1210 4475 viam
1233 4414 1445 4475 salutis
1473 4432 1648 4495 posse
1673 4414 1981 4493 cognosci,
2011 4431 2149 4494 quae

590 4510 790 4571 solum
825 4516 912 4570 est
943 4510 1010 4569 in
1037 4525 1182 4569 vera
1203 4507 1511 4585 Ecclesia,
1537 4510 1589 4568 si
1613 4514 1820 4569 autem
1854 4508 1961 4568 illa
1989 4514 2151 4571 esset

589 4605 798 4683 aliquo
834 4613 1108 4679 tempore
1135 4618 1384 4680 prorsus
1410 4600 1738 4661 invisibilis
1769 4608 1832 4661 et
1882 4602 2142 4675 occulta,

589 4698 658 4757 iu
685 4716 758 4757 eo
792 4694 1291 4756 essenthomines
1319 4694 1493 4773 quasi
1517 4700 1692 4755 extra
1723 4700 1952 4755 statum
1984 4695 2147 4765 salu-

589 4792 692 4865 tis,
721 4790 869 4868 quia
905 4806 1030 4847 non
1055 4792 1303 4866 possent
1327 4802 1538 4848 veram
1569 4786 1900 4850 Ecclesiam
1942 4789 2151 4869 ingre-

588 4884 675 4958 di,
705 4899 1063 4962 quanquam
1095 4879 1343 4943 vellent.
1375 4880 1631 4957 Quart0,
1660 4882 1808 4961 quia
1841 4900 2039 4963 usque
2068 4882 2147 4943 ad

590 4976 755 5037 diem
781 4975 1001 5053 judicii
1034 4992 1276 5053 semper
1291 4974 1560 5035 Ecclesia
1581 4975 2023 5054 complectetur
2042 4974 2150 5036 bo-

591 5090 703 5131 nos
745 5080 806 5130 et
842 5070 1058 5145 maIOS,
1106 5076 1167 5130 et
1203 5068 1288 5129 ita
1316 5088 1560 5149 semper
1579 5070 1848 5145 durabit,
1882 5078 1955 5130 ut
1982 5076 2152 5151 patet

592 5182 666 5227 ex
702 5163 1010 5243 parabolis
1038 5164 1233 5237 Arcae,
1269 5164 1667 5235 zizaniorum,
1707 5173 1767 5223 et
1793 5162 2003 5224 decem
2030 5162 2152 5223 vir-

593 5258 836 5336 ginum,
865 5254 1138 5317 Matthaei
1153 5257 1358 5330 tertie,
1383 5256 1483 5322 13,
1507 5260 1568 5315 et
1591 5256 1888 5333 vigesimo
1902 5270 1920 5331 3
1947 5256 2153 5317 Eccle-

594 5354 686 5409 sia
711 5358 923 5409 autem
965 5349 1160 5409 mixta
1185 5366 1262 5408 ex
1297 5348 1477 5409 bonis
1501 5354 1564 5408 et
1593 5348 1770 5409 malis
1793 5364 2037 5427 semper
2064 5356 2155 5409 est

592 5442 872 5516 visibilis,
920 5448 992 5502 ut
1029 5442 1238 5502 Sancti
1285 5441 1515 5521 passim
1549 5441 1794 5517 docent,
1838 5448 1902 5503 et
1927 5442 2156 5503 Luthe-

592 5537 730 5597 rani
757 5554 885 5597 nou
913 5542 1164 5616 negant.
1219 5535 1369 5598 Vide
1399 5535 1802 5615 cyprianum,
1843 5552 2027 5599 serm.
2075 5535 2152 5597 de

1777 372 2015 451 msrur.
2050 396 2135 450 ix.
2169 395 2251 449 os
2282 396 2595 451 EchESIA.

2217 498 2426 577 Lapsis
2437 514 2458 574 3
2482 496 2923 575 Augustinum,
2948 495 3024 557 de
3045 496 3275 559 Unitat.
3303 496 3587 577 Ecclesiae,
3610 522 3721 585 cap.

2222 594 2298 651 43
2327 597 2389 651 et
2415 592 2517 665 ΞΟ,
2542 596 2605 651 et
2633 606 2917 651 sermone
2950 591 2988 649 2
3018 589 3083 649 in
3124 589 3344 651 Psalm.
3390 594 3489 655 101
3521 600 3575 657 et
3602 601 3692 659 147
3710 617 3725 676 ;

2220 682 2543 759 Bcruard.,
2574 701 2756 743 serm.
2790 684 2868 743 29
2897 683 2959 743 in
2989 682 3247 759 Cautic.,
3278 685 3431 746 circa
3456 688 3544 748 id:
3574 692 3735 755 Tenui

2227 796 2380 852 eum,
2425 794 2529 839 neo
2586 778 2891 839 dimittam
2905 799 2932 846 ,·
2974 776 3255 837 Vincent.
3309 778 3633 858 Lyrincns,
3680 786 3733 848 in

2228 868 2731 930 commonitorio.
2767 868 3017 943 Quinte,
3061 870 3433 948 impossibile
3458 882 3541 933 est
3560 894 3732 941 veram

2228 962 2553 1024 Ecclesiam
2603 980 2733 1023 non
2778 963 3047 1024 retinere
3112 980 3324 1023 veram
3373 963 3547 1025 fidem
3564 990 3583 1043 ;
3626 968 3733 1033 fien'

2228 1055 2415 1116 etiam
2444 1072 2568 1117 uon
2600 1061 2799 1135 potest
2845 1063 2915 1115 ut
2952 1073 3091 1117 eam
3126 1056 3393 1117 exterius
3430 1075 3550 1119 non
3588 1063 3736 1139 profi-

2227 1156 2451 1225 teatur,
2478 1168 2619 1209 cum
2649 1148 2870 1209 debeat
2898 1168 3026 1211 esse
3058 1155 3299 1227 sancta,
3330 1156 3390 1211 et
3416 1150 3487 1211 ad
3515 1153 3734 1217 salutem

2224 1261 2349 1303 non
2380 1244 2525 1303 satis
2553 1243 2631 1303 sit
2660 1244 2892 1315 credere
2930 1246 3120 1318 corde,
3153 1244 3260 1305 sed
3293 1252 3559 1325 oporteat
3583 1250 3735 1311 etiam

2226 1355 2324 1401 ore
2348 1336 2635 1415 confiteri,
2684 1342 2833 1397 teste
2865 1335 3052 1398 Paulo
3094 1339 3171 1397 ad
3195 1337 3453 1400 Roman.
3487 1343 3586 1415 ¹⁰;
3619 1360 3735 1420 ergo

2226 1446 2469 1509 semper
2498 1429 2766 1491 Ecclesia
2790 1432 2997 1491 existit
3014 1430 3296 1492 visibilis.
3334 1431 3595 1495 Tandem
3622 1454 3738 1497 vera

2225 1522 2497 1585 Ecclesia
2548 1522 2805 1583 visibilis
2848 1530 2961 1597 est,
2992 1532 3053 1585 ct
3076 1542 3223 1585 vera
3246 1524 3504 1586 Ecclesia
3524 1533 3607 1587 est
3632 1547 3739 1607 pcr-

2226 1623 2445 1695 petua;
2508 1635 2656 1695 ergo
2709 1617 2965 1677 visibilis
3021 1616 3293 1678 Ecclesia
3350 1617 3454 1679 illa
3508 1626 3588 1681 est
3631 1640 3739 1699 quae

2223 1710 2541 1789 hucusque
2578 1710 2786 1785 durat,
2816 1718 3238 1791 perpetuoque
3270 1711 3536 1773 durabit.

2303 1806 2362 1864 6.
2410 1802 2514 1865 Ad
2528 1806 2802 1885 primum
2828 1805 3290 1881 fundamentum
3320 1807 3383 1867 in
3408 1824 3465 1867 n.
3494 1808 3551 1867 2.
3576 1808 3742 1871 -Aa

2222 1898 2564 1960 secundum.
2593 1928 2675 1943 —-
2706 1897 2981 1959 Primum
3014 1897 3489 1960 fundamentum
3540 1900 3741 1959 lia-reti-

2221 2010 2432 2051 corum
2474 2008 2759 2052 eversum
2793 1992 2927 2069 jam
2961 2000 3095 2069 est3
3136 1998 3397 2053 sumunt
3424 1991 3740 2053 scilicctl‘al·

2223 2104 2361 2146 sum
2392 2087 2786 2166 principium,
2823 2087 2889 2146 in
2916 2086 3183 2148 Ecclesia
3214 2085 3370 2147 nihil
3393 2085 3608 2164 requiri
3632 2086 3740 2145 visi-

2222 2178 2345 2241 bile
2378 2186 2440 2238 et
2486 2187 2854 2255 exterunm;
2894 2181 3061 2258 quod
3094 2187 3308 2241 tamen
3346 2178 3425 2239 ad
3454 2179 3740 2241 consisten-

2222 2270 2375 2331 tiam
2412 2273 2546 2351 ejus
2588 2282 2649 2333 et
2688 2277 2865 2353 quasi
2907 2271 3295 2353 spiritualem
3320 2273 3605 2333 unitatem
3634 2291 3740 2349 per-

2226 2368 2404 2426 tinet.
2464 2364 2557 2426 Ad
2614 2365 2876 2427 alterum
2938 2366 3441 2441 fundamentum,
3504 2365 3741 2444 quamvis

2225 2474 2370 2517 vera
2400 2455 2554 2517 fides
2582 2457 2841 2518 interior
2865 2458 2966 2530 sit,
3003 2465 3216 2519 tamen
3248 2477 3360 2537 per
3410 2465 3641 2519 externa
3677 2458 3743 2516 si·

2224 2566 2349 2627 gna
2376 2548 2569 2611 videri
2600 2551 2809 2630 aliquo
2838 2552 3020 2611 modo
3060 2559 3297 2631 potest3
3324 2550 3588 2630 quamvis
3622 2568 3741 2627 crgo

2226 2660 2353 2701 nou
2380 2643 2661 2706 videatur
2681 2646 2814 2725 ipsa
2844 2645 3046 2706 forma
3064 2664 3187 2727 qua
3210 2645 3487 2707 membra
3509 2643 3742 2705 Ecclesiae

2227 2736 2487 2797 interius
2527 2737 2832 2799 uniuntur
2859 2740 3022 2801 inter
3045 2739 3271 2817 seipsa,
3304 2738 3539 2799 videtur
3560 2736 3741 2797 saltem

2225 2829 2292 2891 in
2322 2832 2447 2890 suis
2470 2832 2689 2909 signiS,
2717 2845 2907 2911 atque
2934 2830 3053 2891 hoc
3073 2837 3168 2893 est
3190 2832 3339 2893 satis
3359 2839 3428 2891 nt
3468 2830 3739 2889 videamus

2224 2943 2444 3004 corpus
2466 2924 2767 2999 Ecclesiae,
2800 2932 2863 2985 et
2890 2924 3173 2985 membra
3198 2942 3341 3005 quae
3364 2923 3508 2985 illud
3539 2940 3739 3002 compo·

2226 3026 2425 3094 nunt3
2447 3025 2509 3079 et
2534 3016 2610 3081 de
2640 3018 2899 3097 singulis
2917 3018 3169 3095 quidem
3196 3017 3510 3089 membris,
3536 3013 3735 3095 quaudo

2224 3112 2449 3171 adsunt
2474 3110 2619 3171 talia
2642 3113 2825 3189 sigua
2852 3130 3015 3173 verae
3048 3111 3370 3189 religionis
3403 3118 3465 3171 et
3500 3108 3729 3167 obedieu-

2224 3207 2326 3265 tiee
2377 3202 2823 3277 ecclesiasticas,
2862 3204 3205 3283 prudenter
3246 3202 3522 3282 judicare
3574 3217 3733 3278 possu-

2226 3314 2362 3356 mus
2390 3314 2533 3357 verc
2560 3314 2689 3359 esse
2710 3296 2991 3360 membra
3011 3295 3325 3371 Ecclesiae,
3359 3294 3623 3374 quamvis
3642 3308 3739 3351 uon

2224 3390 2591 3451 certitudine
2616 3406 2865 3468 prorsus
2898 3388 3215 3449 infallibili
3245 3411 3265 3463 ;
3299 3388 3377 3449 de
3418 3394 3541 3448 toto
3572 3392 3743 3447 autem

2224 3502 2499 3562 corpore,
2524 3502 2651 3545 non
2674 3483 2874 3545 solum
2916 3484 3281 3563 prudenter,
3317 3482 3419 3543 sed
3451 3475 3745 3541 infallibili·

2224 3583 2316 3637 ter
2333 3578 2519 3637 etiam
2528 3577 2879 3656 judicamus
2894 3595 3021 3639 esse
3036 3594 3253 3637 veram
3273 3575 3612 3647 Ecclesiam,
3630 3572 3749 3649 quia

2224 3669 2367 3731 licet
2404 3670 2581 3733 facilc
2615 3678 2821 3753 posset
2850 3688 3051 3733 uuum
3092 3669 3187 3731 vel
3226 3669 3399 3733 aliud
3440 3665 3747 3729 membrum

2224 3780 2337 3823 nos
2366 3763 2670 3843 decipere,
2716 3782 2843 3826 non
2886 3770 3099 3825 tamen
3146 3780 3373 3843 corpus
3408 3762 3745 3829 universum,

2224 3864 2295 3916 ut
2322 3857 2387 3917 in
2428 3858 2711 3936 sequenti
2732 3856 3001 3918 sectione
3030 3856 3214 3917 latius
3245 3851 3683 3919 demonstrabo.

2305 3954 2368 4013 7.
2411 3950 2513 4014 Ad
2554 3950 2821 4015 tertium.
2858 3985 2937 3997 —
2962 3950 3059 4013 Ad
3109 3950 3461 4012 testimonia
3500 3946 3746 4014 adducta,

2226 4045 2656 4123 respondetur,
2690 4045 2755 4105 in
2780 4044 3153 4123 quibusdam
3182 4060 3400 4105 eorum
3416 4039 3608 4101 doceri
3626 4054 3751 4116 prae-

2228 4138 2479 4217 cipuum
2503 4144 2941 4198 ornamentum
2959 4146 3021 4199 et
3042 4135 3557 4216 pulchritudinem
3578 4126 3751 4191 Eccle-

2229 4231 2333 4291 siae
2362 4230 2429 4291 iu
2462 4230 2742 4291 interiori
2771 4230 2999 4291 virtute
3029 4248 3157 4291 esse
3184 4230 3474 4309 positam,
3516 4242 3631 4285 nou
3668 4228 3749 4279 ta-

2232 4342 2374 4385 men
2424 4330 2747 4403 propterea
2783 4323 3083 4385 affirmari
3122 4330 3379 4385 externa
3426 4336 3604 4398 opera
3648 4330 3751 4375 non

2227 4418 2483 4495 requiri,
2540 4417 2846 4495 quamvis,
2897 4423 2968 4477 ut
3004 4416 3135 4477 haec
3171 4416 3295 4476 Deo
3322 4420 3497 4493 grata
3532 4406 3752 4483 siut,ab

2228 4510 2506 4573 interiori
2547 4512 2775 4571 virtute
2805 4515 3083 4589 oporteat
3120 4508 3446 4589 proficisci.
3494 4504 3651 4566 Unde
3700 4502 3753 4559 iu

2231 4604 2387 4665 Psal.
2418 4606 2523 4679 44,
2550 4613 2774 4684 praeter
2796 4604 3157 4664 interiorem
3192 4602 3457 4683 gloriam
3484 4595 3752 4667 Ecclesiae,

2228 4698 2565 4777 requiritur
2596 4702 3037 4759 ornamentum
3078 4702 3432 4769 externum,
3464 4688 3620 4773 quod
3646 4702 3755 4749 ves-

2232 4791 2376 4854 {itui
2425 4794 2709 4855 dcawato
2760 4798 3177 4871 comparatur,
3241 4796 3298 4853 et
3346 4785 3749 4852 circumdatum

2230 4884 2458 4945 dicitur
2484 4882 2797 4948 varietate.
2834 4883 3137 4945 Praeterea
3160 4882 3333 4943 locus
3353 4881 3575 4943 Jerem.
3606 4876 3669 4935 31
3692 4871 3754 4931 de

2229 4994 2391 5037 novo
2421 4980 2812 5038 Testamento
2836 4976 3135 5057 procedit,
3165 4974 3233 5035 in
3274 4992 3400 5053 quo
3432 4973 3683 5053 primum
3706 4968 3756 5023 et

2232 5072 2611 5152 praecipuum
2641 5074 2731 5131 est
2774 5070 2975 5151 gratia
3020 5076 3081 5133 et
3106 5068 3397 5143 charitas,
3434 5081 3569 5147 quae
3606 5057 3757 5139 spiri-

2235 5164 2427 5225 tualia
2454 5169 2602 5225 sunt
2628 5164 2813 5236 dona,
2862 5162 3123 5243 ideoque
3162 5162 3453 5223 dicuntur
3505 5156 3569 5219 in
3612 5150 3758 5218 cord&

2236 5258 2423 5320 scribi
2440 5280 2467 5327 ;
2492 5256 2597 5317 sed
2640 5256 2773 5317 haec
2822 5264 3033 5316 tamen
3077 5253 3309 5315 habent
3335 5258 3582 5313 externa
3606 5249 3758 5323 signa

2236 5350 2462 5429 quibus
2511 5350 2577 5409 in
2613 5366 2867 5429 corpore
2893 5348 3175 5410 Ecclesiae
3204 5364 3315 5408 suo
3338 5344 3517 5407 modo
3540 5338 3759 5401 videan-

2238 5452 2357 5505 tur.
2386 5445 2455 5505 [ιι
2480 5444 2615 5505 loco
2638 5443 2897 5503 ioannis
2917 5446 3139 5522 quarto
3163 5438 3548 5521 peculiariter
3588 5428 3759 5493 voluit

2232 5538 2451 5598 docere
2493 5536 2767 5597 Christus
2804 5534 3125 5597 advenisse
3151 5538 3393 5613 tempus
3412 5530 3480 5591 in
3510 5542 3625 5607 quo
3663 5522 3758 5583 im·

2272 5706 2367 5763 Q
