<?xml version="1.0" encoding="UTF-8"?>
<!DOCTYPE html PUBLIC "-//W3C//DTD XHTML 1.0 Transitional//EN"
    "http://www.w3.org/TR/xhtml1/DTD/xhtml1-transitional.dtd">
<html xmlns="http://www.w3.org/1999/xhtml" xml:lang="en" lang="en">
 <head>
  <title>
</title>
<meta http-equiv="Content-Type" content="text/html;charset=utf-8" />
  <meta name='ocr-system' content='tesseract 3.04.00' />
  <meta name='ocr-capabilities' content='ocr_page ocr_carea ocr_par ocr_line ocrx_word'/>
</head>
<body>
  <div class='ocr_page' id='page_1' title='image "./rpfranciscisuar00duvagoog_0537.png"; bbox 0 0 3900 6217; ppageno 0'>
   <div class='ocr_carea' id='block_1_1' title="bbox 629 337 2894 403">
    <p class='ocr_par' dir='ltr' id='par_1_1' title="bbox 629 337 2894 403">
     <span class='ocr_line' id='line_1_1' title="bbox 629 337 2894 403; baseline 0 -10"><span class='ocrx_word' id='word_1_1' title='bbox 629 340 802 394; x_wconf 79' lang='lat' dir='ltr'><strong>SECT.</strong></span> <span class='ocrx_word' id='word_1_2' title='bbox 836 342 919 395; x_wconf 86' lang='lat'><strong>111.</strong></span> <span class='ocrx_word' id='word_1_3' title='bbox 953 340 1041 393; x_wconf 75' lang='lat' dir='ltr'><strong>AN</strong></span> <span class='ocrx_word' id='word_1_4' title='bbox 1072 340 1332 394; x_wconf 74' lang='lat' dir='ltr'><strong>coAC&#39;rlo</strong></span> <span class='ocrx_word' id='word_1_5' title='bbox 1365 338 1820 395; x_wconf 67' lang='lat' dir='ltr'><strong>uffinerlconnu</strong></span> <span class='ocrx_word' id='word_1_6' title='bbox 1851 342 1938 393; x_wconf 77' lang='lat' dir='ltr'><strong>An</strong></span> <span class='ocrx_word' id='word_1_7' title='bbox 1969 337 2382 393; x_wconf 63' lang='lat' dir='ltr'><strong>nepotianum</strong></span> <span class='ocrx_word' id='word_1_8' title='bbox 2416 338 2721 403; x_wconf 67' lang='lat' dir='ltr'><strong>HAERESffl,</strong></span> <span class='ocrx_word' id='word_1_9' title='bbox 2756 340 2894 395; x_wconf 78' lang='lat' dir='ltr'><strong>E&#39;rc.</strong></span> 
     </span>
    </p>
   </div>
   <div class='ocr_carea' id='block_1_2' title="bbox 226 408 256 429">
    <p class='ocr_par' dir='ltr' id='par_1_2' title="bbox 226 408 256 429">
     <span class='ocr_line' id='line_1_2' title="bbox 226 408 256 429; baseline 0 0"><span class='ocrx_word' id='word_1_10' title='bbox 226 408 256 429; x_wconf 53' lang='lat' dir='ltr'>N</span> 
     </span>
    </p>
   </div>
   <div class='ocr_carea' id='block_1_3' title="bbox 66 442 1703 5541">
    <p class='ocr_par' dir='ltr' id='par_1_3' title="bbox 159 442 1703 4038">
     <span class='ocr_line' id='line_1_3' title="bbox 168 442 1695 523; baseline -0.004 -14"><span class='ocrx_word' id='word_1_11' title='bbox 168 464 320 509; x_wconf 88' lang='lat' dir='ltr'><strong>num.</strong></span> <span class='ocrx_word' id='word_1_12' title='bbox 349 446 414 505; x_wconf 76' lang='lat'><strong>21</strong></span> <span class='ocrx_word' id='word_1_13' title='bbox 445 447 510 504; x_wconf 85' lang='lat' dir='ltr'><strong>ct</strong></span> <span class='ocrx_word' id='word_1_14' title='bbox 531 445 631 506; x_wconf 75' lang='lat'><strong>25.</strong></span> <span class='ocrx_word' id='word_1_15' title='bbox 665 442 948 505; x_wconf 88' lang='lat' dir='ltr'><strong>Secundo</strong></span> <span class='ocrx_word' id='word_1_16' title='bbox 991 460 1064 505; x_wconf 82' lang='lat' dir='ltr'><strong>ex</strong></span> <span class='ocrx_word' id='word_1_17' title='bbox 1107 443 1346 504; x_wconf 83' lang='lat' dir='ltr'><strong>ratione</strong></span> <span class='ocrx_word' id='word_1_18' title='bbox 1373 442 1695 523; x_wconf 87' lang='lat' dir='ltr'><strong>prudentis</strong></span> 
     </span>
     <span class='ocr_line' id='line_1_4' title="bbox 172 536 1693 616; baseline -0.004 -16"><span class='ocrx_word' id='word_1_19' title='bbox 172 536 545 601; x_wconf 85' lang='lat' dir='ltr'><strong>institutionis</strong></span> <span class='ocrx_word' id='word_1_20' title='bbox 573 556 647 597; x_wconf 93' lang='lat' dir='ltr'><strong>ac</strong></span> <span class='ocrx_word' id='word_1_21' title='bbox 680 536 1120 616; x_wconf 77' lang='lat' dir='ltr'><strong>providentiae3</strong></span> <span class='ocrx_word' id='word_1_22' title='bbox 1159 554 1310 597; x_wconf 87' lang='lat' dir='ltr'><strong>nam</strong></span> <span class='ocrx_word' id='word_1_23' title='bbox 1337 536 1466 597; x_wconf 84' lang='lat' dir='ltr'><strong>haec</strong></span> <span class='ocrx_word' id='word_1_24' title='bbox 1493 542 1693 615; x_wconf 83' lang='lat' dir='ltr'><strong>potes·</strong></span> 
     </span>
     <span class='ocr_line' id='line_1_5' title="bbox 165 628 1694 693; baseline -0.004 0"><span class='ocrx_word' id='word_1_25' title='bbox 165 640 244 693; x_wconf 87' lang='lat' dir='ltr'><strong>tas</strong></span> <span class='ocrx_word' id='word_1_26' title='bbox 281 632 360 692; x_wconf 89' lang='lat' dir='ltr'><strong>sic</strong></span> <span class='ocrx_word' id='word_1_27' title='bbox 385 630 662 691; x_wconf 85' lang='lat' dir='ltr'><strong>coerciva</strong></span> <span class='ocrx_word' id='word_1_28' title='bbox 689 628 1122 691; x_wconf 73' lang='lat' dir='ltr'><strong>haereticorum</strong></span> <span class='ocrx_word' id='word_1_29' title='bbox 1170 636 1306 690; x_wconf 89' lang='lat' dir='ltr'><strong>erat</strong></span> <span class='ocrx_word' id='word_1_30' title='bbox 1345 628 1694 690; x_wconf 88' lang='lat' dir='ltr'><strong>necessaria</strong></span> 
     </span>
     <span class='ocr_line' id='line_1_6' title="bbox 165 721 1692 799; baseline -0.004 -12"><span class='ocrx_word' id='word_1_31' title='bbox 165 726 230 787; x_wconf 84' lang='lat' dir='ltr'><strong>ad</strong></span> <span class='ocrx_word' id='word_1_32' title='bbox 263 737 481 783; x_wconf 86' lang='lat' dir='ltr'><strong>rectam</strong></span> <span class='ocrx_word' id='word_1_33' title='bbox 516 721 1028 799; x_wconf 81' lang='lat' dir='ltr'>gubernationem</span> <span class='ocrx_word' id='word_1_34' title='bbox 1059 728 1122 785; x_wconf 92' lang='lat' dir='ltr'><strong>et</strong></span> <span class='ocrx_word' id='word_1_35' title='bbox 1159 722 1692 783; x_wconf 80' lang='lat' dir='ltr'><strong>conservationem</strong></span> 
     </span>
     <span class='ocr_line' id='line_1_7' title="bbox 161 814 1694 895; baseline -0.002 -17"><span class='ocrx_word' id='word_1_36' title='bbox 161 816 442 887; x_wconf 67' lang='lat' dir='ltr'><strong>Ecclesiae,</strong></span> <span class='ocrx_word' id='word_1_37' title='bbox 471 820 540 874; x_wconf 85' lang='lat' dir='ltr'><strong>nt</strong></span> <span class='ocrx_word' id='word_1_38' title='bbox 566 832 754 895; x_wconf 88' lang='lat' dir='ltr'><strong>supra</strong></span> <span class='ocrx_word' id='word_1_39' title='bbox 779 814 1058 893; x_wconf 84' lang='lat' dir='ltr'><strong>probavi,</strong></span> <span class='ocrx_word' id='word_1_40' title='bbox 1089 816 1240 895; x_wconf 87' lang='lat' dir='ltr'><strong>quia</strong></span> <span class='ocrx_word' id='word_1_41' title='bbox 1267 815 1400 875; x_wconf 88' lang='lat' dir='ltr'><strong>sine</strong></span> <span class='ocrx_word' id='word_1_42' title='bbox 1431 815 1540 876; x_wconf 89' lang='lat' dir='ltr'><strong>illa</strong></span> <span class='ocrx_word' id='word_1_43' title='bbox 1565 814 1694 875; x_wconf 80' lang='lat' dir='ltr'><strong>val·</strong></span> 
     </span>
     <span class='ocr_line' id='line_1_8' title="bbox 161 908 1691 988; baseline -0.001 -17"><span class='ocrx_word' id='word_1_44' title='bbox 161 912 228 971; x_wconf 90' lang='lat' dir='ltr'><strong>de</strong></span> <span class='ocrx_word' id='word_1_45' title='bbox 261 908 532 969; x_wconf 84' lang='lat' dir='ltr'><strong>inefficax</strong></span> <span class='ocrx_word' id='word_1_46' title='bbox 591 908 806 969; x_wconf 76' lang='lat' dir='ltr'><strong>suisset</strong></span> <span class='ocrx_word' id='word_1_47' title='bbox 846 908 1186 988; x_wconf 90' lang='lat' dir='ltr'><strong>spiritualis</strong></span> <span class='ocrx_word' id='word_1_48' title='bbox 1219 914 1506 988; x_wconf 75' lang='lat' dir='ltr'><strong>potestaS,</strong></span> <span class='ocrx_word' id='word_1_49' title='bbox 1533 926 1691 987; x_wconf 82' lang='lat' dir='ltr'><strong>prae-</strong></span> 
     </span>
     <span class='ocr_line' id='line_1_9' title="bbox 162 998 1696 1079; baseline -0.001 -17"><span class='ocrx_word' id='word_1_50' title='bbox 162 1002 350 1064; x_wconf 84' lang='lat' dir='ltr'><strong>sertim</strong></span> <span class='ocrx_word' id='word_1_51' title='bbox 374 1018 483 1079; x_wconf 89' lang='lat' dir='ltr'><strong>pro</strong></span> <span class='ocrx_word' id='word_1_52' title='bbox 509 998 870 1061; x_wconf 89' lang='lat' dir='ltr'><strong>hominibus</strong></span> <span class='ocrx_word' id='word_1_53' title='bbox 890 999 1222 1061; x_wconf 83' lang='lat' dir='ltr'><strong>rebellibus</strong></span> <span class='ocrx_word' id='word_1_54' title='bbox 1249 1000 1566 1076; x_wconf 83' lang='lat' dir='ltr'><strong>Ecclesiae3</strong></span> <span class='ocrx_word' id='word_1_55' title='bbox 1597 1018 1696 1062; x_wconf 90' lang='lat' dir='ltr'><strong>er-</strong></span> 
     </span>
     <span class='ocr_line' id='line_1_10' title="bbox 161 1093 1698 1175; baseline 0.001 -22"><span class='ocrx_word' id='word_1_56' title='bbox 161 1116 228 1175; x_wconf 79' lang='lat' dir='ltr'><strong>go</strong></span> <span class='ocrx_word' id='word_1_57' title='bbox 252 1094 456 1154; x_wconf 83' lang='lat' dir='ltr'>debuit</span> <span class='ocrx_word' id='word_1_58' title='bbox 502 1093 648 1154; x_wconf 86' lang='lat' dir='ltr'><strong>talis</strong></span> <span class='ocrx_word' id='word_1_59' title='bbox 696 1101 966 1173; x_wconf 87' lang='lat' dir='ltr'><strong>potestas</strong></span> <span class='ocrx_word' id='word_1_60' title='bbox 994 1112 1127 1156; x_wconf 91' lang='lat' dir='ltr'><strong>esse</strong></span> <span class='ocrx_word' id='word_1_61' title='bbox 1183 1095 1248 1155; x_wconf 91' lang='lat' dir='ltr'><strong>in</strong></span> <span class='ocrx_word' id='word_1_62' title='bbox 1289 1094 1583 1170; x_wconf 76' lang='lat' dir='ltr'><strong>Ecclesia,</strong></span> <span class='ocrx_word' id='word_1_63' title='bbox 1629 1100 1698 1154; x_wconf 92' lang='lat' dir='ltr'><strong>ut</strong></span> 
     </span>
     <span class='ocr_line' id='line_1_11' title="bbox 163 1187 1686 1263; baseline -0.003 -12"><span class='ocrx_word' id='word_1_64' title='bbox 163 1188 408 1251; x_wconf 77' lang='lat' dir='ltr'><strong>Ecclesia</strong></span> <span class='ocrx_word' id='word_1_65' title='bbox 443 1192 537 1249; x_wconf 87' lang='lat' dir='ltr'><strong>est</strong></span> <span class='ocrx_word' id='word_1_66' title='bbox 581 1207 620 1249; x_wconf 86' lang='lat' dir='ltr'><strong>a</strong></span> <span class='ocrx_word' id='word_1_67' title='bbox 650 1187 888 1249; x_wconf 87' lang='lat' dir='ltr'><strong>Christo</strong></span> <span class='ocrx_word' id='word_1_68' title='bbox 917 1188 1218 1261; x_wconf 88' lang='lat' dir='ltr'><strong>instituta,</strong></span> <span class='ocrx_word' id='word_1_69' title='bbox 1249 1196 1332 1263; x_wconf 89' lang='lat' dir='ltr'><strong>et,</strong></span> <span class='ocrx_word' id='word_1_70' title='bbox 1375 1192 1447 1247; x_wconf 92' lang='lat' dir='ltr'><strong>ut</strong></span> <span class='ocrx_word' id='word_1_71' title='bbox 1475 1188 1564 1247; x_wconf 89' lang='lat' dir='ltr'><strong>ita</strong></span> <span class='ocrx_word' id='word_1_72' title='bbox 1598 1187 1686 1247; x_wconf 89' lang='lat' dir='ltr'><strong>di·</strong></span> 
     </span>
     <span class='ocr_line' id='line_1_12' title="bbox 162 1279 1698 1359; baseline -0.003 -16"><span class='ocrx_word' id='word_1_73' title='bbox 162 1300 304 1353; x_wconf 87' lang='lat' dir='ltr'><strong>cam,</strong></span> <span class='ocrx_word' id='word_1_74' title='bbox 328 1279 539 1343; x_wconf 83' lang='lat' dir='ltr'><strong>debuit</strong></span> <span class='ocrx_word' id='word_1_75' title='bbox 559 1298 688 1343; x_wconf 87' lang='lat' dir='ltr'><strong>esse</strong></span> <span class='ocrx_word' id='word_1_76' title='bbox 707 1280 773 1341; x_wconf 89' lang='lat' dir='ltr'><strong>in</strong></span> <span class='ocrx_word' id='word_1_77' title='bbox 798 1280 904 1341; x_wconf 87' lang='lat' dir='ltr'><strong>illa</strong></span> <span class='ocrx_word' id='word_1_78' title='bbox 927 1298 1035 1359; x_wconf 89' lang='lat' dir='ltr'><strong>per</strong></span> <span class='ocrx_word' id='word_1_79' title='bbox 1055 1296 1116 1341; x_wconf 91' lang='lat' dir='ltr'><strong>se</strong></span> <span class='ocrx_word' id='word_1_80' title='bbox 1145 1286 1208 1341; x_wconf 93' lang='lat' dir='ltr'><strong>et</strong></span> <span class='ocrx_word' id='word_1_81' title='bbox 1233 1279 1312 1341; x_wconf 87' lang='lat' dir='ltr'><strong>ab</strong></span> <span class='ocrx_word' id='word_1_82' title='bbox 1335 1280 1698 1356; x_wconf 77' lang='lat' dir='ltr'><strong>intrinsece,</strong></span> 
     </span>
     <span class='ocr_line' id='line_1_13' title="bbox 159 1372 1700 1453; baseline -0.003 -16"><span class='ocrx_word' id='word_1_83' title='bbox 159 1383 210 1437; x_wconf 87' lang='lat' dir='ltr'><strong>et</strong></span> <span class='ocrx_word' id='word_1_84' title='bbox 233 1392 347 1435; x_wconf 90' lang='lat' dir='ltr'><strong>non</strong></span> <span class='ocrx_word' id='word_1_85' title='bbox 381 1374 560 1452; x_wconf 87' lang='lat' dir='ltr'><strong>quasi</strong></span> <span class='ocrx_word' id='word_1_86' title='bbox 584 1392 694 1452; x_wconf 89' lang='lat' dir='ltr'><strong>per</strong></span> <span class='ocrx_word' id='word_1_87' title='bbox 717 1372 1002 1434; x_wconf 82' lang='lat' dir='ltr'><strong>accidens</strong></span> <span class='ocrx_word' id='word_1_88' title='bbox 1029 1373 1416 1433; x_wconf 86' lang='lat' dir='ltr'><strong>emendicata</strong></span> <span class='ocrx_word' id='word_1_89' title='bbox 1438 1392 1476 1433; x_wconf 88' lang='lat' dir='ltr'><strong>a</strong></span> <span class='ocrx_word' id='word_1_90' title='bbox 1499 1378 1700 1453; x_wconf 89' lang='lat' dir='ltr'><strong>potes-</strong></span> 
     </span>
     <span class='ocr_line' id='line_1_14' title="bbox 159 1465 1697 1545; baseline -0.002 -17"><span class='ocrx_word' id='word_1_91' title='bbox 159 1474 268 1529; x_wconf 84' lang='lat' dir='ltr'><strong>tate</strong></span> <span class='ocrx_word' id='word_1_92' title='bbox 313 1465 611 1529; x_wconf 76' lang='lat' dir='ltr'><strong>inferiori.</strong></span> <span class='ocrx_word' id='word_1_93' title='bbox 670 1466 974 1528; x_wconf 77' lang='lat' dir='ltr'><strong>Probatur</strong></span> <span class='ocrx_word' id='word_1_94' title='bbox 1031 1466 1497 1545; x_wconf 76' lang='lat' dir='ltr'><strong>consequentia,</strong></span> <span class='ocrx_word' id='word_1_95' title='bbox 1561 1473 1697 1526; x_wconf 89' lang='lat' dir='ltr'><strong>tum</strong></span> 
     </span>
     <span class='ocr_line' id='line_1_15' title="bbox 159 1558 1694 1640; baseline 0.002 -21"><span class='ocrx_word' id='word_1_96' title='bbox 159 1560 284 1640; x_wconf 88' lang='lat' dir='ltr'><strong>quia</strong></span> <span class='ocrx_word' id='word_1_97' title='bbox 306 1558 585 1621; x_wconf 65' lang='lat' dir='ltr'><strong>Ecclesiae</strong></span> <span class='ocrx_word' id='word_1_98' title='bbox 623 1562 908 1640; x_wconf 86' lang='lat' dir='ltr'><strong>regimen</strong></span> <span class='ocrx_word' id='word_1_99' title='bbox 936 1559 1002 1620; x_wconf 91' lang='lat' dir='ltr'><strong>in</strong></span> <span class='ocrx_word' id='word_1_100' title='bbox 1033 1576 1098 1621; x_wconf 85' lang='lat' dir='ltr'><strong>se</strong></span> <span class='ocrx_word' id='word_1_101' title='bbox 1142 1565 1204 1621; x_wconf 90' lang='lat' dir='ltr'><strong>et</strong></span> <span class='ocrx_word' id='word_1_102' title='bbox 1230 1560 1559 1621; x_wconf 84' lang='lat' dir='ltr'><strong>intrinsece</strong></span> <span class='ocrx_word' id='word_1_103' title='bbox 1583 1559 1694 1622; x_wconf 86' lang='lat' dir='ltr'><strong>de-</strong></span> 
     </span>
     <span class='ocr_line' id='line_1_16' title="bbox 160 1652 1697 1732; baseline 0 -17"><span class='ocrx_word' id='word_1_104' title='bbox 160 1654 273 1715; x_wconf 85' lang='lat' dir='ltr'><strong>buit</strong></span> <span class='ocrx_word' id='word_1_105' title='bbox 295 1672 416 1713; x_wconf 87' lang='lat' dir='ltr'><strong>esse</strong></span> <span class='ocrx_word' id='word_1_106' title='bbox 442 1653 826 1732; x_wconf 76' lang='lat' dir='ltr'><strong>perfectum3</strong></span> <span class='ocrx_word' id='word_1_107' title='bbox 859 1658 996 1713; x_wconf 91' lang='lat' dir='ltr'><strong>tum</strong></span> <span class='ocrx_word' id='word_1_108' title='bbox 1028 1654 1218 1713; x_wconf 90' lang='lat' dir='ltr'><strong>etiam</strong></span> <span class='ocrx_word' id='word_1_109' title='bbox 1241 1652 1386 1731; x_wconf 88' lang='lat' dir='ltr'><strong>quia</strong></span> <span class='ocrx_word' id='word_1_110' title='bbox 1418 1652 1571 1713; x_wconf 91' lang='lat' dir='ltr'><strong>alias</strong></span> <span class='ocrx_word' id='word_1_111' title='bbox 1591 1670 1697 1732; x_wconf 89' lang='lat' dir='ltr'><strong>po·</strong></span> 
     </span>
     <span class='ocr_line' id='line_1_17' title="bbox 159 1745 1694 1825; baseline -0.003 -17"><span class='ocrx_word' id='word_1_112' title='bbox 159 1753 318 1808; x_wconf 84' lang='lat' dir='ltr'><strong>testas</strong></span> <span class='ocrx_word' id='word_1_113' title='bbox 341 1745 618 1825; x_wconf 81' lang='lat' dir='ltr'><strong>superior</strong></span> <span class='ocrx_word' id='word_1_114' title='bbox 643 1746 710 1806; x_wconf 89' lang='lat' dir='ltr'><strong>in</strong></span> <span class='ocrx_word' id='word_1_115' title='bbox 737 1763 806 1807; x_wconf 90' lang='lat' dir='ltr'><strong>re</strong></span> <span class='ocrx_word' id='word_1_116' title='bbox 827 1747 1098 1807; x_wconf 79' lang='lat' dir='ltr'><strong>maxime</strong></span> <span class='ocrx_word' id='word_1_117' title='bbox 1127 1746 1470 1807; x_wconf 82' lang='lat' dir='ltr'><strong>necessaria</strong></span> <span class='ocrx_word' id='word_1_118' title='bbox 1492 1746 1572 1805; x_wconf 88' lang='lat' dir='ltr'><strong>ab</strong></span> <span class='ocrx_word' id='word_1_119' title='bbox 1599 1748 1694 1805; x_wconf 89' lang='lat' dir='ltr'><strong>in·</strong></span> 
     </span>
     <span class='ocr_line' id='line_1_18' title="bbox 159 1838 1696 1918; baseline -0.003 -17"><span class='ocrx_word' id='word_1_120' title='bbox 159 1839 343 1901; x_wconf 84' lang='lat' dir='ltr'><strong>feriori</strong></span> <span class='ocrx_word' id='word_1_121' title='bbox 387 1840 684 1917; x_wconf 85' lang='lat' dir='ltr'><strong>penderet</strong></span> <span class='ocrx_word' id='word_1_122' title='bbox 695 1853 717 1915; x_wconf 89' lang='lat'>;</span> <span class='ocrx_word' id='word_1_123' title='bbox 752 1846 884 1899; x_wconf 91' lang='lat' dir='ltr'><strong>tum</strong></span> <span class='ocrx_word' id='word_1_124' title='bbox 934 1844 1237 1918; x_wconf 82' lang='lat' dir='ltr'><strong>praeterea</strong></span> <span class='ocrx_word' id='word_1_125' title='bbox 1281 1838 1428 1917; x_wconf 87' lang='lat' dir='ltr'><strong>quia</strong></span> <span class='ocrx_word' id='word_1_126' title='bbox 1456 1839 1696 1899; x_wconf 89' lang='lat' dir='ltr'><strong>contin·</strong></span> 
     </span>
     <span class='ocr_line' id='line_1_19' title="bbox 161 1929 1696 2010; baseline -0.001 -18"><span class='ocrx_word' id='word_1_127' title='bbox 161 1950 284 2010; x_wconf 85' lang='lat' dir='ltr'><strong>gere</strong></span> <span class='ocrx_word' id='word_1_128' title='bbox 316 1935 513 2009; x_wconf 86' lang='lat' dir='ltr'><strong>potest</strong></span> <span class='ocrx_word' id='word_1_129' title='bbox 536 1938 608 1990; x_wconf 91' lang='lat' dir='ltr'><strong>ut</strong></span> <span class='ocrx_word' id='word_1_130' title='bbox 631 1930 988 2010; x_wconf 87' lang='lat' dir='ltr'><strong>temporalis</strong></span> <span class='ocrx_word' id='word_1_131' title='bbox 1023 1930 1311 2010; x_wconf 87' lang='lat' dir='ltr'><strong>princeps</strong></span> <span class='ocrx_word' id='word_1_132' title='bbox 1355 1930 1510 1991; x_wconf 89' lang='lat' dir='ltr'><strong>nolit</strong></span> <span class='ocrx_word' id='word_1_133' title='bbox 1535 1929 1696 1991; x_wconf 87' lang='lat' dir='ltr'><strong>hanc</strong></span> 
     </span>
     <span class='ocr_line' id='line_1_20' title="bbox 159 2022 1697 2105; baseline 0 -22"><span class='ocrx_word' id='word_1_134' title='bbox 159 2029 494 2105; x_wconf 87' lang='lat' dir='ltr'><strong>potestatem</strong></span> <span class='ocrx_word' id='word_1_135' title='bbox 523 2022 856 2086; x_wconf 86' lang='lat' dir='ltr'><strong>concedere</strong></span> <span class='ocrx_word' id='word_1_136' title='bbox 872 2024 1179 2098; x_wconf 84' lang='lat' dir='ltr'><strong>Ecclesioe‚</strong></span> <span class='ocrx_word' id='word_1_137' title='bbox 1205 2022 1303 2083; x_wconf 82' lang='lat' dir='ltr'><strong>vel</strong></span> <span class='ocrx_word' id='word_1_138' title='bbox 1323 2027 1394 2083; x_wconf 87' lang='lat' dir='ltr'><strong>ut</strong></span> <span class='ocrx_word' id='word_1_139' title='bbox 1417 2023 1572 2083; x_wconf 92' lang='lat' dir='ltr'><strong>nolit</strong></span> <span class='ocrx_word' id='word_1_140' title='bbox 1591 2022 1697 2083; x_wconf 85' lang='lat' dir='ltr'><strong>da·</strong></span> 
     </span>
     <span class='ocr_line' id='line_1_21' title="bbox 159 2115 1697 2189; baseline -0.003 -10"><span class='ocrx_word' id='word_1_141' title='bbox 159 2136 216 2179; x_wconf 84' lang='lat' dir='ltr'><strong>re</strong></span> <span class='ocrx_word' id='word_1_142' title='bbox 255 2116 365 2177; x_wconf 88' lang='lat' dir='ltr'><strong>nisi</strong></span> <span class='ocrx_word' id='word_1_143' title='bbox 414 2115 538 2175; x_wconf 89' lang='lat' dir='ltr'><strong>sibi</strong></span> <span class='ocrx_word' id='word_1_144' title='bbox 565 2115 1057 2189; x_wconf 77' lang='lat' dir='ltr'><strong>subordinatum,</strong></span> <span class='ocrx_word' id='word_1_145' title='bbox 1083 2122 1146 2177; x_wconf 89' lang='lat' dir='ltr'><strong>et</strong></span> <span class='ocrx_word' id='word_1_146' title='bbox 1187 2134 1328 2177; x_wconf 91' lang='lat' dir='ltr'><strong>cum</strong></span> <span class='ocrx_word' id='word_1_147' title='bbox 1357 2134 1610 2175; x_wconf 86' lang='lat' dir='ltr'><strong>recursu</strong></span> <span class='ocrx_word' id='word_1_148' title='bbox 1633 2122 1697 2175; x_wconf 91' lang='lat' dir='ltr'><strong>et</strong></span> 
     </span>
     <span class='ocr_line' id='line_1_22' title="bbox 161 2208 1693 2289; baseline -0.001 -18"><span class='ocrx_word' id='word_1_149' title='bbox 161 2208 546 2289; x_wconf 75' lang='lat' dir='ltr'><strong>appellatione</strong></span> <span class='ocrx_word' id='word_1_150' title='bbox 583 2208 663 2268; x_wconf 91' lang='lat' dir='ltr'><strong>ad</strong></span> <span class='ocrx_word' id='word_1_151' title='bbox 697 2208 925 2287; x_wconf 89' lang='lat' dir='ltr'><strong>ipsum,</strong></span> <span class='ocrx_word' id='word_1_152' title='bbox 953 2209 1116 2287; x_wconf 88' lang='lat' dir='ltr'><strong>quod</strong></span> <span class='ocrx_word' id='word_1_153' title='bbox 1147 2216 1307 2269; x_wconf 90' lang='lat' dir='ltr'><strong>esset</strong></span> <span class='ocrx_word' id='word_1_154' title='bbox 1349 2210 1693 2269; x_wconf 84' lang='lat' dir='ltr'><strong>maximum</strong></span> 
     </span>
     <span class='ocr_line' id='line_1_23' title="bbox 163 2301 1696 2381; baseline -0.001 -18"><span class='ocrx_word' id='word_1_155' title='bbox 163 2301 612 2377; x_wconf 81' lang='lat' dir='ltr'><strong>inconveniens3</strong></span> <span class='ocrx_word' id='word_1_156' title='bbox 643 2307 776 2361; x_wconf 90' lang='lat' dir='ltr'><strong>tum</strong></span> <span class='ocrx_word' id='word_1_157' title='bbox 826 2302 1095 2363; x_wconf 86' lang='lat' dir='ltr'><strong>maxime</strong></span> <span class='ocrx_word' id='word_1_158' title='bbox 1133 2302 1280 2379; x_wconf 88' lang='lat' dir='ltr'><strong>quia</strong></span> <span class='ocrx_word' id='word_1_159' title='bbox 1327 2320 1455 2362; x_wconf 90' lang='lat' dir='ltr'><strong>non</strong></span> <span class='ocrx_word' id='word_1_160' title='bbox 1496 2307 1696 2381; x_wconf 78' lang='lat' dir='ltr'><strong>posset</strong></span> 
     </span>
     <span class='ocr_line' id='line_1_24' title="bbox 163 2393 1697 2473; baseline -0.001 -16"><span class='ocrx_word' id='word_1_161' title='bbox 163 2414 271 2457; x_wconf 65' lang='lat' dir='ltr'><strong>esse</strong></span> <span class='ocrx_word' id='word_1_162' title='bbox 291 2394 650 2455; x_wconf 84' lang='lat' dir='ltr'><strong>universalis</strong></span> <span class='ocrx_word' id='word_1_163' title='bbox 669 2413 738 2455; x_wconf 92' lang='lat' dir='ltr'><strong>su</strong></span> <span class='ocrx_word' id='word_1_164' title='bbox 746 2412 856 2473; x_wconf 87' lang='lat' dir='ltr'><strong>pra</strong></span> <span class='ocrx_word' id='word_1_165' title='bbox 874 2411 1090 2455; x_wconf 87' lang='lat' dir='ltr'><strong>omnes</strong></span> <span class='ocrx_word' id='word_1_166' title='bbox 1107 2393 1331 2455; x_wconf 84' lang='lat' dir='ltr'><strong>Christi</strong></span> <span class='ocrx_word' id='word_1_167' title='bbox 1349 2412 1522 2469; x_wconf 79' lang='lat' dir='ltr'><strong>ovea,</strong></span> <span class='ocrx_word' id='word_1_168' title='bbox 1549 2412 1697 2463; x_wconf 88' lang='lat' dir='ltr'><strong>nam</strong></span> 
     </span>
     <span class='ocr_line' id='line_1_25' title="bbox 163 2487 1693 2567; baseline 0 -18"><span class='ocrx_word' id='word_1_169' title='bbox 163 2491 350 2551; x_wconf 85' lang='lat' dir='ltr'><strong>saltem</strong></span> <span class='ocrx_word' id='word_1_170' title='bbox 369 2506 548 2565; x_wconf 87' lang='lat' dir='ltr'><strong>reges</strong></span> <span class='ocrx_word' id='word_1_171' title='bbox 567 2487 683 2566; x_wconf 91' lang='lat' dir='ltr'><strong>ipsi</strong></span> <span class='ocrx_word' id='word_1_172' title='bbox 711 2487 1074 2566; x_wconf 81' lang='lat' dir='ltr'><strong>temporales</strong></span> <span class='ocrx_word' id='word_1_173' title='bbox 1097 2493 1298 2549; x_wconf 86' lang='lat' dir='ltr'><strong>essent</strong></span> <span class='ocrx_word' id='word_1_174' title='bbox 1326 2488 1693 2567; x_wconf 84' lang='lat' dir='ltr'><strong>excipiendi,</strong></span> 
     </span>
     <span class='ocr_line' id='line_1_26' title="bbox 171 2579 1698 2662; baseline 0.001 -21"><span class='ocrx_word' id='word_1_175' title='bbox 171 2582 310 2662; x_wconf 88' lang='lat' dir='ltr'><strong>quod</strong></span> <span class='ocrx_word' id='word_1_176' title='bbox 337 2581 580 2641; x_wconf 86' lang='lat' dir='ltr'><strong>cederet</strong></span> <span class='ocrx_word' id='word_1_177' title='bbox 627 2580 697 2641; x_wconf 90' lang='lat' dir='ltr'><strong>in</strong></span> <span class='ocrx_word' id='word_1_178' title='bbox 747 2599 1046 2659; x_wconf 90' lang='lat' dir='ltr'><strong>magnum</strong></span> <span class='ocrx_word' id='word_1_179' title='bbox 1078 2580 1466 2661; x_wconf 84' lang='lat' dir='ltr'><strong>dispendium</strong></span> <span class='ocrx_word' id='word_1_180' title='bbox 1497 2579 1698 2643; x_wconf 90' lang='lat' dir='ltr'><strong>Eccle-</strong></span> 
     </span>
     <span class='ocr_line' id='line_1_27' title="bbox 164 2673 1701 2753; baseline 0 -18"><span class='ocrx_word' id='word_1_181' title='bbox 164 2678 279 2752; x_wconf 79' lang='lat' dir='ltr'><strong>siae3</strong></span> <span class='ocrx_word' id='word_1_182' title='bbox 315 2692 458 2735; x_wconf 88' lang='lat' dir='ltr'><strong>nam</strong></span> <span class='ocrx_word' id='word_1_183' title='bbox 497 2674 557 2734; x_wconf 85' lang='lat' dir='ltr'><strong>si</strong></span> <span class='ocrx_word' id='word_1_184' title='bbox 600 2692 710 2735; x_wconf 83' lang='lat' dir='ltr'><strong>rex</strong></span> <span class='ocrx_word' id='word_1_185' title='bbox 741 2673 1098 2753; x_wconf 88' lang='lat' dir='ltr'><strong>temporalis</strong></span> <span class='ocrx_word' id='word_1_186' title='bbox 1145 2674 1224 2735; x_wconf 90' lang='lat' dir='ltr'><strong>sit</strong></span> <span class='ocrx_word' id='word_1_187' title='bbox 1261 2673 1606 2747; x_wconf 74' lang='lat' dir='ltr'><strong>haereticus,</strong></span> <span class='ocrx_word' id='word_1_188' title='bbox 1639 2680 1701 2736; x_wconf 90' lang='lat' dir='ltr'><strong>et</strong></span> 
     </span>
     <span class='ocr_line' id='line_1_28' title="bbox 163 2766 1703 2846; baseline 0 -19"><span class='ocrx_word' id='word_1_189' title='bbox 163 2767 393 2827; x_wconf 83' lang='lat' dir='ltr'><strong>coerceri</strong></span> <span class='ocrx_word' id='word_1_190' title='bbox 416 2784 550 2827; x_wconf 90' lang='lat' dir='ltr'><strong>non</strong></span> <span class='ocrx_word' id='word_1_191' title='bbox 580 2766 791 2845; x_wconf 86' lang='lat' dir='ltr'><strong>possit,</strong></span> <span class='ocrx_word' id='word_1_192' title='bbox 822 2768 1012 2826; x_wconf 88' lang='lat' dir='ltr'><strong>etiam</strong></span> <span class='ocrx_word' id='word_1_193' title='bbox 1039 2785 1150 2846; x_wconf 91' lang='lat' dir='ltr'><strong>per</strong></span> <span class='ocrx_word' id='word_1_194' title='bbox 1177 2767 1538 2846; x_wconf 87' lang='lat' dir='ltr'><strong>temporalia</strong></span> <span class='ocrx_word' id='word_1_195' title='bbox 1573 2784 1703 2827; x_wconf 90' lang='lat' dir='ltr'><strong>me-</strong></span> 
     </span>
     <span class='ocr_line' id='line_1_29' title="bbox 169 2856 1700 2937; baseline 0.003 -20"><span class='ocrx_word' id='word_1_196' title='bbox 169 2858 269 2931; x_wconf 88' lang='lat' dir='ltr'><strong>dia,</strong></span> <span class='ocrx_word' id='word_1_197' title='bbox 299 2856 470 2919; x_wconf 84' lang='lat' dir='ltr'><strong>facile</strong></span> <span class='ocrx_word' id='word_1_198' title='bbox 519 2858 656 2937; x_wconf 87' lang='lat' dir='ltr'><strong>ipse</strong></span> <span class='ocrx_word' id='word_1_199' title='bbox 700 2858 920 2937; x_wconf 91' lang='lat' dir='ltr'><strong>perdet</strong></span> <span class='ocrx_word' id='word_1_200' title='bbox 967 2876 1182 2920; x_wconf 88' lang='lat' dir='ltr'><strong>omnes</strong></span> <span class='ocrx_word' id='word_1_201' title='bbox 1225 2858 1522 2921; x_wconf 88' lang='lat' dir='ltr'><strong>subditos.</strong></span> <span class='ocrx_word' id='word_1_202' title='bbox 1553 2860 1700 2934; x_wconf 76' lang='lat' dir='ltr'><strong>Quas</strong></span> 
     </span>
     <span class='ocr_line' id='line_1_30' title="bbox 163 2946 1697 3033; baseline 0 -22"><span class='ocrx_word' id='word_1_203' title='bbox 163 2952 292 3011; x_wconf 84' lang='lat' dir='ltr'><strong>ratio</strong></span> <span class='ocrx_word' id='word_1_204' title='bbox 331 2957 458 3011; x_wconf 84' lang='lat' dir='ltr'><strong>tam</strong></span> <span class='ocrx_word' id='word_1_205' title='bbox 519 2946 866 3012; x_wconf 78' lang='lat' dir='ltr'><strong>necessaria</strong></span> <span class='ocrx_word' id='word_1_206' title='bbox 914 2951 1045 3011; x_wconf 85' lang='lat' dir='ltr'><strong>visa</strong></span> <span class='ocrx_word' id='word_1_207' title='bbox 1075 2958 1193 3026; x_wconf 90' lang='lat' dir='ltr'><strong>est,</strong></span> <span class='ocrx_word' id='word_1_208' title='bbox 1215 2957 1289 3011; x_wconf 88' lang='lat' dir='ltr'><strong>ut</strong></span> <span class='ocrx_word' id='word_1_209' title='bbox 1327 2969 1529 3030; x_wconf 89' lang='lat' dir='ltr'><strong>neque</strong></span> <span class='ocrx_word' id='word_1_210' title='bbox 1569 2953 1697 3033; x_wconf 85' lang='lat' dir='ltr'><strong>ipse</strong></span> 
     </span>
     <span class='ocr_line' id='line_1_31' title="bbox 163 3044 1698 3123; baseline 0.001 -18"><span class='ocrx_word' id='word_1_211' title='bbox 163 3045 417 3105; x_wconf 87' lang='lat' dir='ltr'><strong>Summus</strong></span> <span class='ocrx_word' id='word_1_212' title='bbox 446 3044 760 3117; x_wconf 80' lang='lat' dir='ltr'><strong>Pontifex,</strong></span> <span class='ocrx_word' id='word_1_213' title='bbox 805 3046 858 3105; x_wconf 89' lang='lat' dir='ltr'><strong>si</strong></span> <span class='ocrx_word' id='word_1_214' title='bbox 888 3045 1277 3123; x_wconf 85' lang='lat' dir='ltr'><strong>contingeret</strong></span> <span class='ocrx_word' id='word_1_215' title='bbox 1305 3063 1435 3107; x_wconf 67' lang='lat' dir='ltr'><strong>esse</strong></span> <span class='ocrx_word' id='word_1_216' title='bbox 1458 3045 1698 3107; x_wconf 80' lang='lat' dir='ltr'><strong>haereti-</strong></span> 
     </span>
     <span class='ocr_line' id='line_1_32' title="bbox 161 3136 1693 3217; baseline 0.003 -20"><span class='ocrx_word' id='word_1_217' title='bbox 161 3156 298 3210; x_wconf 90' lang='lat' dir='ltr'><strong>cum,</strong></span> <span class='ocrx_word' id='word_1_218' title='bbox 323 3140 396 3197; x_wconf 86' lang='lat' dir='ltr'><strong>sit</strong></span> <span class='ocrx_word' id='word_1_219' title='bbox 414 3138 684 3199; x_wconf 88' lang='lat' dir='ltr'><strong>omnino</strong></span> <span class='ocrx_word' id='word_1_220' title='bbox 697 3137 855 3197; x_wconf 87' lang='lat' dir='ltr'><strong>liber</strong></span> <span class='ocrx_word' id='word_1_221' title='bbox 875 3138 954 3198; x_wconf 91' lang='lat' dir='ltr'><strong>ab</strong></span> <span class='ocrx_word' id='word_1_222' title='bbox 969 3136 1325 3217; x_wconf 84' lang='lat' dir='ltr'><strong>hujusmodi</strong></span> <span class='ocrx_word' id='word_1_223' title='bbox 1355 3140 1693 3201; x_wconf 86' lang='lat' dir='ltr'><strong>coactione.</strong></span> 
     </span>
     <span class='ocr_line' id='line_1_33' title="bbox 159 3232 1693 3311; baseline 0.001 -19"><span class='ocrx_word' id='word_1_224' title='bbox 159 3232 288 3292; x_wconf 73' lang='lat' dir='ltr'><strong>Nam</strong></span> <span class='ocrx_word' id='word_1_225' title='bbox 327 3232 482 3305; x_wconf 83' lang='lat' dir='ltr'><strong>licet,</strong></span> <span class='ocrx_word' id='word_1_226' title='bbox 517 3233 807 3311; x_wconf 85' lang='lat' dir='ltr'><strong>quandiu</strong></span> <span class='ocrx_word' id='word_1_227' title='bbox 835 3239 928 3294; x_wconf 87' lang='lat' dir='ltr'><strong>est</strong></span> <span class='ocrx_word' id='word_1_228' title='bbox 985 3234 1292 3308; x_wconf 83' lang='lat' dir='ltr'><strong>Pontifex,</strong></span> <span class='ocrx_word' id='word_1_229' title='bbox 1353 3251 1392 3293; x_wconf 97' lang='lat' dir='ltr'><strong>a</strong></span> <span class='ocrx_word' id='word_1_230' title='bbox 1442 3236 1693 3294; x_wconf 88' lang='lat' dir='ltr'><strong>nemine</strong></span> 
     </span>
     <span class='ocr_line' id='line_1_34' title="bbox 161 3327 1694 3406; baseline 0.003 -22"><span class='ocrx_word' id='word_1_231' title='bbox 161 3327 393 3386; x_wconf 82' lang='lat' dir='ltr'><strong>coerceri</strong></span> <span class='ocrx_word' id='word_1_232' title='bbox 423 3327 648 3406; x_wconf 83' lang='lat' dir='ltr'><strong>possit,</strong></span> <span class='ocrx_word' id='word_1_233' title='bbox 683 3332 895 3388; x_wconf 89' lang='lat' dir='ltr'><strong>tamen</strong></span> <span class='ocrx_word' id='word_1_234' title='bbox 923 3328 976 3387; x_wconf 90' lang='lat' dir='ltr'><strong>si</strong></span> <span class='ocrx_word' id='word_1_235' title='bbox 1010 3328 1091 3387; x_wconf 91' lang='lat' dir='ltr'><strong>sit</strong></span> <span class='ocrx_word' id='word_1_236' title='bbox 1119 3327 1465 3402; x_wconf 86' lang='lat' dir='ltr'><strong>haereticus,</strong></span> <span class='ocrx_word' id='word_1_237' title='bbox 1498 3333 1694 3405; x_wconf 85' lang='lat' dir='ltr'><strong>potest</strong></span> 
     </span>
     <span class='ocr_line' id='line_1_35' title="bbox 161 3418 1694 3498; baseline 0.002 -20"><span class='ocrx_word' id='word_1_238' title='bbox 161 3435 250 3495; x_wconf 86' lang='lat' dir='ltr'><strong>per</strong></span> <span class='ocrx_word' id='word_1_239' title='bbox 269 3420 632 3481; x_wconf 77' lang='lat' dir='ltr'><strong>sententiam</strong></span> <span class='ocrx_word' id='word_1_240' title='bbox 653 3418 912 3481; x_wconf 86' lang='lat' dir='ltr'><strong>Concilii</strong></span> <span class='ocrx_word' id='word_1_241' title='bbox 927 3419 1230 3498; x_wconf 88' lang='lat' dir='ltr'><strong>generalis</strong></span> <span class='ocrx_word' id='word_1_242' title='bbox 1250 3419 1547 3481; x_wconf 89' lang='lat' dir='ltr'><strong>declarari</strong></span> <span class='ocrx_word' id='word_1_243' title='bbox 1567 3419 1694 3481; x_wconf 79' lang='lat' dir='ltr'><strong>hae·</strong></span> 
     </span>
     <span class='ocr_line' id='line_1_36' title="bbox 163 3512 1692 3593; baseline 0.003 -25"><span class='ocrx_word' id='word_1_244' title='bbox 163 3512 374 3587; x_wconf 86' lang='lat' dir='ltr'><strong>reticus,</strong></span> <span class='ocrx_word' id='word_1_245' title='bbox 407 3520 466 3573; x_wconf 91' lang='lat' dir='ltr'><strong>et</strong></span> <span class='ocrx_word' id='word_1_246' title='bbox 486 3520 646 3573; x_wconf 85' lang='lat' dir='ltr'><strong>tunc</strong></span> <span class='ocrx_word' id='word_1_247' title='bbox 673 3513 806 3593; x_wconf 86' lang='lat' dir='ltr'><strong>ipso</strong></span> <span class='ocrx_word' id='word_1_248' title='bbox 833 3513 996 3575; x_wconf 82' lang='lat' dir='ltr'><strong>facto</strong></span> <span class='ocrx_word' id='word_1_249' title='bbox 1021 3532 1096 3573; x_wconf 85' lang='lat' dir='ltr'><strong>ex</strong></span> <span class='ocrx_word' id='word_1_250' title='bbox 1121 3513 1334 3574; x_wconf 89' lang='lat' dir='ltr'><strong>divino</strong></span> <span class='ocrx_word' id='word_1_251' title='bbox 1361 3513 1504 3593; x_wconf 87' lang='lat' dir='ltr'><strong>jure</strong></span> <span class='ocrx_word' id='word_1_252' title='bbox 1535 3532 1572 3573; x_wconf 89' lang='lat' dir='ltr'><strong>a</strong></span> <span class='ocrx_word' id='word_1_253' title='bbox 1601 3513 1692 3573; x_wconf 90' lang='lat' dir='ltr'><strong>di-</strong></span> 
     </span>
     <span class='ocr_line' id='line_1_37' title="bbox 163 3607 1692 3687; baseline 0.003 -24"><span class='ocrx_word' id='word_1_254' title='bbox 163 3607 366 3680; x_wconf 84' lang='lat' dir='ltr'><strong>gnitate</strong></span> <span class='ocrx_word' id='word_1_255' title='bbox 411 3607 602 3683; x_wconf 88' lang='lat' dir='ltr'><strong>cadit,</strong></span> <span class='ocrx_word' id='word_1_256' title='bbox 637 3613 700 3667; x_wconf 90' lang='lat' dir='ltr'><strong>et</strong></span> <span class='ocrx_word' id='word_1_257' title='bbox 726 3608 814 3667; x_wconf 91' lang='lat' dir='ltr'><strong>sic</strong></span> <span class='ocrx_word' id='word_1_258' title='bbox 837 3607 1150 3687; x_wconf 87' lang='lat' dir='ltr'><strong>depositus</strong></span> <span class='ocrx_word' id='word_1_259' title='bbox 1171 3608 1306 3686; x_wconf 88' lang='lat' dir='ltr'><strong>jam</strong></span> <span class='ocrx_word' id='word_1_260' title='bbox 1332 3607 1561 3687; x_wconf 90' lang='lat' dir='ltr'><strong>poterit</strong></span> <span class='ocrx_word' id='word_1_261' title='bbox 1583 3626 1692 3687; x_wconf 91' lang='lat' dir='ltr'><strong>per</strong></span> 
     </span>
     <span class='ocr_line' id='line_1_38' title="bbox 161 3697 1688 3779; baseline 0.003 -24"><span class='ocrx_word' id='word_1_262' title='bbox 161 3697 454 3761; x_wconf 83' lang='lat' dir='ltr'><strong>Ecclesiam</strong></span> <span class='ocrx_word' id='word_1_263' title='bbox 484 3699 780 3761; x_wconf 87' lang='lat' dir='ltr'><strong>coerceri.</strong></span> <span class='ocrx_word' id='word_1_264' title='bbox 826 3701 940 3761; x_wconf 83' lang='lat' dir='ltr'><strong>Est</strong></span> <span class='ocrx_word' id='word_1_265' title='bbox 983 3718 1133 3779; x_wconf 85' lang='lat' dir='ltr'><strong>ergo</strong></span> <span class='ocrx_word' id='word_1_266' title='bbox 1162 3700 1300 3761; x_wconf 84' lang='lat' dir='ltr'><strong>haec</strong></span> <span class='ocrx_word' id='word_1_267' title='bbox 1329 3705 1596 3778; x_wconf 85' lang='lat' dir='ltr'><strong>potestas</strong></span> <span class='ocrx_word' id='word_1_268' title='bbox 1623 3701 1688 3760; x_wconf 92' lang='lat' dir='ltr'><strong>in</strong></span> 
     </span>
     <span class='ocr_line' id='line_1_39' title="bbox 165 3791 1690 3871; baseline 0.003 -22"><span class='ocrx_word' id='word_1_269' title='bbox 165 3791 402 3852; x_wconf 65' lang='lat' dir='ltr'><strong>Ecclesia</strong></span> <span class='ocrx_word' id='word_1_270' title='bbox 454 3792 720 3853; x_wconf 89' lang='lat' dir='ltr'><strong>omnino</strong></span> <span class='ocrx_word' id='word_1_271' title='bbox 777 3791 1142 3854; x_wconf 82' lang='lat' dir='ltr'><strong>universalis</strong></span> <span class='ocrx_word' id='word_1_272' title='bbox 1205 3791 1406 3871; x_wconf 88' lang='lat' dir='ltr'><strong>quoad</strong></span> <span class='ocrx_word' id='word_1_273' title='bbox 1473 3810 1690 3853; x_wconf 88' lang='lat' dir='ltr'><strong>omues</strong></span> 
     </span>
     <span class='ocr_line' id='line_1_40' title="bbox 165 3884 1690 3965; baseline 0.002 -23"><span class='ocrx_word' id='word_1_274' title='bbox 165 3900 442 3962; x_wconf 80' lang='lat' dir='ltr'><strong>personas,</strong></span> <span class='ocrx_word' id='word_1_275' title='bbox 491 3891 558 3946; x_wconf 93' lang='lat' dir='ltr'><strong>et</strong></span> <span class='ocrx_word' id='word_1_276' title='bbox 601 3884 683 3946; x_wconf 89' lang='lat' dir='ltr'><strong>ab</strong></span> <span class='ocrx_word' id='word_1_277' title='bbox 737 3885 870 3965; x_wconf 87' lang='lat' dir='ltr'><strong>ipso</strong></span> <span class='ocrx_word' id='word_1_278' title='bbox 914 3885 1152 3947; x_wconf 87' lang='lat' dir='ltr'><strong>Christo</strong></span> <span class='ocrx_word' id='word_1_279' title='bbox 1181 3884 1536 3947; x_wconf 87' lang='lat' dir='ltr'><strong>immediate</strong></span> <span class='ocrx_word' id='word_1_280' title='bbox 1576 3886 1690 3946; x_wconf 91' lang='lat' dir='ltr'><strong>tri-</strong></span> 
     </span>
     <span class='ocr_line' id='line_1_41' title="bbox 161 3973 302 4038; baseline 0.035 -5"><span class='ocrx_word' id='word_1_281' title='bbox 161 3973 302 4038; x_wconf 86' lang='lat' dir='ltr'><strong>buta.</strong></span> 
     </span>
    </p>

    <p class='ocr_par' dir='ltr' id='par_1_4' title="bbox 66 4071 1692 5541">
     <span class='ocr_line' id='line_1_42' title="bbox 224 4071 1686 4155; baseline 0.001 -26"><span class='ocrx_word' id='word_1_282' title='bbox 224 4071 312 4130; x_wconf 71' lang='lat'><strong>27.</strong></span> <span class='ocrx_word' id='word_1_283' title='bbox 341 4072 438 4135; x_wconf 74' lang='lat' dir='ltr'><strong>Aa</strong></span> <span class='ocrx_word' id='word_1_284' title='bbox 471 4074 750 4155; x_wconf 75' lang='lat' dir='ltr'><strong>primum</strong></span> <span class='ocrx_word' id='word_1_285' title='bbox 799 4076 1244 4155; x_wconf 62' lang='lat' dir='ltr'><strong>argumetum,</strong></span> <span class='ocrx_word' id='word_1_286' title='bbox 1276 4071 1344 4134; x_wconf 75' lang='lat' dir='ltr'><strong>in</strong></span> <span class='ocrx_word' id='word_1_287' title='bbox 1379 4089 1548 4133; x_wconf 77' lang='lat' dir='ltr'><strong>num.</strong></span> <span class='ocrx_word' id='word_1_288' title='bbox 1585 4074 1686 4134; x_wconf 77' lang='lat'><strong>20.</strong></span> 
     </span>
     <span class='ocr_line' id='line_1_43' title="bbox 159 4160 1692 4244; baseline 0 -21"><span class='ocrx_word' id='word_1_289' title='bbox 159 4160 308 4223; x_wconf 78' lang='lat' dir='ltr'><strong>-Ad</strong></span> <span class='ocrx_word' id='word_1_290' title='bbox 323 4168 639 4228; x_wconf 73' lang='lat' dir='ltr'><strong>seeundum</strong></span> <span class='ocrx_word' id='word_1_291' title='bbox 665 4166 1282 4244; x_wconf 79' lang='lat' dir='ltr'><strong>ibid.·—Argumenta</strong></span> <span class='ocrx_word' id='word_1_292' title='bbox 1327 4182 1476 4226; x_wconf 83' lang='lat' dir='ltr'><strong>vero</strong></span> <span class='ocrx_word' id='word_1_293' title='bbox 1526 4165 1692 4225; x_wconf 80' lang='lat' dir='ltr'><strong>facta</strong></span> 
     </span>
     <span class='ocr_line' id='line_1_44' title="bbox 66 4242 1690 4337; baseline 0.003 -25"><span class='ocrx_word' id='word_1_294' title='bbox 66 4242 68 4261; x_wconf 29' lang='grc' dir='ltr'>ἔ</span> <span class='ocrx_word' id='word_1_295' title='bbox 163 4254 215 4313; x_wconf 92' lang='lat' dir='ltr'><strong>in</strong></span> <span class='ocrx_word' id='word_1_296' title='bbox 257 4256 514 4319; x_wconf 78' lang='lat' dir='ltr'><strong>favorem</strong></span> <span class='ocrx_word' id='word_1_297' title='bbox 567 4258 894 4319; x_wconf 79' lang='lat' dir='ltr'><strong>contrariae</strong></span> <span class='ocrx_word' id='word_1_298' title='bbox 947 4258 1270 4319; x_wconf 64' lang='lat' dir='ltr'><strong>sententias</strong></span> <span class='ocrx_word' id='word_1_299' title='bbox 1325 4258 1500 4337; x_wconf 86' lang='lat' dir='ltr'><strong>parvi</strong></span> <span class='ocrx_word' id='word_1_300' title='bbox 1559 4276 1690 4317; x_wconf 89' lang='lat' dir='ltr'><strong>mo-</strong></span> 
     </span>
     <span class='ocr_line' id='line_1_45' title="bbox 165 4352 1687 4432; baseline 0.003 -26"><span class='ocrx_word' id='word_1_301' title='bbox 165 4352 328 4409; x_wconf 85' lang='lat' dir='ltr'><strong>menti</strong></span> <span class='ocrx_word' id='word_1_302' title='bbox 371 4358 537 4427; x_wconf 85' lang='lat' dir='ltr'><strong>sunt,</strong></span> <span class='ocrx_word' id='word_1_303' title='bbox 587 4357 653 4413; x_wconf 91' lang='lat' dir='ltr'><strong>et</strong></span> <span class='ocrx_word' id='word_1_304' title='bbox 701 4352 880 4413; x_wconf 83' lang='lat' dir='ltr'><strong>facile</strong></span> <span class='ocrx_word' id='word_1_305' title='bbox 927 4352 1205 4432; x_wconf 85' lang='lat' dir='ltr'><strong>expediri</strong></span> <span class='ocrx_word' id='word_1_306' title='bbox 1237 4354 1510 4431; x_wconf 60' lang='lat' dir='ltr'><strong>possuntt</strong></span> <span class='ocrx_word' id='word_1_307' title='bbox 1561 4352 1687 4411; x_wconf 90' lang='lat' dir='ltr'><strong>Pri-</strong></span> 
     </span>
     <span class='ocr_line' id='line_1_46' title="bbox 161 4444 1682 4514; baseline 0.004 -17"><span class='ocrx_word' id='word_1_308' title='bbox 161 4456 306 4500; x_wconf 87' lang='lat' dir='ltr'><strong>mum</strong></span> <span class='ocrx_word' id='word_1_309' title='bbox 329 4445 687 4505; x_wconf 86' lang='lat' dir='ltr'><strong>sumebatur</strong></span> <span class='ocrx_word' id='word_1_310' title='bbox 716 4463 791 4504; x_wconf 86' lang='lat' dir='ltr'><strong>ex</strong></span> <span class='ocrx_word' id='word_1_311' title='bbox 813 4445 1028 4505; x_wconf 87' lang='lat' dir='ltr'><strong>Matth.</strong></span> <span class='ocrx_word' id='word_1_312' title='bbox 1072 4444 1176 4504; x_wconf 79' lang='lat'><strong>¹8:</strong></span> <span class='ocrx_word' id='word_1_313' title='bbox 1212 4444 1331 4506; x_wconf 80' lang='lat' dir='ltr'><strong>Dic</strong></span> <span class='ocrx_word' id='word_1_314' title='bbox 1359 4444 1682 4514; x_wconf 73' lang='lat' dir='ltr'><strong>Ecclesioe‚</strong></span> 
     </span>
     <span class='ocr_line' id='line_1_47' title="bbox 163 4534 1688 4612; baseline 0.003 -21"><span class='ocrx_word' id='word_1_315' title='bbox 163 4538 208 4593; x_wconf 77' lang='lat' dir='ltr'><strong>et</strong></span> <span class='ocrx_word' id='word_1_316' title='bbox 229 4535 278 4594; x_wconf 74' lang='lat' dir='ltr'><strong>si</strong></span> <span class='ocrx_word' id='word_1_317' title='bbox 299 4536 636 4601; x_wconf 70' lang='lat' dir='ltr'><strong>Ecclesiam</strong></span> <span class='ocrx_word' id='word_1_318' title='bbox 662 4554 780 4598; x_wconf 71' lang='lat' dir='ltr'><strong>non</strong></span> <span class='ocrx_word' id='word_1_319' title='bbox 802 4538 1089 4612; x_wconf 74' lang='lat' dir='ltr'><strong>audierit,</strong></span> <span class='ocrx_word' id='word_1_320' title='bbox 1119 4543 1236 4597; x_wconf 90' lang='lat' dir='ltr'><strong>etc.</strong></span> <span class='ocrx_word' id='word_1_321' title='bbox 1263 4559 1279 4605; x_wconf 75' lang='grc' dir='ltr'><strong>ς</strong></span> <span class='ocrx_word' id='word_1_322' title='bbox 1312 4536 1395 4596; x_wconf 89' lang='lat' dir='ltr'><strong>ibi</strong></span> <span class='ocrx_word' id='word_1_323' title='bbox 1421 4554 1587 4607; x_wconf 83' lang='lat' dir='ltr'><strong>vero,</strong></span> <span class='ocrx_word' id='word_1_324' title='bbox 1615 4534 1688 4596; x_wconf 87' lang='lat' dir='ltr'><strong>li-</strong></span> 
     </span>
     <span class='ocr_line' id='line_1_48' title="bbox 165 4630 1688 4711; baseline 0.004 -28"><span class='ocrx_word' id='word_1_325' title='bbox 165 4632 241 4684; x_wconf 84' lang='lat' dir='ltr'><strong>cet</strong></span> <span class='ocrx_word' id='word_1_326' title='bbox 278 4646 392 4689; x_wconf 90' lang='lat' dir='ltr'><strong>non</strong></span> <span class='ocrx_word' id='word_1_327' title='bbox 425 4630 536 4692; x_wconf 87' lang='lat' dir='ltr'><strong>fiat</strong></span> <span class='ocrx_word' id='word_1_328' title='bbox 576 4632 813 4691; x_wconf 87' lang='lat' dir='ltr'><strong>mentio</strong></span> <span class='ocrx_word' id='word_1_329' title='bbox 853 4631 1208 4711; x_wconf 88' lang='lat' dir='ltr'><strong>temporalis</strong></span> <span class='ocrx_word' id='word_1_330' title='bbox 1236 4630 1334 4691; x_wconf 79' lang='lat' dir='ltr'><strong>vel</strong></span> <span class='ocrx_word' id='word_1_331' title='bbox 1360 4630 1688 4709; x_wconf 88' lang='lat' dir='ltr'><strong>corporalis</strong></span> 
     </span>
     <span class='ocr_line' id='line_1_49' title="bbox 171 4722 1687 4799; baseline 0.005 -24"><span class='ocrx_word' id='word_1_332' title='bbox 171 4722 487 4799; x_wconf 62' lang='lat' dir='ltr'><strong>emenonis,</strong></span> <span class='ocrx_word' id='word_1_333' title='bbox 518 4742 650 4783; x_wconf 91' lang='lat' dir='ltr'><strong>non</strong></span> <span class='ocrx_word' id='word_1_334' title='bbox 699 4735 911 4783; x_wconf 88' lang='lat' dir='ltr'><strong>tamen</strong></span> <span class='ocrx_word' id='word_1_335' title='bbox 945 4722 1316 4798; x_wconf 83' lang='lat' dir='ltr'><strong>excluditur,</strong></span> <span class='ocrx_word' id='word_1_336' title='bbox 1347 4730 1407 4783; x_wconf 92' lang='lat' dir='ltr'><strong>et</strong></span> <span class='ocrx_word' id='word_1_337' title='bbox 1436 4723 1524 4782; x_wconf 92' lang='lat' dir='ltr'><strong>ita</strong></span> <span class='ocrx_word' id='word_1_338' title='bbox 1546 4723 1687 4782; x_wconf 88' lang='lat' dir='ltr'><strong>nul-</strong></span> 
     </span>
     <span class='ocr_line' id='line_1_50' title="bbox 164 4806 1684 4897; baseline 0.007 -30"><span class='ocrx_word' id='word_1_339' title='bbox 164 4806 266 4870; x_wconf 83' lang='lat' dir='ltr'><strong>lum</strong></span> <span class='ocrx_word' id='word_1_340' title='bbox 291 4814 426 4877; x_wconf 90' lang='lat' dir='ltr'><strong>inde</strong></span> <span class='ocrx_word' id='word_1_341' title='bbox 452 4818 616 4877; x_wconf 89' lang='lat' dir='ltr'><strong>sumi</strong></span> <span class='ocrx_word' id='word_1_342' title='bbox 660 4822 858 4897; x_wconf 89' lang='lat' dir='ltr'><strong>potest</strong></span> <span class='ocrx_word' id='word_1_343' title='bbox 890 4823 1356 4895; x_wconf 84' lang='lat' dir='ltr'><strong>argumentum,</strong></span> <span class='ocrx_word' id='word_1_344' title='bbox 1383 4819 1528 4895; x_wconf 87' lang='lat' dir='ltr'><strong>quia</strong></span> <span class='ocrx_word' id='word_1_345' title='bbox 1557 4834 1684 4877; x_wconf 90' lang='lat' dir='ltr'><strong>non</strong></span> 
     </span>
     <span class='ocr_line' id='line_1_51' title="bbox 165 4909 1684 4989; baseline 0.007 -29"><span class='ocrx_word' id='word_1_346' title='bbox 165 4910 235 4962; x_wconf 88' lang='lat' dir='ltr'><strong>est</strong></span> <span class='ocrx_word' id='word_1_347' title='bbox 259 4924 480 4969; x_wconf 82' lang='lat' dir='ltr'><strong>necesse</strong></span> <span class='ocrx_word' id='word_1_348' title='bbox 507 4912 664 4969; x_wconf 86' lang='lat' dir='ltr'><strong>utin</strong></span> <span class='ocrx_word' id='word_1_349' title='bbox 689 4909 982 4969; x_wconf 90' lang='lat' dir='ltr'><strong>omnibus</strong></span> <span class='ocrx_word' id='word_1_350' title='bbox 1007 4915 1069 4970; x_wconf 91' lang='lat' dir='ltr'><strong>et</strong></span> <span class='ocrx_word' id='word_1_351' title='bbox 1095 4910 1356 4989; x_wconf 86' lang='lat' dir='ltr'><strong>singulis</strong></span> <span class='ocrx_word' id='word_1_352' title='bbox 1384 4909 1531 4969; x_wconf 89' lang='lat' dir='ltr'><strong>locis</strong></span> <span class='ocrx_word' id='word_1_353' title='bbox 1553 4928 1684 4971; x_wconf 90' lang='lat' dir='ltr'><strong>om·</strong></span> 
     </span>
     <span class='ocr_line' id='line_1_52' title="bbox 161 4993 1685 5081; baseline 0.008 -30"><span class='ocrx_word' id='word_1_354' title='bbox 161 4993 248 5054; x_wconf 83' lang='lat' dir='ltr'><strong>nia</strong></span> <span class='ocrx_word' id='word_1_355' title='bbox 269 4998 554 5061; x_wconf 88' lang='lat' dir='ltr'><strong>dicantur.</strong></span> <span class='ocrx_word' id='word_1_356' title='bbox 583 5002 924 5063; x_wconf 71' lang='lat' dir='ltr'><strong>Praesertim</strong></span> <span class='ocrx_word' id='word_1_357' title='bbox 949 5002 1096 5081; x_wconf 88' lang='lat' dir='ltr'><strong>quia</strong></span> <span class='ocrx_word' id='word_1_358' title='bbox 1123 5002 1212 5062; x_wconf 90' lang='lat' dir='ltr'><strong>ibi</strong></span> <span class='ocrx_word' id='word_1_359' title='bbox 1237 5001 1438 5063; x_wconf 82' lang='lat' dir='ltr'><strong>solum</strong></span> <span class='ocrx_word' id='word_1_360' title='bbox 1461 5002 1685 5081; x_wconf 87' lang='lat' dir='ltr'><strong>agebat</strong></span> 
     </span>
     <span class='ocr_line' id='line_1_53' title="bbox 163 5084 1680 5175; baseline 0.007 -30"><span class='ocrx_word' id='word_1_361' title='bbox 163 5084 400 5151; x_wconf 85' lang='lat' dir='ltr'><strong>Christus</strong></span> <span class='ocrx_word' id='word_1_362' title='bbox 424 5092 500 5153; x_wconf 89' lang='lat' dir='ltr'><strong>de</strong></span> <span class='ocrx_word' id='word_1_363' title='bbox 528 5094 744 5155; x_wconf 88' lang='lat' dir='ltr'><strong>ordine</strong></span> <span class='ocrx_word' id='word_1_364' title='bbox 773 5094 1170 5155; x_wconf 87' lang='lat' dir='ltr'><strong>correctionis</strong></span> <span class='ocrx_word' id='word_1_365' title='bbox 1197 5095 1508 5171; x_wconf 81' lang='lat' dir='ltr'><strong>fraternae,</strong></span> <span class='ocrx_word' id='word_1_366' title='bbox 1540 5114 1680 5175; x_wconf 81' lang='lat' dir='ltr'><strong>quoe</strong></span> 
     </span>
     <span class='ocr_line' id='line_1_54' title="bbox 163 5176 1680 5251; baseline 0.008 -14"><span class='ocrx_word' id='word_1_367' title='bbox 163 5176 216 5236; x_wconf 91' lang='lat' dir='ltr'><strong>in</strong></span> <span class='ocrx_word' id='word_1_368' title='bbox 255 5182 350 5243; x_wconf 87' lang='lat' dir='ltr'><strong>illa</strong></span> <span class='ocrx_word' id='word_1_369' title='bbox 391 5202 648 5247; x_wconf 78' lang='lat' dir='ltr'><strong>censura</strong></span> <span class='ocrx_word' id='word_1_370' title='bbox 707 5186 1118 5249; x_wconf 84' lang='lat' dir='ltr'><strong>ecclesiastica</strong></span> <span class='ocrx_word' id='word_1_371' title='bbox 1168 5188 1555 5251; x_wconf 90' lang='lat' dir='ltr'><strong>terminatur.</strong></span> <span class='ocrx_word' id='word_1_372' title='bbox 1612 5190 1680 5249; x_wconf 86' lang='lat' dir='ltr'><strong>ln</strong></span> 
     </span>
     <span class='ocr_line' id='line_1_55' title="bbox 163 5269 1682 5361; baseline 0.009 -33"><span class='ocrx_word' id='word_1_373' title='bbox 163 5269 274 5332; x_wconf 77' lang='lat' dir='ltr'><strong>aliis</strong></span> <span class='ocrx_word' id='word_1_374' title='bbox 296 5294 434 5337; x_wconf 75' lang='lat' dir='ltr'><strong>vero</strong></span> <span class='ocrx_word' id='word_1_375' title='bbox 455 5276 628 5355; x_wconf 89' lang='lat' dir='ltr'><strong>locis,</strong></span> <span class='ocrx_word' id='word_1_376' title='bbox 652 5280 718 5340; x_wconf 88' lang='lat' dir='ltr'><strong>in</strong></span> <span class='ocrx_word' id='word_1_377' title='bbox 743 5278 969 5361; x_wconf 86' lang='lat' dir='ltr'><strong>quibus</strong></span> <span class='ocrx_word' id='word_1_378' title='bbox 1000 5280 1274 5341; x_wconf 85' lang='lat' dir='ltr'><strong>Christus</strong></span> <span class='ocrx_word' id='word_1_379' title='bbox 1301 5281 1428 5359; x_wconf 90' lang='lat' dir='ltr'><strong>egit</strong></span> <span class='ocrx_word' id='word_1_380' title='bbox 1455 5281 1531 5341; x_wconf 90' lang='lat' dir='ltr'><strong>de</strong></span> <span class='ocrx_word' id='word_1_381' title='bbox 1553 5287 1682 5341; x_wconf 91' lang='lat' dir='ltr'><strong>toto</strong></span> 
     </span>
     <span class='ocr_line' id='line_1_56' title="bbox 165 5366 1682 5460; baseline 0.005 -34"><span class='ocrx_word' id='word_1_382' title='bbox 165 5366 428 5460; x_wconf 54' lang='lat' dir='ltr'><strong>tegimine</strong></span> <span class='ocrx_word' id='word_1_383' title='bbox 453 5370 760 5446; x_wconf 80' lang='lat' dir='ltr'><strong>Ecclesiae,</strong></span> <span class='ocrx_word' id='word_1_384' title='bbox 810 5378 873 5434; x_wconf 87' lang='lat' dir='ltr'><strong>et</strong></span> <span class='ocrx_word' id='word_1_385' title='bbox 904 5374 979 5434; x_wconf 91' lang='lat' dir='ltr'><strong>de</strong></span> <span class='ocrx_word' id='word_1_386' title='bbox 1008 5373 1252 5451; x_wconf 89' lang='lat' dir='ltr'><strong>integra</strong></span> <span class='ocrx_word' id='word_1_387' title='bbox 1277 5378 1574 5453; x_wconf 86' lang='lat' dir='ltr'><strong>potestate</strong></span> <span class='ocrx_word' id='word_1_388' title='bbox 1603 5372 1682 5433; x_wconf 85' lang='lat' dir='ltr'><strong>ad</strong></span> 
     </span>
     <span class='ocr_line' id='line_1_57' title="bbox 166 5450 1684 5541; baseline 0.003 -21"><span class='ocrx_word' id='word_1_389' title='bbox 166 5450 310 5519; x_wconf 77' lang='lat' dir='ltr'><strong>lllum</strong></span> <span class='ocrx_word' id='word_1_390' title='bbox 321 5460 502 5524; x_wconf 86' lang='lat' dir='ltr'><strong>finem</strong></span> <span class='ocrx_word' id='word_1_391' title='bbox 523 5464 750 5541; x_wconf 87' lang='lat' dir='ltr'><strong>danda,</strong></span> <span class='ocrx_word' id='word_1_392' title='bbox 769 5466 1180 5529; x_wconf 83' lang='lat' dir='ltr'><strong>universalius</strong></span> <span class='ocrx_word' id='word_1_393' title='bbox 1205 5466 1447 5527; x_wconf 86' lang='lat' dir='ltr'><strong>locutus</strong></span> <span class='ocrx_word' id='word_1_394' title='bbox 1471 5471 1585 5541; x_wconf 90' lang='lat' dir='ltr'><strong>est,</strong></span> <span class='ocrx_word' id='word_1_395' title='bbox 1612 5471 1684 5526; x_wconf 90' lang='lat' dir='ltr'><strong>ut</strong></span> 
     </span>
    </p>
   </div>
   <div class='ocr_carea' id='block_1_4' title="bbox 1763 440 3347 5549">
    <p class='ocr_par' dir='ltr' id='par_1_5' title="bbox 1773 440 3347 3317">
     <span class='ocr_line' id='line_1_58' title="bbox 1777 440 3341 521; baseline 0 -20"><span class='ocrx_word' id='word_1_396' title='bbox 1777 460 1964 521; x_wconf 89' lang='lat' dir='ltr'><strong>supra</strong></span> <span class='ocrx_word' id='word_1_397' title='bbox 2011 446 2102 503; x_wconf 89' lang='lat' dir='ltr'><strong>est</strong></span> <span class='ocrx_word' id='word_1_398' title='bbox 2144 441 2471 521; x_wconf 88' lang='lat' dir='ltr'><strong>probatum</strong></span> <span class='ocrx_word' id='word_1_399' title='bbox 2511 447 2572 502; x_wconf 89' lang='lat' dir='ltr'><strong>et</strong></span> <span class='ocrx_word' id='word_1_400' title='bbox 2600 440 3081 503; x_wconf 88' lang='lat' dir='ltr'><strong>consideratum.</strong></span> <span class='ocrx_word' id='word_1_401' title='bbox 3110 440 3341 502; x_wconf 78' lang='lat' dir='ltr'><strong>Secun-</strong></span> 
     </span>
     <span class='ocr_line' id='line_1_59' title="bbox 1776 533 3334 613; baseline 0.001 -20"><span class='ocrx_word' id='word_1_402' title='bbox 1776 534 1925 595; x_wconf 91' lang='lat' dir='ltr'><strong>dum</strong></span> <span class='ocrx_word' id='word_1_403' title='bbox 1947 541 2390 613; x_wconf 79' lang='lat' dir='ltr'><strong>argumentum</strong></span> <span class='ocrx_word' id='word_1_404' title='bbox 2419 533 2781 595; x_wconf 86' lang='lat' dir='ltr'><strong>sumebatur</strong></span> <span class='ocrx_word' id='word_1_405' title='bbox 2798 552 2874 595; x_wconf 88' lang='lat' dir='ltr'><strong>ex</strong></span> <span class='ocrx_word' id='word_1_406' title='bbox 2904 533 3105 595; x_wconf 86' lang='lat' dir='ltr'><strong>verbis</strong></span> <span class='ocrx_word' id='word_1_407' title='bbox 3134 534 3334 595; x_wconf 88' lang='lat' dir='ltr'><strong>Pauli:</strong></span> 
     </span>
     <span class='ocr_line' id='line_1_60' title="bbox 1773 625 3338 705; baseline 0 -16"><span class='ocrx_word' id='word_1_408' title='bbox 1773 625 1969 691; x_wconf 81' lang='lat' dir='ltr'><strong>Arma</strong></span> <span class='ocrx_word' id='word_1_409' title='bbox 1992 628 2229 691; x_wconf 68' lang='lat' dir='ltr'><strong>militiae</strong></span> <span class='ocrx_word' id='word_1_410' title='bbox 2266 634 2493 691; x_wconf 71' lang='lat' dir='ltr'><strong>nostrae</strong></span> <span class='ocrx_word' id='word_1_411' title='bbox 2516 646 2635 689; x_wconf 75' lang='lat' dir='ltr'><strong>non</strong></span> <span class='ocrx_word' id='word_1_412' title='bbox 2682 634 2829 691; x_wconf 72' lang='lat' dir='ltr'><strong>sunt</strong></span> <span class='ocrx_word' id='word_1_413' title='bbox 2857 630 3152 703; x_wconf 79' lang='lat' dir='ltr'><strong>carnalia,</strong></span> <span class='ocrx_word' id='word_1_414' title='bbox 3188 635 3307 689; x_wconf 92' lang='lat' dir='ltr'><strong>etc.</strong></span> <span class='ocrx_word' id='word_1_415' title='bbox 3316 674 3338 705; x_wconf 93' lang='lat'><strong>,</strong></span> 
     </span>
     <span class='ocr_line' id='line_1_61' title="bbox 1775 722 3337 802; baseline 0.001 -21"><span class='ocrx_word' id='word_1_416' title='bbox 1775 739 1914 800; x_wconf 78' lang='lat' dir='ltr'><strong>quae</strong></span> <span class='ocrx_word' id='word_1_417' title='bbox 1950 722 2017 782; x_wconf 87' lang='lat' dir='ltr'><strong>in</strong></span> <span class='ocrx_word' id='word_1_418' title='bbox 2066 722 2354 801; x_wconf 80' lang='lat' dir='ltr'><strong>proesenti</strong></span> <span class='ocrx_word' id='word_1_419' title='bbox 2398 722 2737 799; x_wconf 61' lang='lat' dir='ltr'><strong>quaestione</strong></span> <span class='ocrx_word' id='word_1_420' title='bbox 2776 722 3083 802; x_wconf 85' lang='lat' dir='ltr'><strong>applicata</strong></span> <span class='ocrx_word' id='word_1_421' title='bbox 3130 722 3337 801; x_wconf 87' lang='lat' dir='ltr'><strong>potius</strong></span> 
     </span>
     <span class='ocr_line' id='line_1_62' title="bbox 1775 814 3334 894; baseline 0 -19"><span class='ocrx_word' id='word_1_422' title='bbox 1775 814 2234 877; x_wconf 84' lang='lat' dir='ltr'><strong>conclusionem</strong></span> <span class='ocrx_word' id='word_1_423' title='bbox 2262 815 2668 894; x_wconf 84' lang='lat' dir='ltr'><strong>confirmant3</strong></span> <span class='ocrx_word' id='word_1_424' title='bbox 2700 833 2849 876; x_wconf 87' lang='lat' dir='ltr'><strong>nam</strong></span> <span class='ocrx_word' id='word_1_425' title='bbox 2877 820 3165 894; x_wconf 76' lang='lat' dir='ltr'><strong>potestas,</strong></span> <span class='ocrx_word' id='word_1_426' title='bbox 3195 831 3334 893; x_wconf 82' lang='lat' dir='ltr'><strong>quae</strong></span> 
     </span>
     <span class='ocr_line' id='line_1_63' title="bbox 1775 907 3339 989; baseline 0 -21"><span class='ocrx_word' id='word_1_427' title='bbox 1775 925 2033 971; x_wconf 87' lang='lat' dir='ltr'><strong>manare</strong></span> <span class='ocrx_word' id='word_1_428' title='bbox 2057 915 2256 987; x_wconf 89' lang='lat' dir='ltr'><strong>potest</strong></span> <span class='ocrx_word' id='word_1_429' title='bbox 2278 928 2315 971; x_wconf 86' lang='lat' dir='ltr'><strong>a</strong></span> <span class='ocrx_word' id='word_1_430' title='bbox 2344 908 2723 989; x_wconf 89' lang='lat' dir='ltr'><strong>principibus</strong></span> <span class='ocrx_word' id='word_1_431' title='bbox 2748 908 3029 983; x_wconf 77' lang='lat' dir='ltr'><strong>terreniS,</strong></span> <span class='ocrx_word' id='word_1_432' title='bbox 3060 907 3339 968; x_wconf 89' lang='lat' dir='ltr'><strong>humana</strong></span> 
     </span>
     <span class='ocr_line' id='line_1_64' title="bbox 1775 1000 3340 1081; baseline 0.001 -20"><span class='ocrx_word' id='word_1_433' title='bbox 1775 1007 1839 1061; x_wconf 93' lang='lat' dir='ltr'><strong>et</strong></span> <span class='ocrx_word' id='word_1_434' title='bbox 1863 1002 2131 1063; x_wconf 87' lang='lat' dir='ltr'><strong>carnalis</strong></span> <span class='ocrx_word' id='word_1_435' title='bbox 2154 1002 2277 1063; x_wconf 90' lang='lat' dir='ltr'><strong>dici</strong></span> <span class='ocrx_word' id='word_1_436' title='bbox 2305 1008 2504 1081; x_wconf 87' lang='lat' dir='ltr'><strong>potest</strong></span> <span class='ocrx_word' id='word_1_437' title='bbox 2518 1018 2539 1079; x_wconf 92' lang='lat'>;</span> <span class='ocrx_word' id='word_1_438' title='bbox 2570 1007 2835 1081; x_wconf 88' lang='lat' dir='ltr'><strong>potestas</strong></span> <span class='ocrx_word' id='word_1_439' title='bbox 2862 1018 3010 1062; x_wconf 86' lang='lat' dir='ltr'><strong>vero</strong></span> <span class='ocrx_word' id='word_1_440' title='bbox 3038 1018 3077 1061; x_wconf 91' lang='lat' dir='ltr'><strong>a</strong></span> <span class='ocrx_word' id='word_1_441' title='bbox 3104 1000 3340 1063; x_wconf 88' lang='lat' dir='ltr'><strong>Christo</strong></span> 
     </span>
     <span class='ocr_line' id='line_1_65' title="bbox 1779 1093 3347 1174; baseline 0.001 -20"><span class='ocrx_word' id='word_1_442' title='bbox 1779 1093 1924 1155; x_wconf 90' lang='lat' dir='ltr'><strong>data</strong></span> <span class='ocrx_word' id='word_1_443' title='bbox 1969 1096 2303 1174; x_wconf 87' lang='lat' dir='ltr'><strong>spiritualis</strong></span> <span class='ocrx_word' id='word_1_444' title='bbox 2335 1099 2447 1169; x_wconf 88' lang='lat' dir='ltr'><strong>est,</strong></span> <span class='ocrx_word' id='word_1_445' title='bbox 2490 1113 2629 1173; x_wconf 84' lang='lat' dir='ltr'><strong>quoe</strong></span> <span class='ocrx_word' id='word_1_446' title='bbox 2665 1094 2965 1154; x_wconf 79' lang='lat' dir='ltr'><strong>indirecte</strong></span> <span class='ocrx_word' id='word_1_447' title='bbox 2992 1098 3054 1153; x_wconf 91' lang='lat' dir='ltr'><strong>et</strong></span> <span class='ocrx_word' id='word_1_448' title='bbox 3090 1098 3347 1173; x_wconf 84' lang='lat' dir='ltr'><strong>propter</strong></span> 
     </span>
     <span class='ocr_line' id='line_1_66' title="bbox 1780 1186 3342 1267; baseline -0.003 -14"><span class='ocrx_word' id='word_1_449' title='bbox 1780 1189 2207 1253; x_wconf 82' lang='lat' dir='ltr'><strong>excellentiam</strong></span> <span class='ocrx_word' id='word_1_450' title='bbox 2259 1189 2339 1249; x_wconf 91' lang='lat' dir='ltr'><strong>ad</strong></span> <span class='ocrx_word' id='word_1_451' title='bbox 2406 1188 2771 1267; x_wconf 88' lang='lat' dir='ltr'><strong>temporalia</strong></span> <span class='ocrx_word' id='word_1_452' title='bbox 2841 1186 3229 1262; x_wconf 77' lang='lat' dir='ltr'><strong>extenditur,</strong></span> <span class='ocrx_word' id='word_1_453' title='bbox 3280 1194 3342 1249; x_wconf 90' lang='lat' dir='ltr'><strong>et</strong></span> 
     </span>
     <span class='ocr_line' id='line_1_67' title="bbox 1781 1280 3339 1361; baseline -0.003 -16"><span class='ocrx_word' id='word_1_454' title='bbox 1781 1283 1924 1345; x_wconf 87' lang='lat' dir='ltr'><strong>ideo</strong></span> <span class='ocrx_word' id='word_1_455' title='bbox 1952 1282 2117 1343; x_wconf 89' lang='lat' dir='ltr'><strong>inter</strong></span> <span class='ocrx_word' id='word_1_456' title='bbox 2148 1300 2325 1343; x_wconf 87' lang='lat' dir='ltr'><strong>arma</strong></span> <span class='ocrx_word' id='word_1_457' title='bbox 2348 1280 2712 1361; x_wconf 71' lang='lat' dir='ltr'><strong>:spiritualia</strong></span> <span class='ocrx_word' id='word_1_458' title='bbox 2752 1285 3171 1359; x_wconf 89' lang='lat' dir='ltr'><strong>computatur,</strong></span> <span class='ocrx_word' id='word_1_459' title='bbox 3198 1298 3339 1359; x_wconf 81' lang='lat' dir='ltr'><strong>quoe</strong></span> 
     </span>
     <span class='ocr_line' id='line_1_68' title="bbox 1774 1374 3342 1459; baseline -0.003 -20"><span class='ocrx_word' id='word_1_460' title='bbox 1774 1376 2047 1459; x_wconf 70' lang='lat' dir='ltr'><strong>potentia</strong></span> <span class='ocrx_word' id='word_1_461' title='bbox 2063 1376 2187 1439; x_wconf 76' lang='lat' dir='ltr'><strong>Deo</strong></span> <span class='ocrx_word' id='word_1_462' title='bbox 2214 1376 2529 1450; x_wconf 88' lang='lat' dir='ltr'><strong>dicuntur,</strong></span> <span class='ocrx_word' id='word_1_463' title='bbox 2572 1374 2636 1436; x_wconf 90' lang='lat' dir='ltr'><strong>id</strong></span> <span class='ocrx_word' id='word_1_464' title='bbox 2658 1382 2771 1448; x_wconf 89' lang='lat' dir='ltr'><strong>est,</strong></span> <span class='ocrx_word' id='word_1_465' title='bbox 2798 1374 2879 1435; x_wconf 85' lang='lat' dir='ltr'><strong>ad</strong></span> <span class='ocrx_word' id='word_1_466' title='bbox 2900 1374 3203 1435; x_wconf 87' lang='lat' dir='ltr'><strong>honorem</strong></span> <span class='ocrx_word' id='word_1_467' title='bbox 3232 1375 3342 1435; x_wconf 87' lang='lat' dir='ltr'><strong>Dei</strong></span> 
     </span>
     <span class='ocr_line' id='line_1_69' title="bbox 1781 1468 3341 1550; baseline -0.001 -19"><span class='ocrx_word' id='word_1_468' title='bbox 1781 1470 2265 1543; x_wconf 82' lang='lat' dir='ltr'><strong>defendendum,</strong></span> <span class='ocrx_word' id='word_1_469' title='bbox 2286 1469 2386 1531; x_wconf 82' lang='lat' dir='ltr'><strong>vel</strong></span> <span class='ocrx_word' id='word_1_470' title='bbox 2407 1470 2553 1550; x_wconf 88' lang='lat' dir='ltr'><strong>quia</strong></span> <span class='ocrx_word' id='word_1_471' title='bbox 2594 1470 2663 1530; x_wconf 91' lang='lat' dir='ltr'><strong>in</strong></span> <span class='ocrx_word' id='word_1_472' title='bbox 2686 1468 2915 1529; x_wconf 82' lang='lat' dir='ltr'><strong>virtute</strong></span> <span class='ocrx_word' id='word_1_473' title='bbox 2940 1468 3048 1531; x_wconf 88' lang='lat' dir='ltr'><strong>Dei</strong></span> <span class='ocrx_word' id='word_1_474' title='bbox 3067 1470 3341 1547; x_wconf 90' lang='lat' dir='ltr'><strong>potentia</strong></span> 
     </span>
     <span class='ocr_line' id='line_1_70' title="bbox 1777 1561 3335 1643; baseline -0.002 -19"><span class='ocrx_word' id='word_1_475' title='bbox 1777 1568 1943 1635; x_wconf 85' lang='lat' dir='ltr'><strong>sunt,</strong></span> <span class='ocrx_word' id='word_1_476' title='bbox 1989 1568 2051 1623; x_wconf 92' lang='lat' dir='ltr'><strong>et</strong></span> <span class='ocrx_word' id='word_1_477' title='bbox 2098 1569 2437 1643; x_wconf 88' lang='lat' dir='ltr'><strong>utrumque</strong></span> <span class='ocrx_word' id='word_1_478' title='bbox 2495 1561 2642 1624; x_wconf 89' lang='lat' dir='ltr'><strong>huic</strong></span> <span class='ocrx_word' id='word_1_479' title='bbox 2686 1562 2971 1642; x_wconf 86' lang='lat' dir='ltr'><strong>potestati</strong></span> <span class='ocrx_word' id='word_1_480' title='bbox 3026 1562 3335 1622; x_wconf 84' lang='lat' dir='ltr'><strong>convenit.</strong></span> 
     </span>
     <span class='ocr_line' id='line_1_71' title="bbox 1779 1652 3342 1770; baseline -0.001 -53"><span class='ocrx_word' id='word_1_481' title='bbox 1779 1655 1955 1770; x_wconf 64' lang='lat' dir='ltr'><strong>quod</strong></span> <span class='ocrx_word' id='word_1_482' title='bbox 2010 1673 2155 1717; x_wconf 86' lang='lat' dir='ltr'><strong>vero</strong></span> <span class='ocrx_word' id='word_1_483' title='bbox 2200 1655 2268 1717; x_wconf 90' lang='lat' dir='ltr'><strong>in</strong></span> <span class='ocrx_word' id='word_1_484' title='bbox 2329 1655 2545 1717; x_wconf 90' lang='lat' dir='ltr'><strong>eodem</strong></span> <span class='ocrx_word' id='word_1_485' title='bbox 2593 1660 2963 1732; x_wconf 86' lang='lat' dir='ltr'><strong>argumento</strong></span> <span class='ocrx_word' id='word_1_486' title='bbox 3000 1652 3342 1715; x_wconf 87' lang='lat' dir='ltr'><strong>addebatur</strong></span> 
     </span>
     <span class='ocr_line' id='line_1_72' title="bbox 1777 1745 3342 1827; baseline -0.001 -19"><span class='ocrx_word' id='word_1_487' title='bbox 1777 1748 1858 1827; x_wconf 58' lang='lat' dir='ltr'><strong>dfe</strong></span> <span class='ocrx_word' id='word_1_488' title='bbox 1886 1767 2006 1810; x_wconf 89' lang='lat' dir='ltr'><strong>usu</strong></span> <span class='ocrx_word' id='word_1_489' title='bbox 2027 1748 2229 1823; x_wconf 89' lang='lat' dir='ltr'><strong>Pauli,</strong></span> <span class='ocrx_word' id='word_1_490' title='bbox 2255 1749 2443 1811; x_wconf 85' lang='lat' dir='ltr'><strong>etiam</strong></span> <span class='ocrx_word' id='word_1_491' title='bbox 2470 1748 2645 1810; x_wconf 89' lang='lat' dir='ltr'><strong>estin</strong></span> <span class='ocrx_word' id='word_1_492' title='bbox 2676 1745 3093 1827; x_wconf 88' lang='lat' dir='ltr'><strong>superioribus</strong></span> <span class='ocrx_word' id='word_1_493' title='bbox 3112 1746 3342 1807; x_wconf 83' lang='lat' dir='ltr'><strong>refuta·</strong></span> 
     </span>
     <span class='ocr_line' id='line_1_73' title="bbox 1775 1840 3343 1915; baseline 0 -12"><span class='ocrx_word' id='word_1_494' title='bbox 1775 1849 1949 1915; x_wconf 83' lang='lat' dir='ltr'><strong>tum3</strong></span> <span class='ocrx_word' id='word_1_495' title='bbox 1982 1859 2127 1901; x_wconf 89' lang='lat' dir='ltr'><strong>nam</strong></span> <span class='ocrx_word' id='word_1_496' title='bbox 2182 1842 2495 1903; x_wconf 89' lang='lat' dir='ltr'><strong>interdum</strong></span> <span class='ocrx_word' id='word_1_497' title='bbox 2526 1840 2749 1902; x_wconf 87' lang='lat' dir='ltr'><strong>Paulus</strong></span> <span class='ocrx_word' id='word_1_498' title='bbox 2792 1857 2937 1901; x_wconf 89' lang='lat' dir='ltr'><strong>usus</strong></span> <span class='ocrx_word' id='word_1_499' title='bbox 2978 1845 3070 1901; x_wconf 87' lang='lat' dir='ltr'><strong>est</strong></span> <span class='ocrx_word' id='word_1_500' title='bbox 3111 1840 3343 1903; x_wconf 85' lang='lat' dir='ltr'><strong>virtute</strong></span> 
     </span>
     <span class='ocr_line' id='line_1_74' title="bbox 1775 1934 3335 2016; baseline -0.001 -21"><span class='ocrx_word' id='word_1_501' title='bbox 1775 1935 1989 1997; x_wconf 85' lang='lat' dir='ltr'><strong>divina</strong></span> <span class='ocrx_word' id='word_1_502' title='bbox 2037 1934 2117 1995; x_wconf 89' lang='lat' dir='ltr'><strong>ad</strong></span> <span class='ocrx_word' id='word_1_503' title='bbox 2164 1934 2565 2016; x_wconf 87' lang='lat' dir='ltr'><strong>corporaliter</strong></span> <span class='ocrx_word' id='word_1_504' title='bbox 2590 1934 2903 1996; x_wconf 83' lang='lat' dir='ltr'><strong>vexandos</strong></span> <span class='ocrx_word' id='word_1_505' title='bbox 2950 1940 3335 2013; x_wconf 76' lang='lat' dir='ltr'><strong>peccatore33</strong></span> 
     </span>
     <span class='ocr_line' id='line_1_75' title="bbox 1775 2026 3341 2106; baseline -0.002 -16"><span class='ocrx_word' id='word_1_506' title='bbox 1775 2046 1916 2090; x_wconf 89' lang='lat' dir='ltr'><strong>raro</strong></span> <span class='ocrx_word' id='word_1_507' title='bbox 1956 2035 2167 2090; x_wconf 91' lang='lat' dir='ltr'><strong>tamen</strong></span> <span class='ocrx_word' id='word_1_508' title='bbox 2193 2034 2255 2090; x_wconf 90' lang='lat' dir='ltr'><strong>et</strong></span> <span class='ocrx_word' id='word_1_509' title='bbox 2288 2028 2777 2089; x_wconf 88' lang='lat' dir='ltr'><strong>extraordinario</strong></span> <span class='ocrx_word' id='word_1_510' title='bbox 2802 2028 2985 2089; x_wconf 90' lang='lat' dir='ltr'><strong>modo</strong></span> <span class='ocrx_word' id='word_1_511' title='bbox 3012 2026 3122 2087; x_wconf 90' lang='lat' dir='ltr'><strong>tali</strong></span> <span class='ocrx_word' id='word_1_512' title='bbox 3146 2034 3341 2106; x_wconf 77' lang='lat' dir='ltr'><strong>poles-</strong></span> 
     </span>
     <span class='ocr_line' id='line_1_76' title="bbox 1777 2120 3336 2202; baseline -0.002 -20"><span class='ocrx_word' id='word_1_513' title='bbox 1777 2128 1902 2183; x_wconf 87' lang='lat' dir='ltr'><strong>tate</strong></span> <span class='ocrx_word' id='word_1_514' title='bbox 1933 2140 2082 2183; x_wconf 84' lang='lat' dir='ltr'><strong>usus</strong></span> <span class='ocrx_word' id='word_1_515' title='bbox 2117 2128 2210 2184; x_wconf 89' lang='lat' dir='ltr'><strong>est</strong></span> <span class='ocrx_word' id='word_1_516' title='bbox 2234 2128 2485 2202; x_wconf 89' lang='lat' dir='ltr'><strong>propter</strong></span> <span class='ocrx_word' id='word_1_517' title='bbox 2523 2120 2690 2183; x_wconf 89' lang='lat' dir='ltr'><strong>illius</strong></span> <span class='ocrx_word' id='word_1_518' title='bbox 2716 2122 3013 2200; x_wconf 87' lang='lat' dir='ltr'><strong>temporis</strong></span> <span class='ocrx_word' id='word_1_519' title='bbox 3040 2121 3336 2182; x_wconf 86' lang='lat' dir='ltr'><strong>conditio-</strong></span> 
     </span>
     <span class='ocr_line' id='line_1_77' title="bbox 1776 2214 3327 2293; baseline -0.001 -17"><span class='ocrx_word' id='word_1_520' title='bbox 1776 2234 1946 2287; x_wconf 82' lang='lat' dir='ltr'><strong>nem,</strong></span> <span class='ocrx_word' id='word_1_521' title='bbox 1980 2222 2051 2275; x_wconf 91' lang='lat' dir='ltr'><strong>ut</strong></span> <span class='ocrx_word' id='word_1_522' title='bbox 2088 2216 2221 2293; x_wconf 88' lang='lat' dir='ltr'><strong>jam</strong></span> <span class='ocrx_word' id='word_1_523' title='bbox 2265 2216 2466 2292; x_wconf 85' lang='lat' dir='ltr'><strong>tetigi,</strong></span> <span class='ocrx_word' id='word_1_524' title='bbox 2498 2220 2559 2277; x_wconf 91' lang='lat' dir='ltr'><strong>et</strong></span> <span class='ocrx_word' id='word_1_525' title='bbox 2600 2215 2824 2277; x_wconf 90' lang='lat' dir='ltr'><strong>iterum</strong></span> <span class='ocrx_word' id='word_1_526' title='bbox 2870 2216 3078 2276; x_wconf 89' lang='lat' dir='ltr'><strong>statim</strong></span> <span class='ocrx_word' id='word_1_527' title='bbox 3106 2214 3327 2275; x_wconf 86' lang='lat' dir='ltr'><strong>dicam.</strong></span> 
     </span>
     <span class='ocr_line' id='line_1_78' title="bbox 1777 2306 3336 2389; baseline -0.001 -20"><span class='ocrx_word' id='word_1_528' title='bbox 1777 2309 1986 2385; x_wconf 83' lang='lat' dir='ltr'><strong>Neque</strong></span> <span class='ocrx_word' id='word_1_529' title='bbox 2032 2308 2220 2369; x_wconf 87' lang='lat' dir='ltr'><strong>etiam</strong></span> <span class='ocrx_word' id='word_1_530' title='bbox 2273 2306 2473 2369; x_wconf 87' lang='lat' dir='ltr'><strong>obstat</strong></span> <span class='ocrx_word' id='word_1_531' title='bbox 2519 2307 2682 2389; x_wconf 88' lang='lat' dir='ltr'><strong>quod</strong></span> <span class='ocrx_word' id='word_1_532' title='bbox 2724 2308 2955 2369; x_wconf 89' lang='lat' dir='ltr'><strong>ibidem</strong></span> <span class='ocrx_word' id='word_1_533' title='bbox 2973 2306 3336 2379; x_wconf 85' lang='lat' dir='ltr'><strong>addebatur,</strong></span> 
     </span>
     <span class='ocr_line' id='line_1_79' title="bbox 1777 2400 3337 2481; baseline -0.001 -19"><span class='ocrx_word' id='word_1_534' title='bbox 1777 2402 1853 2462; x_wconf 89' lang='lat' dir='ltr'><strong>ad</strong></span> <span class='ocrx_word' id='word_1_535' title='bbox 1883 2402 2144 2467; x_wconf 82' lang='lat' dir='ltr'><strong>Roman.</strong></span> <span class='ocrx_word' id='word_1_536' title='bbox 2178 2403 2278 2474; x_wconf 84' lang='lat'><strong>13,</strong></span> <span class='ocrx_word' id='word_1_537' title='bbox 2308 2400 2385 2462; x_wconf 92' lang='lat' dir='ltr'><strong>de</strong></span> <span class='ocrx_word' id='word_1_538' title='bbox 2423 2401 2805 2481; x_wconf 89' lang='lat' dir='ltr'><strong>principibus</strong></span> <span class='ocrx_word' id='word_1_539' title='bbox 2830 2408 3076 2462; x_wconf 90' lang='lat' dir='ltr'><strong>tantum</strong></span> <span class='ocrx_word' id='word_1_540' title='bbox 3104 2408 3337 2479; x_wconf 89' lang='lat' dir='ltr'><strong>tempo-</strong></span> 
     </span>
     <span class='ocr_line' id='line_1_80' title="bbox 1778 2492 3334 2575; baseline -0.002 -20"><span class='ocrx_word' id='word_1_541' title='bbox 1778 2493 2011 2555; x_wconf 88' lang='lat' dir='ltr'><strong>ralibus</strong></span> <span class='ocrx_word' id='word_1_542' title='bbox 2035 2492 2173 2567; x_wconf 87' lang='lat' dir='ltr'><strong>dici,</strong></span> <span class='ocrx_word' id='word_1_543' title='bbox 2212 2512 2341 2553; x_wconf 90' lang='lat' dir='ltr'><strong>non</strong></span> <span class='ocrx_word' id='word_1_544' title='bbox 2380 2494 2512 2555; x_wconf 88' lang='lat' dir='ltr'><strong>sine</strong></span> <span class='ocrx_word' id='word_1_545' title='bbox 2537 2512 2718 2555; x_wconf 88' lang='lat' dir='ltr'><strong>causa</strong></span> <span class='ocrx_word' id='word_1_546' title='bbox 2761 2495 3037 2575; x_wconf 80' lang='lat' dir='ltr'><strong>gladium</strong></span> <span class='ocrx_word' id='word_1_547' title='bbox 3067 2500 3334 2575; x_wconf 87' lang='lat' dir='ltr'><strong>portare,</strong></span> 
     </span>
     <span class='ocr_line' id='line_1_81' title="bbox 1779 2586 3339 2668; baseline -0.001 -22"><span class='ocrx_word' id='word_1_548' title='bbox 1779 2593 1894 2647; x_wconf 91' lang='lat' dir='ltr'><strong>etc.</strong></span> <span class='ocrx_word' id='word_1_549' title='bbox 1935 2588 2093 2647; x_wconf 91' lang='lat' dir='ltr'><strong>Nam</strong></span> <span class='ocrx_word' id='word_1_550' title='bbox 2135 2586 2470 2664; x_wconf 84' lang='lat' dir='ltr'><strong>unicuique</strong></span> <span class='ocrx_word' id='word_1_551' title='bbox 2511 2587 2808 2649; x_wconf 84' lang='lat' dir='ltr'><strong>tribuitur</strong></span> <span class='ocrx_word' id='word_1_552' title='bbox 2836 2588 2999 2668; x_wconf 83' lang='lat' dir='ltr'><strong>quod</strong></span> <span class='ocrx_word' id='word_1_553' title='bbox 3033 2588 3339 2666; x_wconf 87' lang='lat' dir='ltr'><strong>principa-</strong></span> 
     </span>
     <span class='ocr_line' id='line_1_82' title="bbox 1779 2678 3339 2760; baseline 0 -21"><span class='ocrx_word' id='word_1_554' title='bbox 1779 2678 1921 2741; x_wconf 88' lang='lat' dir='ltr'><strong>liter</strong></span> <span class='ocrx_word' id='word_1_555' title='bbox 1944 2684 2007 2740; x_wconf 89' lang='lat' dir='ltr'><strong>et</strong></span> <span class='ocrx_word' id='word_1_556' title='bbox 2038 2679 2337 2759; x_wconf 88' lang='lat' dir='ltr'><strong>primario</strong></span> <span class='ocrx_word' id='word_1_557' title='bbox 2356 2679 2448 2740; x_wconf 90' lang='lat' dir='ltr'><strong>illi</strong></span> <span class='ocrx_word' id='word_1_558' title='bbox 2474 2682 2794 2758; x_wconf 83' lang='lat' dir='ltr'><strong>convenit3</strong></span> <span class='ocrx_word' id='word_1_559' title='bbox 2827 2682 3105 2760; x_wconf 89' lang='lat' dir='ltr'><strong>princeps</strong></span> <span class='ocrx_word' id='word_1_560' title='bbox 3128 2687 3339 2739; x_wconf 86' lang='lat' dir='ltr'><strong>autem</strong></span> 
     </span>
     <span class='ocr_line' id='line_1_83' title="bbox 1781 2772 3339 2851; baseline 0.001 -20"><span class='ocrx_word' id='word_1_561' title='bbox 1781 2772 2139 2851; x_wconf 89' lang='lat' dir='ltr'><strong>temporalis</strong></span> <span class='ocrx_word' id='word_1_562' title='bbox 2169 2772 2394 2833; x_wconf 83' lang='lat' dir='ltr'><strong>directe</strong></span> <span class='ocrx_word' id='word_1_563' title='bbox 2421 2772 2609 2835; x_wconf 87' lang='lat' dir='ltr'><strong>habet</strong></span> <span class='ocrx_word' id='word_1_564' title='bbox 2654 2773 3033 2835; x_wconf 85' lang='lat' dir='ltr'><strong>materialem</strong></span> <span class='ocrx_word' id='word_1_565' title='bbox 3060 2772 3339 2849; x_wconf 85' lang='lat' dir='ltr'><strong>gladium</strong></span> 
     </span>
     <span class='ocr_line' id='line_1_84' title="bbox 1779 2865 3341 2943; baseline -0.003 -16"><span class='ocrx_word' id='word_1_566' title='bbox 1779 2873 1844 2927; x_wconf 88' lang='lat' dir='ltr'><strong>et</strong></span> <span class='ocrx_word' id='word_1_567' title='bbox 1867 2882 2051 2925; x_wconf 90' lang='lat' dir='ltr'><strong>usum</strong></span> <span class='ocrx_word' id='word_1_568' title='bbox 2080 2865 2248 2943; x_wconf 87' lang='lat' dir='ltr'><strong>ejus;</strong></span> <span class='ocrx_word' id='word_1_569' title='bbox 2291 2865 2562 2926; x_wconf 85' lang='lat' dir='ltr'><strong>Ecclesia</strong></span> <span class='ocrx_word' id='word_1_570' title='bbox 2606 2884 2753 2927; x_wconf 85' lang='lat' dir='ltr'><strong>vero</strong></span> <span class='ocrx_word' id='word_1_571' title='bbox 2795 2866 2991 2927; x_wconf 89' lang='lat' dir='ltr'><strong>solum</strong></span> <span class='ocrx_word' id='word_1_572' title='bbox 3040 2865 3341 2924; x_wconf 87' lang='lat' dir='ltr'><strong>indirecte</strong></span> 
     </span>
     <span class='ocr_line' id='line_1_85' title="bbox 1783 2956 3338 3036; baseline -0.002 -18"><span class='ocrx_word' id='word_1_573' title='bbox 1783 2964 1847 3018; x_wconf 91' lang='lat' dir='ltr'><strong>et</strong></span> <span class='ocrx_word' id='word_1_574' title='bbox 1889 2958 2066 3036; x_wconf 70' lang='lat' dir='ltr'><strong>quasi</strong></span> <span class='ocrx_word' id='word_1_575' title='bbox 2113 2959 2482 3031; x_wconf 85' lang='lat' dir='ltr'><strong>eminenter,</strong></span> <span class='ocrx_word' id='word_1_576' title='bbox 2514 2958 2754 3020; x_wconf 88' lang='lat' dir='ltr'><strong>ratione</strong></span> <span class='ocrx_word' id='word_1_577' title='bbox 2784 2959 2959 3036; x_wconf 89' lang='lat' dir='ltr'><strong>cujus</strong></span> <span class='ocrx_word' id='word_1_578' title='bbox 2988 2956 3338 3016; x_wconf 68' lang='lat' dir='ltr'><strong>eminentiae</strong></span> 
     </span>
     <span class='ocr_line' id='line_1_86' title="bbox 1779 3048 3338 3129; baseline -0.002 -18"><span class='ocrx_word' id='word_1_579' title='bbox 1779 3050 1967 3111; x_wconf 87' lang='lat' dir='ltr'><strong>etiam</strong></span> <span class='ocrx_word' id='word_1_580' title='bbox 2002 3050 2386 3111; x_wconf 86' lang='lat' dir='ltr'><strong>materialem</strong></span> <span class='ocrx_word' id='word_1_581' title='bbox 2416 3049 2690 3129; x_wconf 83' lang='lat' dir='ltr'><strong>gladium</strong></span> <span class='ocrx_word' id='word_1_582' title='bbox 2724 3050 3019 3129; x_wconf 89' lang='lat' dir='ltr'><strong>principis</strong></span> <span class='ocrx_word' id='word_1_583' title='bbox 3045 3048 3233 3109; x_wconf 90' lang='lat' dir='ltr'><strong>habet</strong></span> <span class='ocrx_word' id='word_1_584' title='bbox 3260 3048 3338 3108; x_wconf 89' lang='lat' dir='ltr'><strong>si-</strong></span> 
     </span>
     <span class='ocr_line' id='line_1_87' title="bbox 1778 3144 3337 3223; baseline -0.001 -18"><span class='ocrx_word' id='word_1_585' title='bbox 1778 3144 1844 3206; x_wconf 88' lang='lat' dir='ltr'><strong>bi</strong></span> <span class='ocrx_word' id='word_1_586' title='bbox 1872 3144 2371 3219; x_wconf 87' lang='lat' dir='ltr'><strong>subordinatum,</strong></span> <span class='ocrx_word' id='word_1_587' title='bbox 2417 3150 2489 3203; x_wconf 87' lang='lat' dir='ltr'><strong>ut</strong></span> <span class='ocrx_word' id='word_1_588' title='bbox 2512 3163 2623 3204; x_wconf 88' lang='lat' dir='ltr'><strong>suo</strong></span> <span class='ocrx_word' id='word_1_589' title='bbox 2668 3151 2852 3220; x_wconf 86' lang='lat' dir='ltr'><strong>nutu,</strong></span> <span class='ocrx_word' id='word_1_590' title='bbox 2880 3150 3117 3205; x_wconf 84' lang='lat' dir='ltr'><strong>servata</strong></span> <span class='ocrx_word' id='word_1_591' title='bbox 3148 3144 3337 3223; x_wconf 81' lang='lat' dir='ltr'><strong>aequi-</strong></span> 
     </span>
     <span class='ocr_line' id='line_1_88' title="bbox 1778 3236 2701 3317; baseline 0 -20"><span class='ocrx_word' id='word_1_592' title='bbox 1778 3242 1904 3299; x_wconf 84' lang='lat' dir='ltr'><strong>tate</strong></span> <span class='ocrx_word' id='word_1_593' title='bbox 1921 3238 2199 3317; x_wconf 61' lang='lat' dir='ltr'><strong>justitiis,</strong></span> <span class='ocrx_word' id='word_1_594' title='bbox 2235 3236 2343 3298; x_wconf 91' lang='lat' dir='ltr'><strong>illo</strong></span> <span class='ocrx_word' id='word_1_595' title='bbox 2376 3238 2466 3297; x_wconf 89' lang='lat' dir='ltr'><strong>uti</strong></span> <span class='ocrx_word' id='word_1_596' title='bbox 2492 3238 2701 3317; x_wconf 87' lang='lat' dir='ltr'><strong>possit.</strong></span> 
     </span>
    </p>

    <p class='ocr_par' dir='ltr' id='par_1_6' title="bbox 1763 3327 3343 5549">
     <span class='ocr_line' id='line_1_89' title="bbox 1852 3327 3343 3393; baseline 0.001 -2"><span class='ocrx_word' id='word_1_597' title='bbox 1852 3332 1952 3391; x_wconf 74' lang='lat'><strong>28.</strong></span> <span class='ocrx_word' id='word_1_598' title='bbox 2000 3327 2105 3393; x_wconf 72' lang='lat' dir='ltr'><strong>Aa</strong></span> <span class='ocrx_word' id='word_1_599' title='bbox 2142 3330 2389 3393; x_wconf 78' lang='lat' dir='ltr'><strong>tertium</strong></span> <span class='ocrx_word' id='word_1_600' title='bbox 2440 3332 2509 3392; x_wconf 75' lang='lat' dir='ltr'><strong>in</strong></span> <span class='ocrx_word' id='word_1_601' title='bbox 2558 3330 2751 3393; x_wconf 77' lang='lat' dir='ltr'><strong>eodem</strong></span> <span class='ocrx_word' id='word_1_602' title='bbox 2798 3346 2965 3392; x_wconf 74' lang='lat' dir='ltr'><strong>num.</strong></span> <span class='ocrx_word' id='word_1_603' title='bbox 3024 3328 3343 3393; x_wconf 74' lang='lat' dir='ltr'><strong>20.-Aa</strong></span> 
     </span>
     <span class='ocr_line' id='line_1_90' title="bbox 1772 3422 3340 3503; baseline -0.001 -19"><span class='ocrx_word' id='word_1_604' title='bbox 1772 3426 2057 3503; x_wconf 73' lang='lat' dir='ltr'><strong>quartum</strong></span> <span class='ocrx_word' id='word_1_605' title='bbox 2086 3423 2232 3485; x_wconf 79' lang='lat' dir='ltr'><strong>ibid.</strong></span> <span class='ocrx_word' id='word_1_606' title='bbox 2267 3422 2639 3485; x_wconf 85' lang='lat' dir='ltr'><strong>-Tertium</strong></span> <span class='ocrx_word' id='word_1_607' title='bbox 2669 3429 3108 3500; x_wconf 80' lang='lat' dir='ltr'><strong>argumentum</strong></span> <span class='ocrx_word' id='word_1_608' title='bbox 3138 3440 3340 3483; x_wconf 88' lang='lat' dir='ltr'><strong>sume·</strong></span> 
     </span>
     <span class='ocr_line' id='line_1_91' title="bbox 1773 3514 3337 3597; baseline 0.001 -20"><span class='ocrx_word' id='word_1_609' title='bbox 1773 3516 1961 3577; x_wconf 88' lang='lat' dir='ltr'><strong>batur</strong></span> <span class='ocrx_word' id='word_1_610' title='bbox 1986 3534 2065 3577; x_wconf 82' lang='lat' dir='ltr'><strong>ex</strong></span> <span class='ocrx_word' id='word_1_611' title='bbox 2093 3515 2200 3576; x_wconf 92' lang='lat' dir='ltr'><strong>illo</strong></span> <span class='ocrx_word' id='word_1_612' title='bbox 2247 3534 2261 3575; x_wconf 74' lang='grc' dir='ltr'><strong><em>ε</em></strong></span> <span class='ocrx_word' id='word_1_613' title='bbox 2306 3514 2588 3579; x_wconf 69' lang='lat' dir='ltr'><strong>Converte</strong></span> <span class='ocrx_word' id='word_1_614' title='bbox 2626 3516 2899 3597; x_wconf 60' lang='lat' dir='ltr'><strong>gladium</strong></span> <span class='ocrx_word' id='word_1_615' title='bbox 2934 3520 3099 3579; x_wconf 78' lang='lat' dir='ltr'><strong>tuum</strong></span> <span class='ocrx_word' id='word_1_616' title='bbox 3128 3515 3195 3577; x_wconf 75' lang='lat' dir='ltr'><strong>in</strong></span> <span class='ocrx_word' id='word_1_617' title='bbox 3234 3534 3337 3579; x_wconf 79' lang='lat' dir='ltr'><strong>va·</strong></span> 
     </span>
     <span class='ocr_line' id='line_1_92' title="bbox 1771 3606 3340 3692; baseline -0.003 -21"><span class='ocrx_word' id='word_1_618' title='bbox 1771 3610 2026 3692; x_wconf 69' lang='lat' dir='ltr'><strong>qinam;</strong></span> <span class='ocrx_word' id='word_1_619' title='bbox 2058 3608 2165 3669; x_wconf 89' lang='lat' dir='ltr'><strong>illa</strong></span> <span class='ocrx_word' id='word_1_620' title='bbox 2212 3616 2421 3668; x_wconf 86' lang='lat' dir='ltr'><strong>tamen</strong></span> <span class='ocrx_word' id='word_1_621' title='bbox 2485 3607 2671 3670; x_wconf 81' lang='lat' dir='ltr'><strong>verba</strong></span> <span class='ocrx_word' id='word_1_622' title='bbox 2721 3608 2799 3668; x_wconf 89' lang='lat' dir='ltr'><strong>ad</strong></span> <span class='ocrx_word' id='word_1_623' title='bbox 2852 3608 3125 3669; x_wconf 86' lang='lat' dir='ltr'><strong>litteram</strong></span> <span class='ocrx_word' id='word_1_624' title='bbox 3176 3606 3340 3668; x_wconf 88' lang='lat' dir='ltr'><strong>dieta</strong></span> 
     </span>
     <span class='ocr_line' id='line_1_93' title="bbox 1773 3700 3338 3781; baseline 0.001 -19"><span class='ocrx_word' id='word_1_625' title='bbox 1773 3708 1940 3777; x_wconf 87' lang='lat' dir='ltr'><strong>sunt,</strong></span> <span class='ocrx_word' id='word_1_626' title='bbox 1968 3702 2047 3763; x_wconf 89' lang='lat' dir='ltr'><strong>ad</strong></span> <span class='ocrx_word' id='word_1_627' title='bbox 2078 3700 2557 3779; x_wconf 81' lang='lat' dir='ltr'><strong>significandum</strong></span> <span class='ocrx_word' id='word_1_628' title='bbox 2596 3701 2978 3781; x_wconf 89' lang='lat' dir='ltr'><strong>prohibitum</strong></span> <span class='ocrx_word' id='word_1_629' title='bbox 3003 3720 3131 3763; x_wconf 90' lang='lat' dir='ltr'><strong>esse</strong></span> <span class='ocrx_word' id='word_1_630' title='bbox 3156 3720 3338 3763; x_wconf 89' lang='lat' dir='ltr'><strong>usum</strong></span> 
     </span>
     <span class='ocr_line' id='line_1_94' title="bbox 1771 3794 3339 3874; baseline 0.001 -20"><span class='ocrx_word' id='word_1_631' title='bbox 1771 3794 1967 3873; x_wconf 86' lang='lat' dir='ltr'><strong>gladii</strong></span> <span class='ocrx_word' id='word_1_632' title='bbox 1992 3795 2243 3874; x_wconf 88' lang='lat' dir='ltr'><strong>propria</strong></span> <span class='ocrx_word' id='word_1_633' title='bbox 2273 3799 2337 3855; x_wconf 92' lang='lat' dir='ltr'><strong>et</strong></span> <span class='ocrx_word' id='word_1_634' title='bbox 2356 3794 2599 3873; x_wconf 81' lang='lat' dir='ltr'><strong>privata</strong></span> <span class='ocrx_word' id='word_1_635' title='bbox 2628 3796 3012 3870; x_wconf 87' lang='lat' dir='ltr'><strong>auctoritate,</strong></span> <span class='ocrx_word' id='word_1_636' title='bbox 3042 3803 3111 3855; x_wconf 89' lang='lat' dir='ltr'><strong>ut</strong></span> <span class='ocrx_word' id='word_1_637' title='bbox 3138 3800 3339 3855; x_wconf 84' lang='lat' dir='ltr'><strong>osten·</strong></span> 
     </span>
     <span class='ocr_line' id='line_1_95' title="bbox 1771 3888 3331 3972; baseline 0.003 -26"><span class='ocrx_word' id='word_1_638' title='bbox 1771 3888 1928 3947; x_wconf 88' lang='lat' dir='ltr'><strong>dunt</strong></span> <span class='ocrx_word' id='word_1_639' title='bbox 1949 3888 2135 3948; x_wconf 80' lang='lat' dir='ltr'><strong>verba</strong></span> <span class='ocrx_word' id='word_1_640' title='bbox 2158 3889 2511 3967; x_wconf 87' lang='lat' dir='ltr'><strong>sequentia:</strong></span> <span class='ocrx_word' id='word_1_641' title='bbox 2536 3889 2653 3961; x_wconf 77' lang='lat' dir='ltr'><strong>Qui</strong></span> <span class='ocrx_word' id='word_1_642' title='bbox 2678 3892 3013 3970; x_wconf 73' lang='lat' dir='ltr'><strong>acceperint</strong></span> <span class='ocrx_word' id='word_1_643' title='bbox 3035 3890 3331 3972; x_wconf 58' lang='lat' dir='ltr'><strong>stadium,</strong></span> 
     </span>
     <span class='ocr_line' id='line_1_96' title="bbox 1770 3982 3332 4064; baseline -0.001 -17"><span class='ocrx_word' id='word_1_644' title='bbox 1770 3983 1976 4063; x_wconf 71' lang='lat' dir='ltr'><strong>yladio</strong></span> <span class='ocrx_word' id='word_1_645' title='bbox 2016 3984 2343 4063; x_wconf 77' lang='lat' dir='ltr'><strong>peribunt;</strong></span> <span class='ocrx_word' id='word_1_646' title='bbox 2376 3982 2683 4063; x_wconf 87' lang='lat' dir='ltr'><strong>applicata</strong></span> <span class='ocrx_word' id='word_1_647' title='bbox 2736 4003 2883 4043; x_wconf 85' lang='lat' dir='ltr'><strong>vero</strong></span> <span class='ocrx_word' id='word_1_648' title='bbox 2931 4004 3043 4064; x_wconf 86' lang='lat' dir='ltr'><strong>per</strong></span> <span class='ocrx_word' id='word_1_649' title='bbox 3085 4002 3332 4045; x_wconf 84' lang='lat' dir='ltr'><strong>sensum</strong></span> 
     </span>
     <span class='ocr_line' id='line_1_97' title="bbox 1771 4076 3335 4156; baseline 0 -19"><span class='ocrx_word' id='word_1_650' title='bbox 1771 4079 2103 4156; x_wconf 79' lang='lat' dir='ltr'><strong>mysticum</strong></span> <span class='ocrx_word' id='word_1_651' title='bbox 2160 4077 2239 4137; x_wconf 89' lang='lat' dir='ltr'><strong>ad</strong></span> <span class='ocrx_word' id='word_1_652' title='bbox 2295 4076 2571 4155; x_wconf 87' lang='lat' dir='ltr'><strong>gladium</strong></span> <span class='ocrx_word' id='word_1_653' title='bbox 2622 4079 2904 4139; x_wconf 82' lang='lat' dir='ltr'><strong>Ecclesiae</strong></span> <span class='ocrx_word' id='word_1_654' title='bbox 2917 4124 2937 4153; x_wconf 94' lang='lat'><strong>,</strong></span> <span class='ocrx_word' id='word_1_655' title='bbox 2988 4076 3335 4155; x_wconf 84' lang='lat' dir='ltr'><strong>significant</strong></span> 
     </span>
     <span class='ocr_line' id='line_1_98' title="bbox 1771 4168 3333 4251; baseline 0.001 -22"><span class='ocrx_word' id='word_1_656' title='bbox 1771 4175 2047 4251; x_wconf 72' lang='lat' dir='ltr'><strong>pastores</strong></span> <span class='ocrx_word' id='word_1_657' title='bbox 2102 4168 2389 4231; x_wconf 79' lang='lat' dir='ltr'><strong>Ecclesiae.</strong></span> <span class='ocrx_word' id='word_1_658' title='bbox 2438 4188 2565 4229; x_wconf 89' lang='lat' dir='ltr'><strong>non</strong></span> <span class='ocrx_word' id='word_1_659' title='bbox 2622 4170 2845 4231; x_wconf 85' lang='lat' dir='ltr'><strong>debere</strong></span> <span class='ocrx_word' id='word_1_660' title='bbox 2894 4188 3175 4231; x_wconf 89' lang='lat' dir='ltr'><strong>exercere</strong></span> <span class='ocrx_word' id='word_1_661' title='bbox 3224 4188 3333 4249; x_wconf 88' lang='lat' dir='ltr'><strong>per</strong></span> 
     </span>
     <span class='ocr_line' id='line_1_99' title="bbox 1769 4261 3330 4342; baseline 0.001 -20"><span class='ocrx_word' id='word_1_662' title='bbox 1769 4263 2000 4342; x_wconf 89' lang='lat' dir='ltr'><strong>seipsos</strong></span> <span class='ocrx_word' id='word_1_663' title='bbox 2038 4261 2314 4340; x_wconf 85' lang='lat' dir='ltr'><strong>gladium</strong></span> <span class='ocrx_word' id='word_1_664' title='bbox 2358 4261 2739 4323; x_wconf 82' lang='lat' dir='ltr'><strong>materialem</strong></span> <span class='ocrx_word' id='word_1_665' title='bbox 2758 4278 2778 4339; x_wconf 86' lang='lat'>3</span> <span class='ocrx_word' id='word_1_666' title='bbox 2810 4280 2937 4323; x_wconf 88' lang='lat' dir='ltr'><strong>non</strong></span> <span class='ocrx_word' id='word_1_667' title='bbox 2982 4268 3193 4323; x_wconf 85' lang='lat' dir='ltr'><strong>tamen</strong></span> <span class='ocrx_word' id='word_1_668' title='bbox 3220 4280 3330 4323; x_wconf 88' lang='lat' dir='ltr'><strong>ne-</strong></span> 
     </span>
     <span class='ocr_line' id='line_1_100' title="bbox 1769 4353 3331 4437; baseline 0.001 -22"><span class='ocrx_word' id='word_1_669' title='bbox 1769 4361 1942 4433; x_wconf 84' lang='lat' dir='ltr'><strong>gant,</strong></span> <span class='ocrx_word' id='word_1_670' title='bbox 1980 4374 2121 4415; x_wconf 90' lang='lat' dir='ltr'><strong>cum</strong></span> <span class='ocrx_word' id='word_1_671' title='bbox 2152 4353 2327 4415; x_wconf 90' lang='lat' dir='ltr'><strong>illum</strong></span> <span class='ocrx_word' id='word_1_672' title='bbox 2365 4355 2597 4415; x_wconf 88' lang='lat' dir='ltr'><strong>babent</strong></span> <span class='ocrx_word' id='word_1_673' title='bbox 2624 4356 2689 4415; x_wconf 90' lang='lat' dir='ltr'><strong>in</strong></span> <span class='ocrx_word' id='word_1_674' title='bbox 2730 4362 3027 4435; x_wconf 87' lang='lat' dir='ltr'><strong>potestate</strong></span> <span class='ocrx_word' id='word_1_675' title='bbox 3054 4374 3189 4431; x_wconf 89' lang='lat' dir='ltr'><strong>sua,</strong></span> <span class='ocrx_word' id='word_1_676' title='bbox 3222 4375 3331 4437; x_wconf 89' lang='lat' dir='ltr'><strong>per</strong></span> 
     </span>
     <span class='ocr_line' id='line_1_101' title="bbox 1770 4446 3330 4527; baseline 0.001 -19"><span class='ocrx_word' id='word_1_677' title='bbox 1770 4450 2137 4526; x_wconf 86' lang='lat' dir='ltr'><strong>temporales</strong></span> <span class='ocrx_word' id='word_1_678' title='bbox 2182 4448 2496 4508; x_wconf 89' lang='lat' dir='ltr'><strong>ministros</strong></span> <span class='ocrx_word' id='word_1_679' title='bbox 2535 4446 2944 4523; x_wconf 89' lang='lat' dir='ltr'><strong>vibrandum,</strong></span> <span class='ocrx_word' id='word_1_680' title='bbox 2988 4450 3330 4527; x_wconf 83' lang='lat' dir='ltr'><strong>puniendO,</strong></span> 
     </span>
     <span class='ocr_line' id='line_1_102' title="bbox 1769 4539 3329 4619; baseline 0.003 -20"><span class='ocrx_word' id='word_1_681' title='bbox 1769 4542 2021 4616; x_wconf 78' lang='lat' dir='ltr'><strong>scilicet,</strong></span> <span class='ocrx_word' id='word_1_682' title='bbox 2044 4539 2323 4615; x_wconf 81' lang='lat' dir='ltr'><strong>rebelleS,</strong></span> <span class='ocrx_word' id='word_1_683' title='bbox 2343 4539 2591 4619; x_wconf 88' lang='lat' dir='ltr'><strong>quando</strong></span> <span class='ocrx_word' id='word_1_684' title='bbox 2613 4542 2971 4619; x_wconf 89' lang='lat' dir='ltr'><strong>oportuerit.</strong></span> <span class='ocrx_word' id='word_1_685' title='bbox 2986 4542 3061 4602; x_wconf 89' lang='lat' dir='ltr'><strong>Et</strong></span> <span class='ocrx_word' id='word_1_686' title='bbox 3077 4543 3162 4602; x_wconf 92' lang='lat' dir='ltr'><strong>ita</strong></span> <span class='ocrx_word' id='word_1_687' title='bbox 3182 4541 3329 4603; x_wconf 79' lang='lat' dir='ltr'><strong>faci-</strong></span> 
     </span>
     <span class='ocr_line' id='line_1_103' title="bbox 1767 4631 3329 4715; baseline 0.003 -24"><span class='ocrx_word' id='word_1_688' title='bbox 1767 4631 1826 4691; x_wconf 89' lang='lat' dir='ltr'><strong>le</strong></span> <span class='ocrx_word' id='word_1_689' title='bbox 1841 4632 2028 4693; x_wconf 89' lang='lat' dir='ltr'><strong>etiam</strong></span> <span class='ocrx_word' id='word_1_690' title='bbox 2044 4631 2303 4693; x_wconf 88' lang='lat' dir='ltr'><strong>solvitur</strong></span> <span class='ocrx_word' id='word_1_691' title='bbox 2318 4639 2608 4711; x_wconf 85' lang='lat' dir='ltr'><strong>quartum</strong></span> <span class='ocrx_word' id='word_1_692' title='bbox 2628 4641 3062 4711; x_wconf 88' lang='lat' dir='ltr'><strong>argumentum</strong></span> <span class='ocrx_word' id='word_1_693' title='bbox 3075 4650 3093 4710; x_wconf 92' lang='lat'>;</span> <span class='ocrx_word' id='word_1_694' title='bbox 3108 4641 3329 4715; x_wconf 90' lang='lat' dir='ltr'><strong>petunt</strong></span> 
     </span>
     <span class='ocr_line' id='line_1_104' title="bbox 1767 4725 3327 4805; baseline 0.002 -20"><span class='ocrx_word' id='word_1_695' title='bbox 1767 4726 1934 4786; x_wconf 89' lang='lat' dir='ltr'><strong>enim</strong></span> <span class='ocrx_word' id='word_1_696' title='bbox 1970 4725 2295 4787; x_wconf 87' lang='lat' dir='ltr'><strong>Pontifices</strong></span> <span class='ocrx_word' id='word_1_697' title='bbox 2318 4726 2384 4786; x_wconf 89' lang='lat' dir='ltr'><strong>in</strong></span> <span class='ocrx_word' id='word_1_698' title='bbox 2412 4725 2767 4805; x_wconf 88' lang='lat' dir='ltr'><strong>hujusmodi</strong></span> <span class='ocrx_word' id='word_1_699' title='bbox 2792 4744 2973 4787; x_wconf 76' lang='lat' dir='ltr'><strong>rausa</strong></span> <span class='ocrx_word' id='word_1_700' title='bbox 3006 4733 3067 4788; x_wconf 92' lang='lat' dir='ltr'><strong>et</strong></span> <span class='ocrx_word' id='word_1_701' title='bbox 3098 4730 3161 4787; x_wconf 86' lang='lat' dir='ltr'><strong>in</strong></span> <span class='ocrx_word' id='word_1_702' title='bbox 3192 4728 3327 4789; x_wconf 86' lang='lat' dir='ltr'><strong>aliis</strong></span> 
     </span>
     <span class='ocr_line' id='line_1_105' title="bbox 1766 4818 3322 4898; baseline 0.001 -19"><span class='ocrx_word' id='word_1_703' title='bbox 1766 4819 2072 4880; x_wconf 84' lang='lat' dir='ltr'><strong>similibus</strong></span> <span class='ocrx_word' id='word_1_704' title='bbox 2118 4818 2422 4879; x_wconf 85' lang='lat' dir='ltr'><strong>auxilium</strong></span> <span class='ocrx_word' id='word_1_705' title='bbox 2466 4819 2815 4898; x_wconf 89' lang='lat' dir='ltr'><strong>principum</strong></span> <span class='ocrx_word' id='word_1_706' title='bbox 2862 4818 3322 4897; x_wconf 88' lang='lat' dir='ltr'><strong>temporalium,</strong></span> 
     </span>
     <span class='ocr_line' id='line_1_106' title="bbox 1765 4912 3324 4991; baseline 0.001 -18"><span class='ocrx_word' id='word_1_707' title='bbox 1765 4930 1894 4973; x_wconf 90' lang='lat' dir='ltr'><strong>non</strong></span> <span class='ocrx_word' id='word_1_708' title='bbox 1921 4913 2067 4991; x_wconf 88' lang='lat' dir='ltr'><strong>quia</strong></span> <span class='ocrx_word' id='word_1_709' title='bbox 2091 4912 2192 4991; x_wconf 88' lang='lat' dir='ltr'><strong>jus</strong></span> <span class='ocrx_word' id='word_1_710' title='bbox 2216 4913 2531 4991; x_wconf 88' lang='lat' dir='ltr'><strong>potestatis</strong></span> <span class='ocrx_word' id='word_1_711' title='bbox 2558 4912 2704 4991; x_wconf 87' lang='lat' dir='ltr'><strong>ipsis</strong></span> <span class='ocrx_word' id='word_1_712' title='bbox 2730 4912 3125 4973; x_wconf 86' lang='lat' dir='ltr'><strong>Pontificibus</strong></span> <span class='ocrx_word' id='word_1_713' title='bbox 3148 4914 3324 4989; x_wconf 79' lang='lat' dir='ltr'><strong>desit,</strong></span> 
     </span>
     <span class='ocr_line' id='line_1_107' title="bbox 1765 5005 3328 5084; baseline 0 -19"><span class='ocrx_word' id='word_1_714' title='bbox 1765 5005 1874 5065; x_wconf 87' lang='lat' dir='ltr'><strong>sed</strong></span> <span class='ocrx_word' id='word_1_715' title='bbox 1904 5005 2056 5084; x_wconf 87' lang='lat' dir='ltr'><strong>quia</strong></span> <span class='ocrx_word' id='word_1_716' title='bbox 2082 5006 2402 5065; x_wconf 82' lang='lat' dir='ltr'><strong>executiva</strong></span> <span class='ocrx_word' id='word_1_717' title='bbox 2432 5006 2703 5084; x_wconf 89' lang='lat' dir='ltr'><strong>potentia</strong></span> <span class='ocrx_word' id='word_1_718' title='bbox 2739 5010 2800 5065; x_wconf 89' lang='lat' dir='ltr'><strong>et</strong></span> <span class='ocrx_word' id='word_1_719' title='bbox 2844 5006 3134 5066; x_wconf 75' lang='lat' dir='ltr'><strong>humanae</strong></span> <span class='ocrx_word' id='word_1_720' title='bbox 3170 5006 3328 5067; x_wconf 82' lang='lat' dir='ltr'><strong>vires</strong></span> 
     </span>
     <span class='ocr_line' id='line_1_108' title="bbox 1763 5097 3325 5178; baseline 0.001 -19"><span class='ocrx_word' id='word_1_721' title='bbox 1763 5114 1922 5175; x_wconf 82' lang='lat' dir='ltr'><strong>soepe</strong></span> <span class='ocrx_word' id='word_1_722' title='bbox 1954 5097 2198 5159; x_wconf 89' lang='lat' dir='ltr'><strong>desunt.</strong></span> <span class='ocrx_word' id='word_1_723' title='bbox 2232 5098 2387 5159; x_wconf 89' lang='lat' dir='ltr'><strong>Item</strong></span> <span class='ocrx_word' id='word_1_724' title='bbox 2422 5117 2549 5159; x_wconf 90' lang='lat' dir='ltr'><strong>non</strong></span> <span class='ocrx_word' id='word_1_725' title='bbox 2577 5097 2890 5177; x_wconf 88' lang='lat' dir='ltr'><strong>postulant</strong></span> <span class='ocrx_word' id='word_1_726' title='bbox 2926 5098 3006 5158; x_wconf 90' lang='lat' dir='ltr'><strong>ab</strong></span> <span class='ocrx_word' id='word_1_727' title='bbox 3032 5100 3122 5159; x_wconf 87' lang='lat' dir='ltr'><strong>eis</strong></span> <span class='ocrx_word' id='word_1_728' title='bbox 3143 5100 3325 5178; x_wconf 85' lang='lat' dir='ltr'><strong>juris-</strong></span> 
     </span>
     <span class='ocr_line' id='line_1_109' title="bbox 1763 5190 3326 5270; baseline -0.001 -18"><span class='ocrx_word' id='word_1_729' title='bbox 1763 5191 2125 5267; x_wconf 90' lang='lat' dir='ltr'><strong>dictionem,</strong></span> <span class='ocrx_word' id='word_1_730' title='bbox 2158 5191 2263 5250; x_wconf 90' lang='lat' dir='ltr'><strong>sed</strong></span> <span class='ocrx_word' id='word_1_731' title='bbox 2292 5192 2564 5252; x_wconf 82' lang='lat' dir='ltr'><strong>excitant</strong></span> <span class='ocrx_word' id='word_1_732' title='bbox 2594 5190 2751 5265; x_wconf 77' lang='lat' dir='ltr'><strong>illos,</strong></span> <span class='ocrx_word' id='word_1_733' title='bbox 2777 5195 2848 5250; x_wconf 90' lang='lat' dir='ltr'><strong>ut</strong></span> <span class='ocrx_word' id='word_1_734' title='bbox 2878 5209 2992 5251; x_wconf 87' lang='lat' dir='ltr'><strong>sua</strong></span> <span class='ocrx_word' id='word_1_735' title='bbox 3019 5192 3207 5253; x_wconf 86' lang='lat' dir='ltr'><strong>etiam</strong></span> <span class='ocrx_word' id='word_1_736' title='bbox 3229 5194 3326 5270; x_wconf 89' lang='lat' dir='ltr'><strong>ju-</strong></span> 
     </span>
     <span class='ocr_line' id='line_1_110' title="bbox 1763 5281 3324 5364; baseline 0.001 -21"><span class='ocrx_word' id='word_1_737' title='bbox 1763 5282 2116 5344; x_wconf 88' lang='lat' dir='ltr'><strong>risdictione</strong></span> <span class='ocrx_word' id='word_1_738' title='bbox 2144 5288 2402 5344; x_wconf 89' lang='lat' dir='ltr'><strong>utantur</strong></span> <span class='ocrx_word' id='word_1_739' title='bbox 2436 5283 2514 5343; x_wconf 90' lang='lat' dir='ltr'><strong>ad</strong></span> <span class='ocrx_word' id='word_1_740' title='bbox 2562 5281 2987 5344; x_wconf 81' lang='lat' dir='ltr'><strong>defensionem</strong></span> <span class='ocrx_word' id='word_1_741' title='bbox 3021 5284 3324 5364; x_wconf 90' lang='lat' dir='ltr'><strong>reipubli—</strong></span> 
     </span>
     <span class='ocr_line' id='line_1_111' title="bbox 1763 5375 3325 5455; baseline 0.003 -20"><span class='ocrx_word' id='word_1_742' title='bbox 1763 5393 1849 5435; x_wconf 82' lang='lat' dir='ltr'><strong>cae</strong></span> <span class='ocrx_word' id='word_1_743' title='bbox 1890 5380 1951 5436; x_wconf 89' lang='lat' dir='ltr'><strong>et</strong></span> <span class='ocrx_word' id='word_1_744' title='bbox 1994 5375 2297 5451; x_wconf 74' lang='lat' dir='ltr'><strong>Ecclesiae,</strong></span> <span class='ocrx_word' id='word_1_745' title='bbox 2328 5381 2511 5455; x_wconf 91' lang='lat' dir='ltr'><strong>prout</strong></span> <span class='ocrx_word' id='word_1_746' title='bbox 2557 5394 2635 5437; x_wconf 84' lang='lat' dir='ltr'><strong>ex</strong></span> <span class='ocrx_word' id='word_1_747' title='bbox 2670 5375 2873 5437; x_wconf 87' lang='lat' dir='ltr'><strong>officio</strong></span> <span class='ocrx_word' id='word_1_748' title='bbox 2902 5382 3194 5439; x_wconf 90' lang='lat' dir='ltr'><strong>tenentur</strong></span> <span class='ocrx_word' id='word_1_749' title='bbox 3220 5397 3235 5453; x_wconf 90' lang='grc'><strong>;</strong></span> <span class='ocrx_word' id='word_1_750' title='bbox 3262 5384 3325 5439; x_wconf 89' lang='lat' dir='ltr'><strong>et</strong></span> 
     </span>
     <span class='ocr_line' id='line_1_112' title="bbox 1764 5467 3319 5549; baseline 0.003 -22"><span class='ocrx_word' id='word_1_751' title='bbox 1764 5467 1854 5527; x_wconf 85' lang='lat' dir='ltr'><strong>ita</strong></span> <span class='ocrx_word' id='word_1_752' title='bbox 1879 5467 2158 5547; x_wconf 87' lang='lat' dir='ltr'><strong>loquitur</strong></span> <span class='ocrx_word' id='word_1_753' title='bbox 2184 5474 2397 5548; x_wconf 81' lang='lat' dir='ltr'><strong>aperte</strong></span> <span class='ocrx_word' id='word_1_754' title='bbox 2436 5469 2790 5549; x_wconf 88' lang='lat' dir='ltr'><strong>Gregorius,</strong></span> <span class='ocrx_word' id='word_1_755' title='bbox 2836 5468 2903 5529; x_wconf 90' lang='lat' dir='ltr'><strong>in</strong></span> <span class='ocrx_word' id='word_1_756' title='bbox 2948 5468 3083 5531; x_wconf 90' lang='lat' dir='ltr'><strong>loco</strong></span> <span class='ocrx_word' id='word_1_757' title='bbox 3108 5470 3319 5547; x_wconf 79' lang='lat' dir='ltr'><strong>citato,</strong></span> 
     </span>
    </p>
   </div>
   <div class='ocr_carea' id='block_1_5' title="bbox 3221 322 3427 397">
    <p class='ocr_par' dir='ltr' id='par_1_7' title="bbox 3221 322 3427 397">
     <span class='ocr_line' id='line_1_113' title="bbox 3221 322 3427 397; baseline 0.01 -5"><span class='ocrx_word' id='word_1_758' title='bbox 3221 334 3349 397; x_wconf 73' lang='lat' dir='ltr'><strong>sis.</strong></span> <span class='ocrx_word' id='word_1_759' title='bbox 3408 322 3427 331; x_wconf 83' lang='lat'><strong><em>&#39;</em></strong></span> 
     </span>
    </p>
   </div>
  </div>
 </body>
</html>
