3900 6217
818 418 991 473 SEGT.
1028 418 1132 474 lul.
1168 418 1250 469 AN
1286 418 1637 473 utvemTlo
1670 416 1883 471 mlea
1918 416 2280 471 uumnu'rus
2309 416 2596 478 cultum,
2631 414 2763 469 ETC.

196 520 383 585 ouda
417 520 729 601 κφοικίο
758 519 912 585 Cani
938 526 997 585 ot
1028 519 1302 601 Araaon.
1332 552 1417 567 --
1440 518 1754 599 Rejicitur

198 610 325 694 μὶ
356 616 523 682 Rvet
574 610 899 679 metten.
920 646 998 659 --
1020 616 1115 677 Et
1146 631 1223 677 σω
1249 618 1463 695 aperta
1486 612 1743 677 ratione.

196 703 709 785 —Confirmatun
734 738 815 756 --
842 708 1138 786 Superest
1164 711 1235 767 ut
1256 705 1753 785 respondeamus

196 799 267 860 ad
294 806 669 878 argumenta
698 800 917 879 primm
948 799 1293 863 sententiae.
1325 800 1400 861 Et
1449 798 1515 860 in
1552 798 1755 879 primo

194 892 539 972 postulatur
562 893 897 955 difficultas
920 911 1089 973 saepe
1114 894 1447 966 inculcata,
1470 893 1619 955 etin
1638 892 1758 953 hac

192 986 445 1049 mater-ia
508 987 692 1049 valde
752 987 1023 1049 obscura
1070 992 1383 1067 reputata,
1436 985 1757 1066 quo-modo

192 1081 373 1159 possit
417 1079 655 1143 endem
697 1080 1041 1161 propositio
1097 1087 1161 1143 et
1202 1098 1339 1145 esse
1386 1080 1645 1154 credita,
1694 1085 1759 1142 et

192 1173 335 1237 ratio
374 1173 711 1247 credendi,
754 1192 841 1237 ne
886 1175 951 1236 in
1002 1172 1313 1237 infinitum
1356 1173 1753 1253 procedatur.

192 1268 275 1331 Ad
298 1267 482 1346 quod
524 1268 731 1347 primo
758 1268 1027 1332 dicimus
1057 1270 1483 1333 necessarium
1510 1286 1651 1331 esse
1690 1272 1759 1329 ut

188 1366 475 1423 auctores
501 1361 723 1441 primae
746 1362 1073 1425 sententiae
1104 1362 1271 1425 hunc
1304 1362 1493 1425 etiam
1516 1361 1755 1423 nodum

184 1452 453 1525 solvant,
491 1453 643 1532 quia
700 1472 829 1517 non
883 1461 1147 1535 possunt
1196 1474 1435 1535 negare
1485 1453 1757 1533 primam

184 1546 607 1609 assertionem
642 1566 681 1609 a
722 1548 905 1611 nobis
944 1548 1233 1629 positam,
1268 1555 1336 1611 ut
1378 1566 1601 1611 revera
1628 1564 1756 1609 non

180 1645 435 1720 negant,
476 1641 631 1719 quia
658 1646 757 1704 est
788 1640 915 1703 fide
942 1642 1311 1715 certissima,
1354 1648 1419 1704 et
1445 1648 1659 1705 tamen
1690 1641 1757 1702 in

182 1734 279 1795 illa
326 1738 555 1811 potest
587 1733 727 1797 fieri
776 1734 947 1797 idem
984 1742 1467 1815 argumentum3
1512 1753 1663 1797 nam
1703 1734 1756 1795 si

186 1826 295 1889 fide
310 1824 649 1889 credimus
678 1828 873 1891 Deum
898 1828 1133 1895 dixisse
1162 1828 1461 1909 mysteria
1484 1827 1653 1901 fidei,
1678 1846 1756 1889 ex

186 1938 313 1998 quo,
344 1936 611 1998 quaeso,
642 1920 947 2001 principio
976 1922 1079 1983 vel
1107 1922 1351 1983 ratione
1376 1920 1533 1983 illud
1560 1920 1759 1983 credi-

187 2030 345 2091 mus3
372 2032 547 2081 nam
578 2014 634 2075 si
660 2032 739 2077 ex
764 2014 887 2077 alio
936 2014 1249 2089 distincto,
1283 2013 1363 2077 de
1393 2015 1497 2076 illo
1532 2014 1759 2077 iterum

186 2112 581 2185 &nemrot
608 2107 701 2169 sic
728 2107 1067 2187 procedam
1098 2107 1163 2169 in
1192 2106 1505 2169 infinitum
1520 2123 1542 2185 3
1568 2108 1619 2169 si
1650 2125 1761 2169 au·

188 2209 300 2263 tem
316 2200 403 2266 ibi
428 2202 747 2274 sistimus,
760 2201 895 2283 jam
910 2202 1135 2265 eadem
1154 2202 1519 2282 propositio,
1542 2219 1761 2281 quam·

191 2296 269 2355 vis
296 2313 413 2374 per
442 2312 521 2357 se
544 2298 708 2361 nota
738 2314 867 2357 non
894 2296 995 2367 sit,
1024 2296 1139 2360 erit
1165 2314 1280 2376 per
1302 2314 1371 2357 se
1406 2294 1663 2368 credita,
1696 2300 1759 2357 et

191 2388 441 2467 sibiipsi
490 2389 663 2452 ratio
704 2388 1023 2451 credendi.
1081 2389 1371 2453 Secundo
1418 2387 1757 2466 respondet

190 2482 343 2543 Cano
362 2500 573 2561 supra
598 2487 666 2543 et
690 2484 964 2560 Aragon.
994 2484 1055 2543 2.
1074 2486 1135 2556 2,
1154 2487 1375 2563 quaest.
1401 2486 1460 2554 ι,
1490 2481 1667 2543 artic.
1694 2483 1751 2553 1,

192 2574 373 2636 eoncl.
416 2578 491 2646 6,
518 2574 753 2637 fideles
798 2574 1057 2637 credere
1084 2590 1190 2639 res
1218 2592 1333 2637 seu
1358 2574 1661 2655 mysteria
1687 2572 1757 2635 fi-

192 2666 305 2741 dei,
350 2667 511 2745 quia
588 2668 761 2729 Deus
823 2668 928 2731 illa
1006 2668 1367 2744 revelavit;
1417 2666 1589 2745 quod
1643 2684 1757 2727 au·-

198 2766 307 2823 lem
328 2762 503 2825 Deus
538 2761 655 2823 illa
696 2760 1089 2834 revelaverit,
1134 2712 1493 2825 immediate
1544 2759 1757 2823 crede-

204 2871 265 2915 re
290 2898 307 2925 ,
346 2854 497 2933 qnia
536 2855 815 2917 interius
865 2860 1200 2917 moventur
1252 2872 1369 2934 per
1416 2852 1758 2932 specialem

218 2946 543 3011 instinctum
590 2947 898 3021 divinum,
936 2948 1115 3028 juxta
1165 2948 1359 3010 illud:
1412 2948 1533 3021 Qui
1568 2947 1758 3011 credit

224 3042 277 3101 in
308 3041 491 3117 filium
530 3042 695 3117 Dei,
736 3043 905 3107 habet
954 3040 1363 3107 testimoninm
1398 3042 1515 3105 Dei
1556 3041 1625 3103 in
1668 3057 1752 3103 se.

214 3134 333 3197 Hae
350 3153 501 3198 vero
523 3135 893 3217 responsio,
926 3141 989 3197 et
1030 3134 1096 3197 in
1124 3135 1314 3199 modo
1344 3134 1645 3214 loquendi
1670 3132 1761 3195 vi·

203 3228 363 3291 landa
388 3234 491 3290 est
538 3236 809 3309 propter
852 3229 1181 3292 haereticos
1216 3228 1405 3308 hujus
1434 3227 1756 3306 temporie,

198 3328 249 3383 ει
288 3322 349 3383 in
388 3340 465 3385 re
514 3323 663 3401 ipsa
722 3340 853 3385 non
897 3325 1105 3400 potest
1154 3320 1537 3385 satisfacere.
1578 3320 1757 3383 Ratio

194 3416 395 3496 prioris
430 3416 649 3495 partis
676 3421 799 3487 est,
828 3416 975 3495 quia
1010 3414 1301 3477 videntur
1356 3414 1421 3477 hi
1468 3420 1760 3475 auctores

190 3511 493 3573 resolvere
518 3509 813 3571 ultimate
840 3508 1033 3571 fidem
1068 3508 1129 3569 in
1166 3508 1483 3571 internum
1506 3508 1762 3569 instinc-

190 3610 305 3665 tum
333 3602 617 3683 Spiritus
654 3602 891 3675 Sancti,
928 3601 1101 3681 quod
1130 3601 1321 3663 etiam
1356 3600 1595 3663 faciunt
1637 3600 1762 3661 hoe-

188 3698 347 3760 retici
372 3697 579 3776 hujus
612 3696 934 3775 temporie,
950 3700 1021 3771 ut
1047 3694 1307 3757 eludant
1326 3693 1762 3757 auctoritatem

194 3790 473 3855 Ecclesia
502 3795 575 3851 et
604 3787 1035 3852 definitionem
1090 3790 1252 3869 ejus.
1302 3790 1616 3851 Praeterea
1650 3805 1764 3871 ora·

192 3885 345 3945 tione
368 3890 727 3961 utrumque
772 3881 1151 3949 declaratur,
1180 3882 1328 3961 quia
1365 3880 1467 3943 vel
1506 3880 1762 3960 quaudo

190 3976 527 4055 loquuntur
568 3976 655 4039 de
710 3976 1089 4039 resolutione
1116 3976 1183 4037 in
1206 3975 1518 4037 internam
1542 3974 1765 4037 motio·

194 4086 344 4142 uem,
371 4068 753 4148 intelligunt
790 4074 1091 4146 tanquam
1118 4068 1182 4129 in
1214 4067 1592 4147 principium
1620 4083 1763 4145 par·

192 4163 443 4227 ticulare
504 4160 791 4223 efficiens
839 4178 1137 4223 assensus
1184 4159 1333 4221 fidei
1377 4160 1623 4235 infusae,
1662 4158 1764 4219 vel

192 4262 491 4335 tanquam
516 4255 589 4317 in
618 4254 923 4317 motivum
965 4252 1287 4328 credendi,
1320 4272 1399 4315 ex
1426 4259 1605 4333 parte
1654 4254 1763 4314 ob·

188 4351 339 4430 jetti.
375 4350 671 4413 Primum
698 4349 855 4410 nihil
882 4348 969 4409 ad
992 4366 1256 4414 causam
1282 4348 1517 4425 refert3
1544 4364 1763 4411 secun-

192 4442 329 4503 dnm
352 4444 484 4504 dici
511 4460 647 4505 non
676 4447 882 4522 potest
894 4458 917 4519 ;
934 4460 1109 4523 ergo.
1136 4442 1339 4503 Minor
1359 4440 1571 4520 quoad
1594 4440 1765 4520 prio-

198 4554 315 4597 rem
344 4543 603 4615 partem
626 4535 953 4614 probatur,
994 4536 1143 4615 quia
1182 4534 1281 4595 hic
1344 4552 1475 4596 non
1501 4534 1765 4611 inquiri-

198 4647 327 4691 mus
366 4646 635 4691 cansam
686 4628 1063 4691 efficientem
1098 4646 1397 4692 assensus
1446 4626 1619 4702 fidei,
1652 4626 1763 4687 sed

200 4722 601 4801 objectivam3
632 4720 863 4783 deinde
909 4722 1061 4801 quia
1096 4720 1249 4783 illud
1296 4737 1631 4781 commune
1670 4724 1767 4781 est

200 4817 489 4878 amnibus
538 4814 901 4877 assensibus
950 4814 1098 4877 fidei
1162 4813 1407 4885 infusae,
1464 4813 1595 4875 sive
1644 4813 1768 4875 sint

204 4907 277 4969 de
316 4908 423 4971 illo
468 4908 753 4990 generali
796 4908 1101 4988 principio
1127 4928 1143 4965 :
1174 4910 1337 4973 Dm
1376 4907 1542 4971 dimit
1557 4950 1573 4979 ‚
1602 4907 1765 4969 Deus

204 5004 483 5067 metavit
516 5004 821 5083 ursam
855 5004 1023 5083 fidei,
1070 5001 1197 5064 sive
1226 5001 1308 5063 de
1358 5017 1763 5079 quocumque

209 5098 495 5175 mysterio
526 5096 597 5159 in
637 5096 1039 5175 particulam
1076 5113 1227 5175 ergo
1256 5094 1361 5155 ille
1394 5093 1622 5155 modus
1670 5112 1765 5154 re-

210 5190 522 5253 solutionis
548 5188 927 5257 nihilrefert
952 5189 1037 5252 ad
1080 5187 1449 5251 solvendam
1498 5186 1765 5249 difficul-

216 5288 389 5345 tatem
442 5282 521 5345 de
572 5300 701 5363 qua
752 5286 1111 5347 metamus.
1148 5282 1361 5343 Altera
1406 5298 1558 5342 vero
1612 5299 1761 5360 pars

220 5376 465 5439 minoris
487 5376 809 5457 probatur,
834 5376 981 5456 quia
1009 5375 1203 5439 motio
1228 5375 1512 5437 effectiva
1542 5391 1759 5435 neces·

223 5470 375 5533 saria
408 5469 491 5533 ad
528 5470 721 5535 fidem
769 5470 1071 5550 supponit
1116 5468 1434 5549 objectum
1498 5467 1765 5529 formale

226 5564 543 5641 sufficiens,
584 5573 647 5631 ct
702 5566 1083 5632 sufficienter
1138 5563 1567 5645 propositum3
1612 5579 1763 5641 ergo

3285 408 3402 471 105

1836 520 1982 579 ante
2009 516 2182 578 illam
2219 517 2565 579 motionem
2609 516 2946 589 internam,
2975 514 3403 577 necessarium

1836 615 1931 673 est
1975 628 2056 673 ex
2100 610 2266 689 parti
2291 609 2518 689 objecti
2573 609 2896 688 assignare
2930 607 3192 669 formale
3223 606 3405 669 moti-

1837 721 2010 777 vum,
2058 706 2120 765 et
2151 702 2434 765 ultimam
2479 702 2928 765 resolutionem
2955 700 3118 781 ejus.
3149 701 3406 765 Accedit

1838 797 2010 878 quod
2039 814 2336 859 assensus
2358 795 2510 859 fidei
2540 796 2730 903 hujus
2754 794 3088 875 principii:
3121 794 3290 858 Deus
3311 796 3406 857 di·

1838 892 1947 964 cit,
1983 898 2103 953 etc.
2135 890 2418 970 ejusdem
2439 890 2678 969 speciei
2695 894 2790 951 est
2825 906 2971 950 cum
3000 887 3135 949 aliis
3159 888 3406 950 actibus

1836 982 2010 1057 fidei,
2038 989 2107 1045 ut
2131 990 2454 1047 ostensum
2485 988 2620 1059 est3
2651 1000 2802 1062 ergo
2831 981 3000 1043 idem
3033 980 3268 1043 habere
3297 980 3406 1043 de·

1836 1077 1945 1141 het
1987 1077 2302 1158 objectum
2351 1076 2652 1155 formale3
2695 1094 2846 1155 ergo
2879 1094 3010 1137 non
3059 1075 3266 1155 magis
3299 1074 3404 1137 ille

1836 1176 2016 1233 actus
2041 1171 2372 1234 resolvitur
2401 1170 2468 1235 in
2494 1171 2840 1232 motionem
2857 1170 3193 1245 internam,
3209 1186 3405 1249 quam

1836 1265 2046 1327 caeteri
2076 1270 2258 1327 actus
2283 1263 2452 1327 fidei.

1920 1361 2020 1421 12.
2065 1358 2278 1423 Tertia
2323 1374 2576 1439 veraque
2604 1359 2934 1440 responsio.
2963 1356 3398 1423 -Suadotun

1835 1451 2085 1515 -Dico
2113 1469 2266 1531 ergo
2295 1449 2670 1530 principium
2697 1450 2854 1513 illud
2901 1469 3032 1513 non
3073 1450 3301 1513 resolvi
3338 1450 3404 1513 in

1839 1544 2012 1606 aliud
2039 1544 2413 1625 principium
2440 1562 2478 1605 a
2502 1562 2570 1605 se
2599 1543 2980 1619 distinctum,
3013 1542 3128 1605 sed
3165 1561 3233 1605 se
3266 1542 3404 1622 ipso

1836 1636 2031 1711 credi,
2073 1643 2144 1700 ut
2177 1642 2346 1699 recte
2378 1636 2720 1717 Capreolus
2749 1642 2814 1699 et
2837 1637 3198 1717 Caietanus,
3237 1636 3405 1698 citati

1838 1732 1903 1794 in
1944 1748 2122 1793 num.
2169 1734 2230 1805 7,
2267 1729 2678 1810 explicarunt.
2725 1732 2940 1809 Neque
2991 1730 3186 1793 refert
3235 1729 3408 1810 quod

1838 1824 2152 1904 objicitur,
2198 1822 2369 1903 quod
2397 1822 2556 1885 illud
2599 1823 2976 1903 principium
3007 1843 3137 1886 non
3163 1831 3259 1887 est
3297 1842 3412 1903 per

1838 1936 1909 1981 se
1935 1924 2202 1991 notum,
2235 1917 2410 1997 quia,
2451 1922 2586 1979 esto
2607 1917 2727 1979 hoc
2757 1918 2846 1978 ita
2871 1917 2970 1987 sit,
3000 1916 3407 1997 nihilominus

1838 2016 2046 2092 potest
2087 2026 2254 2085 esse,
2285 2016 2350 2073 et
2379 2016 2474 2073 est
2514 2028 2631 2090 per
2661 2028 2729 2073 se
2769 2010 3086 2084 credibile;
3137 2012 3286 2090 quia
3337 2016 3408 2073 ut

1842 2107 1921 2169 sit
1960 2124 2076 2187 per
2106 2124 2174 2167 se
2223 2110 2464 2179 notum,
2517 2104 2858 2184 requiritur
2895 2104 3208 2167 evidentia
3259 2121 3406 2167 cum

1840 2197 2206 2261 immediata
2257 2205 2322 2260 et
2362 2198 2702 2261 intrinseca
2761 2199 3152 2261 connexione
3195 2198 3408 2261 termi-

1838 2310 2066 2355 norum
2094 2311 2112 2365 ;
2163 2297 2460 2355 neutrum
2487 2296 2700 2355 autem
2749 2291 2974 2355 horum
3003 2292 3316 2355 invenitur
3339 2292 3408 2353 in

1838 2385 1944 2447 illo
2001 2385 2304 2465 principio
2335 2430 2352 2459 ,
2417 2385 2768 2466 praesertim
2827 2390 3122 2465 respectu
3165 2380 3359 2447 nostri
3385 2408 3402 2459 ;

1836 2484 1906 2541 ut
1946 2484 2156 2541 autem
2213 2478 2292 2539 sit
2319 2496 2432 2557 per
2483 2496 2552 2539 sc
2597 2478 2918 2551 credibile,
2951 2478 3178 2539 sufficit
3214 2484 3284 2541 ut
3329 2478 3408 2541 sit

1836 2591 1952 2653 per
1995 2592 2062 2635 se
2107 2572 2448 2635 revelabile
2499 2590 2536 2633 a
2585 2573 2718 2633 Deo
2749 2617 2768 2646 ‚
2815 2577 2878 2634 ει
2931 2572 3101 2651 quod
3121 2616 3138 2645 ,
3189 2578 3260 2633 ut
3317 2573 3408 2633 sic

1837 2666 2074 2728 dictum
2115 2710 2132 2740 ,
2191 2671 2256 2729 et
2308 2664 2656 2727 revelatum
2689 2710 2706 2738 ,
2771 2664 2968 2745 possit
3021 2664 3407 2729 sufficienter

1839 2759 2106 2839 proponi
2140 2780 2158 2833 3
2209 2764 2546 2835 utrumque
2609 2762 2822 2819 autem
2889 2757 2952 2819 in
3011 2757 3116 2819 illo
3178 2757 3408 2837 princi-

1838 2854 1941 2932 pio
1973 2852 2306 2931 reperitur.
2355 2850 2535 2923 Quod
2571 2868 2721 2913 vero
2761 2850 2866 2913 illa
2891 2850 3018 2913 duo
3071 2851 3404 2924 sufficiant,

1838 2946 2244 3009 manifestum
2298 2950 2416 3018 est,
2453 2944 2614 3031 guia
2643 2944 2750 3021 illa
2805 2962 2951 3005 cum
3003 2943 3406 3024 proportione

1840 3040 2158 3101 sufficiunt
2211 3038 2275 3099 in
2331 3054 2734 3118 quacumque
2789 3036 2912 3101 alia
2951 3038 3212 3101 veritate
3271 3054 3410 3099 cre-

1840 3132 2049 3194 denda
2093 3148 2208 3211 per
2248 3130 2464 3207 fldem,
2503 3135 2565 3193 et
2592 3132 2742 3210 quia
2781 3131 2847 3193 in
2891 3130 3014 3193 illis
3055 3129 3408 3193 continetur

1841 3232 1903 3287 ct
1944 3225 2264 3304 objectum
2315 3224 2578 3287 formale
2623 3224 2796 3302 fidei,
2829 3230 2892 3287 et
2935 3223 3250 3287 sufficiens
3293 3241 3408 3304 ap-

1840 3319 2090 3397 plicatio
2120 3319 2296 3398 ejus;
2351 3318 2526 3397 quod
2559 3324 2772 3381 autem
2801 3318 2905 3380 illa
2959 3317 3086 3379 duo
3143 3334 3409 3388 concur-

1842 3417 1984 3472 rant
2027 3411 2092 3472 in
2119 3412 2224 3473 illo
2249 3410 2576 3491 principio,
2617 3410 2804 3473 facile
2831 3412 3022 3473 etiam
3054 3410 3410 3473 declaratur

1844 3524 1919 3566 ex
1949 3504 2164 3565 dictis:
2211 3523 2360 3567 nam
2398 3504 2724 3583 imprimis,
2757 3504 2928 3585 quod
2965 3503 3124 3565 illud
3179 3501 3410 3582 princi-

1842 3598 2018 3677 pium
2055 3598 2134 3661 sit
2161 3596 2521 3671 revelabile,
2559 3598 2686 3661 imo
2723 3602 2788 3659 et
2819 3597 3166 3661 revelatum
3193 3615 3231 3657 a
3251 3597 3404 3669 Deo,

1845 3692 1994 3753 satis
2029 3710 2108 3753 ex
2153 3691 2471 3770 Scriptura
2513 3691 2846 3769 probatum
2885 3690 3070 3753 estin
3101 3706 3276 3751 num.
3317 3689 3357 3753 8
3389 3704 3406 3761 3

1846 3785 2016 3865 quod
2066 3790 2276 3847 autem
2324 3803 2440 3864 per
2481 3784 2760 3863 seipsum
2798 3783 3136 3856 reveletur,
3169 3782 3254 3843 ita
3303 3780 3412 3843 de·

1846 3878 2134 3951 claretur,
2169 3878 2318 3957 quia
2345 3877 2592 3939 duobus
2639 3876 2844 3939 modis
2883 3881 3088 3957 potest
3113 3877 3281 3938 Deus
3314 3894 3411 3937 re-

1846 3974 2054 4035 velare
2084 3990 2152 4033 se
2187 3970 2426 4051 aliquid
2453 3970 2662 4033 dicere
2743 3988 2870 4033 uno
2900 3970 3112 4043 modo,
3141 3970 3319 4049 quasi
3344 3969 3410 4029 in

1845 4072 1988 4129 actu
2029 4064 2299 4145 signato,
2335 4083 2446 4127 seu
2487 4082 2602 4143 per
2647 4070 2858 4125 actum
2901 4080 3192 4141 expresse
3226 4064 3412 4125 refle-

1843 4178 2018 4230 xum,
2063 4163 2134 4219 ut
2173 4158 2428 4238 quando
2467 4158 2786 4237 Scriptura
2841 4156 3023 4219 dicit:
3064 4157 3222 4221 Haeo
3262 4154 3412 4219 dicit

1842 4254 2162 4328 Dominus,
2206 4269 2358 4313 seu:
2401 4252 2599 4315 Pater
2637 4268 2804 4315 meus
2836 4250 3128 4313 revelavit
3147 4274 3174 4323 ;
3225 4253 3290 4311 et
3325 4248 3408 4309 ibi

1841 4364 1972 4409 non
2022 4349 2118 4407 est
2157 4346 2412 4426 propria
2443 4344 2742 4407 revelatio
2783 4342 3068 4423 ejusdem
3115 4342 3262 4404 dicti
3296 4359 3414 4421 per

1844 4440 2144 4519 seipsum,
2183 4439 2297 4500 sed
2331 4443 2428 4499 est
2465 4456 2662 4499 unum
2705 4438 2942 4499 dictum
2987 4436 3066 4499 de
3107 4436 3254 4513 alio,
3297 4452 3412 4497 seu

1843 4533 2144 4595 revelatio
2173 4531 2254 4595 de
2295 4532 2700 4594 revelatione.
2736 4530 2872 4593 Alio
2912 4547 3058 4592 vero
3083 4528 3272 4591 modo
3299 4546 3414 4607 po-

1850 4633 1972 4689 test
2000 4627 2120 4689 hoc
2143 4625 2432 4705 intelligi,
2468 4626 2641 4705 quia,
2670 4626 2734 4686 in
2763 4630 2910 4687 actu
2934 4622 3228 4695 exercito,
3260 4621 3412 4682 dum

1850 4721 2012 4783 Deus
2041 4719 2278 4799 aliquid
2319 4718 2468 4781 dicit
2503 4720 2682 4798 quasi
2721 4737 2837 4799 per
2876 4718 3278 4781 intrinsecam
3319 4735 3414 4778 re-

1848 4814 2184 4877 flexionem
2219 4814 2502 4893 ejusdem
2525 4819 2702 4877 actus
2733 4813 2798 4874 in
2833 4813 3134 4892 seipsum,
3167 4810 3316 4873 dicit
3343 4827 3416 4871 se

1848 4906 2082 4993 dicere,
2115 4907 2274 4969 sicut
2320 4906 2544 4969 eodem
2595 4911 2737 4967 actu
2787 4923 2914 4983 quo
2964 4905 3128 4967 Deus
3175 4901 3415 4984 aliquid

1846 5001 1988 5076 scit,
2027 5000 2390 5063 necessario
2452 5000 2642 5061 etiam
2693 4999 2808 5061 scit
2865 5017 2932 5061 se
2987 4997 3146 5063 scire
3179 5042 3194 5071 ,
3243 4996 3415 5076 quod

1847 5092 2040 5153 etiam
2085 5093 2166 5155 de
2195 5093 2452 5155 scientia
2480 5091 2970 5157 demonstrativa
3017 5091 3220 5171 attigit
3247 5090 3416 5153 Aris·

1844 5186 2098 5261 toteles,
2129 5192 2158 5249 ¹
2189 5192 2381 5267 pot-t„
2414 5206 2472 5247 c.
2505 5188 2568 5260 2,
2597 5187 2678 5249 ad
2719 5186 2912 5249 finem
2941 5204 2960 5259 ς
3018 5190 3080 5247 ει
3109 5184 3274 5245 ἰιιιει·
3300 5184 3414 5246 ho-

1846 5279 2050 5341 mines
2093 5281 2306 5353 etiam,
2337 5280 2628 5360 quamvis
2677 5280 2786 5359 qui
2831 5278 3128 5357 loquitur,
3156 5295 3274 5355 per
3307 5294 3416 5339 ex-

1842 5391 2134 5453 pressum
2175 5378 2388 5435 actum
2411 5372 2720 5435 reflexum
2759 5389 2889 5435 non
2927 5368 3094 5431 dicat
3121 5388 3188 5432 se
3215 5370 3411 5449 loqui,

1842 5468 2164 5547 loquendo
2218 5467 2284 5529 id
2325 5467 2476 5529 satis
2527 5466 2678 5529 dicit
2713 5466 2780 5527 in
2823 5469 2970 5527 actu
3008 5463 3300 5525 exercito.
3339 5462 3418 5527 Et

1846 5561 1968 5623 hac
2019 5560 2262 5623 ratione
2291 5561 2550 5641 quando
2599 5556 2836 5639 aliquid
2865 5556 3244 5619 sufficienter
3275 5574 3416 5636 pro-
