3900 6217
533 406 613 467 '10

534 512 1017 595 supernaturali,
1061 531 1250 592 quem
1275 513 1631 594 cognoscin
1664 530 1817 593 ergo
1846 513 2104 573 omnino

531 606 635 669 ille
685 625 977 668 assensus
1034 604 1437 685 distinguitur
1487 606 1568 668 ab
1617 623 1881 667 assensu
1928 604 2098 668 fidei.

534 700 705 764 Sicut
733 700 796 762 in
826 698 948 763 fide
970 701 1275 773 humana,
1299 718 1594 761 assensus
1612 717 1736 781 quo
1754 718 1870 781 ego
1888 699 2103 779 judico

535 795 789 857 Petrum
820 794 969 855 mihi
998 794 1192 874 loqui,
1218 810 1342 854 non
1368 799 1464 855 est
1487 812 1780 855 assensus
1810 794 2105 855 humanae

534 888 705 963 fidei,
736 886 847 951 sed
874 888 1201 969 cujusdam
1232 888 1535 949 evidentis
1562 886 1961 967 experientiae
1983 907 1996 948 :
2020 888 2108 949 ita

536 1000 687 1059 ergo
718 989 813 1043 est
838 988 988 1045 tunc
1018 981 1083 1043 in
1116 980 1239 1045 fide
1270 980 1503 1045 divina.

620 1076 717 1137 19.
767 1074 1050 1140 Secunda
1084 1077 1365 1151 assertfo,
1393 1076 1576 1157 fidem
1624 1094 1744 1137 non
1774 1092 1951 1159 posse
1981 1074 2106 1139 niti

535 1169 605 1231 in
660 1170 887 1233 notitia
937 1170 1108 1233 clara
1162 1169 1549 1233 revelationis
1600 1170 1827 1233 divinae
1881 1187 1994 1250 per
2047 1186 2110 1233 se

534 1262 1237 1345 loquenda—Probatur
1289 1262 1523 1345 quando
1570 1263 1797 1326 notitia
1847 1267 1938 1325 est
1981 1266 2111 1325 tota

537 1354 728 1423 clara.
773 1357 902 1420 sice
942 1362 1070 1421 tota
1116 1357 1205 1420 sit
1248 1356 1826 1421 naturalia—Sive
1872 1356 2111 1439 partim

536 1450 869 1525 naturalis,
936 1451 1175 1532 partim
1232 1451 1746 1531 supernaturalis.
1810 1482 1893 1496 —
1961 1450 2108 1511 Dico

536 1541 813 1605 secundo
866 1563 879 1604 :
946 1561 1242 1605 assensus
1295 1543 1441 1603 fidei
1501 1560 1831 1623 nunquam
1906 1547 2112 1621 potest

537 1656 651 1717 per
696 1655 763 1697 se
814 1655 887 1697 ae
941 1636 1285 1697 formaliter
1334 1634 1586 1697 fundari
1640 1636 1706 1697 in
1752 1635 2109 1717 cognitione

540 1730 826 1793 evidente
867 1728 1269 1792 revelationis
1290 1778 1307 1805 ,
1374 1730 1546 1809 quod
1597 1748 1634 1790 a
1689 1730 1815 1791 Deo
1874 1730 1974 1790 sit.
2039 1730 2107 1791 In

536 1824 657 1887 hoc
704 1843 895 1885 sensu
944 1823 1225 1905 approbo
1282 1825 1551 1902 primam
1593 1823 1991 1897 sententiam,
2045 1829 2108 1884 et

536 1917 841 1999 imprimis
870 1916 1172 1997 probatur
1206 1923 1420 1979 contra
1451 1916 1819 1989 secundam,
1850 1916 2106 1997 quando

536 2012 641 2072 illa
695 2010 820 2073 duo
859 2010 1199 2091 principia,
1242 2012 1406 2074 Deus
1448 2012 1600 2075 dicit
1646 2012 1791 2085 Ιιοσ,
1845 2017 1907 2073 et
1942 2012 2108 2075 Deus

535 2123 657 2167 non
721 2109 921 2185 potest
982 2105 1273 2177 mentiri,
1343 2103 1665 2167 evidenter
1720 2122 2110 2185 cognoscun-

537 2204 663 2273 tur,
700 2203 867 2260 etex
916 2196 976 2258 vi
1025 2197 1275 2259 illorum
1305 2198 1699 2259 concluditur
1737 2202 1797 2259 et
1838 2198 2114 2259 creditur

535 2310 757 2354 verum
786 2310 922 2353 esse
952 2291 1120 2371 quod
1152 2289 1410 2364 dicitur;
1466 2291 1568 2353 ille
1611 2292 1781 2353 enim
1813 2309 2108 2353 assensus

538 2386 618 2449 de
646 2385 907 2445 veritate
954 2384 1118 2445 illius
1167 2383 1311 2446 dicti
1344 2404 1468 2445 non
1519 2388 1725 2465 potest
1767 2402 1903 2445 esse
1932 2383 2103 2446 fidei.

541 2479 849 2541 Probatur
874 2482 1083 2539 autem
1108 2476 1335 2557 primo,
1364 2476 1619 2559 quando
1648 2476 1752 2537 illa
1785 2477 1911 2539 duo
1945 2478 2117 2557 prin-

540 2573 700 2653 cipia
726 2578 871 2633 sunt
917 2572 1227 2633 evidentia
1275 2571 1544 2633 naturali
1574 2571 1811 2633 lumine
1844 2578 1952 2632 aut
1992 2570 2118 2632 dis-

543 2685 753 2737 cursu,
803 2664 948 2745 quia
973 2671 1120 2729 tune
1166 2684 1460 2727 assensus
1510 2664 1602 2727 rei
1646 2663 1935 2725 revelatae
1989 2682 2118 2723 non

544 2759 786 2821 excedit
830 2758 1139 2833 ordinem,
1168 2757 1268 2819 vel
1307 2758 1743 2821 certitudinem
1782 2758 2119 2838 principio-

540 2870 713 2925 rum3
748 2870 896 2932 ergo
930 2857 1025 2913 est
1054 2858 1229 2913 actus
1266 2870 1439 2915 mere
1473 2850 1813 2923 naturalis;
1846 2868 1993 2911 nam
2020 2869 2120 2910 co·

543 2945 737 3027 gnitio
794 2944 1053 3007 evidens
1110 2946 1555 3025 principiorum
1616 2944 1749 3005 sola
1807 2944 2120 3005 evidentia

540 3038 810 3101 naturali
864 3039 1165 3099 naturalis
1217 3045 1330 3113 est,
1386 3043 1448 3101 et
1498 3056 1625 3099 non
1674 3042 1878 3117 potest
1926 3038 2121 3116 majo·

543 3152 677 3194 rem
702 3133 1138 3196 certitudinem
1169 3151 1453 3207 causare,
1489 3151 1683 3213 quam
1708 3131 2062 3193 naturalem
2095 3149 2112 3205 ;

545 3246 697 3309 ergo
749 3245 1043 3289 assensus
1075 3226 1515 3300 conclusionis,
1546 3226 1651 3307 qui
1683 3244 1796 3306 per
1828 3244 1894 3287 se
1930 3224 2122 3286 effici-

546 3328 648 3383 tur
677 3340 753 3383 ex
780 3319 1088 3383 vitalium
1108 3320 1554 3401 principiorum
1582 3319 1665 3381 ita
1695 3318 2116 3401 cognitorum,

546 3434 675 3489 non
714 3421 919 3494 potest
952 3434 1091 3476 esse
1122 3434 1417 3477 assensus
1464 3412 1635 3485 fidei,
1668 3412 1778 3493 qui
1807 3431 2118 3493 superna-

542 3508 763 3570 turalis
797 3514 859 3570 et
886 3526 998 3589 per
1045 3528 1113 3570 se
1140 3508 1383 3569 infusus
1413 3514 1528 3571 est.
1577 3510 1650 3569 Et
1680 3506 1799 3571 hoc
1824 3506 2026 3586 magis
2056 3511 2117 3567 ct

547 3620 585 3663 a
610 3598 845 3663 fortiori
875 3602 1343 3663 confirmabitur
1370 3620 1446 3662 ex
1470 3600 1750 3666 dicendis
1780 3600 1843 3661 in
1864 3618 2110 3663 numer.

545 3696 646 3755 22.
683 3692 857 3756 Addo
882 3713 1029 3756 vero
1060 3695 1222 3755 hanc
1250 3694 1559 3757 rationem
1588 3713 1715 3755 non
1743 3693 1950 3755 minus
1969 3682 2116 3771 pro-

544 3788 720 3862 bare,
750 3787 993 3849 etiamsi
1019 3787 1283 3848 alterum
1313 3806 1388 3848 ex
1420 3787 1538 3847 illis
1572 3784 1911 3865 principiiS,
1940 3782 2114 3845 verbi

549 3882 770 3964 gratia,
808 3883 996 3946 Deum
1028 3883 1243 3954 dicere,
1270 3880 1379 3941 fiat
1407 3878 1966 3961 supernaturaliter
1996 3877 2117 3941 evi·

552 3976 747 4048 dens;
781 3975 832 4036 si
861 3974 1149 4049 alterum,
1182 3974 1415 4035 scilieet
1448 3974 1637 4037 Deum
1672 3992 1798 4055 esse
1824 3991 2110 4049 veracem,

548 4075 902 4130 assumatur
926 4073 1163 4129 tantum
1181 4073 1247 4129 ut
1268 4068 1586 4147 cognitum
1606 4066 1917 4129 evidentia
1936 4072 2116 4127 natu-

546 4166 685 4241 rali,
718 4172 777 4228 et
808 4185 883 4227 ex
912 4172 1176 4247 utroque
1202 4172 1501 4245 tanquam
1528 4182 1605 4225 ex
1633 4183 1760 4226 una
1784 4182 1976 4225 causa
2004 4182 2118 4244 per

547 4280 638 4334 se,
669 4260 973 4323 inferatur
1001 4277 1297 4321 assensus
1340 4258 1614 4319 veritatis
1643 4256 1736 4319 rei
1778 4257 2109 4331 revelatae3

549 4354 695 4435 quia
740 4354 890 4415 tunc
945 4352 1131 4414 etiam
1186 4370 1481 4413 assensus
1531 4352 1946 4413 conclusionis
1987 4369 2115 4412 non

548 4446 792 4509 excedit
838 4444 1123 4507 ordinem
1173 4446 1549 4519 naturalem,
1606 4444 1889 4524 sequitur
1946 4444 2116 4503 enim

549 4540 918 4603 debiliorem
947 4544 1189 4619 partem
1222 4540 1708 4619 praemissarum,
1743 4543 1811 4599 ut
1855 4542 1949 4597 est
1979 4536 2118 4617 phi-

549 4632 955 4713 losophorum
1016 4633 1260 4693 axioma
1292 4678 1308 4705 ,
1370 4636 1430 4693 ct
1500 4630 1659 4691 infra
1720 4629 1799 4691 de
1853 4648 2118 4705 assensu

550 4726 926 4806 Theologico
974 4725 1234 4787 dicetur.
1288 4726 1363 4785 Et
1395 4724 1511 4785 hoc
1559 4724 1743 4787 etiam
1787 4722 2121 4804 probatum

553 4827 646 4883 est
681 4840 869 4899 supra
901 4825 1051 4882 sect.
1082 4822 1143 4893 6,
1179 4838 1323 4881 curn
1355 4818 1742 4882 ostendimus
1797 4819 2122 4879 veritatem

550 4916 841 4997 primam,
892 4922 957 4977 ut
1000 4914 1314 4995 cognitam
1345 4921 1585 4977 tantum
1628 4911 1896 4975 naturali
1938 4910 2124 4973 lumi-

553 5030 657 5085 ne,
706 5028 834 5071 non
863 5028 1049 5090 posse
1092 5027 1421 5071 assensum
1468 5007 1616 5071 fidei
1654 5006 1872 5069 infusae
1908 5025 2024 5089 per
2053 5025 2122 5067 se

550 5104 841 5165 fundare.

632 5200 732 5260 ΞΟ.
764 5196 916 5263 Sive
945 5202 1075 5263 tota
1094 5194 1913 5279 supernaturalis.—Prima
1932 5195 2116 5257 ratio.

553 5324 633 5337 —
660 5289 941 5357 Secunda
966 5292 1149 5355 ratio.
1190 5322 1270 5337 —-
1318 5289 1552 5353 Evasio
1580 5288 2009 5371 praecluditur.
2041 5318 2122 5333 —

554 5386 843 5449 Secundo
865 5386 1166 5465 probatur
1192 5384 1413 5447 eadem
1443 5384 1727 5457 assertio,
1752 5380 1997 5445 etiamsi
2018 5380 2122 5441 illa

555 5478 681 5541 duo
710 5478 1014 5560 principia
1052 5478 1409 5551 evidenter,
1464 5477 1774 5539 evidentia
1814 5474 2023 5537 infusa
2063 5479 2126 5536 et

555 5572 1040 5655 supernaturali,
1062 5578 1544 5653 cognoscantur,
1571 5570 1658 5632 ita
1688 5575 1755 5634 ut
1772 5568 2126 5631 intellectus

1014 411 1252 464 ntsrnr.
1284 412 1368 463 lll.
1409 412 1486 465 DE
1520 411 1782 463 onmem
1819 410 2090 462 Faustam
2127 411 2308 470 Ftnm.
2348 412 2424 465 ΕΤ
2457 408 2749 475 QUOMODO
2785 409 2866 459 An
2900 408 3102 469 ILLUD,
3126 408 3255 461 Ere.

2187 520 2332 576 actu
2359 520 2695 593 utrumque
2725 510 2935 573 videat
2979 529 3091 591 per
3125 498 3333 573 lumen
3359 512 3592 577 infusum
3627 526 3672 583 ct

2189 606 2691 687 supernaturale.
2751 604 2904 678 Quia
2945 610 3093 665 tunc
3138 623 3418 667 assensus
3454 608 3672 675 veritatis

2186 701 2476 763 revelatae
2517 698 2786 761 habetur
2830 717 2906 760 ex
2937 697 2996 758 vi
3043 702 3105 759 et
3148 698 3410 759 efficacia
3449 701 3674 779 ejusdcm

2187 795 2462 871 luminiS,
2491 812 2604 875 per
2630 794 2802 875 quod
2825 792 3114 855 videntur
3141 792 3241 853 illa
3275 793 3543 875 principia
3565 816 3578 869 ;
3607 817 3678 859 er·

2189 909 2269 969 go
2297 889 2400 953 ille
2427 908 2721 951 assensus
2758 907 2883 949 non
2916 892 3120 967 potest
3153 905 3289 949 esse
3317 886 3474 963 fidei,
3502 892 3592 950 sed
3614 892 3678 952 al·

2187 984 2381 1045 terius
2407 982 2670 1065 speciei,
2703 982 2947 1043 etiamsi
2982 985 3242 1061 uterque
3273 982 3348 1041 sit
3375 992 3679 1061 supernatu-

2186 1076 2355 1139 ralis·
2401 1076 2797 1139 Antecedens
2843 1076 3089 1139 videtur
3125 1075 3536 1151 manifestum,
3573 1080 3678 1157 quia

2190 1170 2490 1250 principia
2522 1170 2843 1233 evidenter
2871 1168 3114 1249 cognita
3137 1214 3156 1242 ,
3192 1186 3318 1229 non
3348 1169 3532 1229 solum
3556 1172 3682 1232 suffi-

2191 1264 2360 1325 ciunt
2387 1261 2467 1324 ad
2499 1263 2896 1325 efficiendum
2921 1280 3246 1325 assensum
3273 1260 3386 1323 sibi
3407 1264 3682 1343 proportio·

2191 1362 2432 1429 natum,
2465 1356 2578 1419 sed
2607 1357 2796 1418 etiam
2827 1356 3206 1417 necessitant
3233 1354 3602 1431 intellectum,
3632 1376 3684 1419 ex

2191 1450 2251 1511 vi
2281 1450 2375 1511 sui
2406 1450 2659 1511 luminis
2681 1496 2696 1523 ,
2742 1448 2822 1511 ad
2853 1448 3216 1529 hujusmodi
3247 1466 3550 1509 assensum
3573 1468 3686 1527 prae·

2193 1545 2521 1619 standum;
2571 1562 2720 1625 ergo
2763 1542 2835 1605 fit
2871 1542 2974 1604 ille
3017 1560 3315 1603 assensus
3355 1560 3428 1601 ex
3474 1540 3685 1603 efficacia

2193 1638 2482 1719 ejusdem
2507 1637 2760 1699 luminis
2779 1683 2798 1713 ,
2835 1643 2896 1697 et
2927 1635 3252 1715 aequaliter
3283 1632 3472 1707 fieret,
3501 1635 3688 1699 etiamsi

2191 1733 2256 1795 in
2285 1732 2606 1795 intellectu
2637 1750 2766 1793 non
2799 1736 2964 1792 esset
3000 1728 3170 1790 aliud
3206 1729 3418 1789 lumen
3455 1728 3578 1791 fidei
3605 1730 3688 1791 dis-

2189 1826 2476 1889 tinctum.
2527 1826 2732 1887 Prima
2761 1844 2908 1885 vero
2939 1822 3388 1903 consequentia
3421 1822 3685 1901 probatur,

2190 1921 2337 2001 quia
2371 1918 2772 1981 illudlumen
2806 1918 3078 1979 infusum
3125 1917 3283 1978 dans
3319 1921 3690 1995 supernatura-

2189 2013 2318 2075 lem
2346 2012 2722 2075 evidentiam
2745 2012 2994 2071 illorum
3013 2009 3479 2091 principiorum,
3495 2015 3574 2071 est
3593 2030 3690 2089 spe·

2196 2106 2290 2168 cie
2321 2106 2681 2169 distinctum
2705 2124 2741 2167 a
2767 2105 3004 2169 lumine
3025 2104 3198 2177 fidei,
3217 2110 3286 2164 ut
3306 2102 3600 2165 manifeste
3615 2124 3692 2183 pa-

2193 2206 2284 2265 tet
2311 2221 2384 2263 cx
2415 2202 2618 2283 prima
2647 2201 3014 2273 assertione,
3048 2200 3197 2277 quia
3233 2216 3515 2259 assensus
3541 2216 3690 2277 perse

2195 2296 2476 2369 evidenS,
2517 2293 2864 2375 praesertim
2903 2292 3216 2355 evidentia
3261 2292 3594 2363 scientifica,
3621 2299 3692 2351 aut

2198 2388 2694 2469 experimentali,
2720 2392 2782 2449 et
2812 2387 2991 2467 quasi
3020 2386 3304 2449 intuitiva
3332 2386 3442 2459 rei,
3461 2404 3558 2446 seu
3574 2386 3694 2464 priu-

2197 2482 2339 2561 cipii
2369 2481 2622 2561 cogniti,
2653 2499 2784 2541 non
2817 2486 3022 2561 potest
3063 2500 3201 2543 esse
3247 2500 3286 2541 a
3327 2481 3545 2541 lumine
3571 2478 3691 2549 fidei,

2198 2576 2344 2655 quia
2359 2594 2484 2637 non
2506 2575 2804 2637 fundatur
2819 2575 2880 2636 in
2905 2576 3276 2637 auctoritate
3300 2574 3574 2646 dicentis;
3598 2572 3696 2635 talis

2199 2675 2409 2731 autem
2446 2674 2540 2731 est
2567 2668 2879 2729 evidentia
2910 2669 3158 2729 illorum
3194 2668 3628 2750 principiorum,
3652 2670 3696 2724 ut

2201 2763 2350 2823 satis
2389 2762 2774 2825 declaratum
2811 2766 2904 2824 est
2939 2782 2952 2825 :
2995 2781 3138 2824 curn
3166 2781 3320 2843 ergo
3351 2780 3612 2823 assensus
3637 2760 3698 2819 rei

2201 2856 2489 2918 revelatas
2521 2862 2668 2917 tune
2697 2856 2774 2917 sit
2802 2856 2882 2917 ab
2912 2856 3017 2917 illo
3037 2855 3278 2917 lumine
3313 2854 3594 2923 evidente,
3617 2872 3695 2911 ne-

2201 2949 2470 3011 cessario
2514 2949 2701 3011 debet
2737 2950 3036 3029 distingui
3064 2949 3144 3011 ab
3179 2968 3444 3009 assensu
3479 2947 3618 3009 fidei.
3651 2946 3700 3005 Et

2195 3044 2374 3124 juxta
2403 3043 2528 3105 vim
2553 3044 2740 3121 hujus
2763 3043 3042 3117 rationiS,
3077 3048 3173 3103 est
3198 3042 3387 3103 etiam
3414 3042 3612 3121 optima
3628 3039 3698 3097 illa

2201 3137 2358 3199 ratio
2393 3154 2584 3215 supra
2617 3143 2806 3211 tacta,
2849 3136 3018 3215 quod
3053 3154 3356 3197 assensus
3393 3133 3489 3195 ille
3517 3139 3594 3193 est
3618 3130 3700 3191 evi·

2201 3231 2385 3303 dens,
2431 3248 2577 3289 cum
2609 3228 2891 3289 eliciatur
2922 3248 2998 3289 ex
3028 3229 3278 3291 duobus
3304 3226 3596 3309 principiis
3618 3224 3701 3285 evi·

2201 3323 2496 3385 dentibus
2538 3340 2551 3381 :
2603 3341 2900 3383 assensus
2945 3329 3158 3383 autem
3201 3322 3354 3383 fidei
3393 3340 3513 3383 non
3553 3322 3702 3399 potest

2199 3436 2338 3477 esse
2381 3416 2672 3489 evidenS,
2721 3422 2786 3477 ut
2829 3416 2892 3475 in
2927 3417 3128 3497 prima
3165 3416 3508 3479 assertione
3535 3412 3703 3493 proha-

2197 3516 2332 3571 tum
2377 3516 2491 3573 est.
2540 3510 2767 3571 Dicunt
2801 3528 2946 3571 vero
2987 3510 3215 3589 aliqui,
3261 3528 3342 3571 ex
3367 3508 3424 3569 vi
3452 3508 3594 3567 illius
3617 3505 3704 3565 dis·

2198 3622 2416 3666 cursus
2443 3604 2646 3665 solum
2677 3602 2891 3663 inferri
2920 3602 3392 3665 conclusionem
3420 3600 3703 3662 evidentem

2198 3700 2266 3763 de
2293 3699 2484 3769 moda,
2529 3716 2660 3757 uon
2689 3703 2902 3757 autem
2933 3698 3001 3759 da
3025 3697 3217 3767 dict03
3258 3695 3322 3757 id
3357 3698 3470 3767 est,
3511 3691 3706 3754 eviden-

2197 3797 2294 3854 ter
2335 3790 2548 3853 interri
2577 3837 2594 3864 ,
2635 3790 2808 3851 verbi
2853 3790 3096 3871 gratia,
3156 3790 3378 3855 Verum
3419 3805 3533 3850 esse
3568 3786 3706 3848 Dewn

2199 3904 2322 3949 esse
2345 3886 2578 3947 trinum
2605 3888 2662 3945 ct
2700 3902 2936 3956 unum;
2979 3902 3108 3944 non
3147 3889 3364 3943 autem
3405 3879 3594 3941 inferri
3620 3876 3709 3936 exfi-

2201 3978 2423 4039 denter
2443 4023 2458 4051 ,
2507 3978 2702 4041 Deum
2731 3995 2856 4039 esse
2885 3978 3117 4039 trinum
3149 3982 3203 4039 et
3232 3994 3416 4039 unum
3437 4000 3462 4048 ;
3501 3972 3597 4035 sed
3624 3972 3707 4029 hoc

2197 4070 2486 4133 frivolum
2535 4081 2652 4143 est,
2704 4076 2838 4131 tum
2871 4069 3016 4151 quia
3047 4088 3346 4131 assensus
3377 4066 3626 4137 evidenS,
3656 4062 3709 4121 de

2199 4182 2594 4245 quacumque
2629 4181 2697 4225 re
2741 4163 2841 4239 sit,
2884 4181 3012 4223 non
3050 4168 3254 4243 potest
3297 4180 3432 4225 esse
3473 4174 3710 4221 assensus

2197 4257 2386 4331 fidei;
2438 4264 2570 4317 tum
2612 4256 2798 4318 etiam
2831 4256 2976 4335 quia
3007 4256 3112 4317 illa
3150 4255 3303 4329 duo,
3347 4254 3584 4325 scilicet,
3631 4250 3710 4313 Vc·

2197 4370 2336 4414 rum
2373 4369 2497 4415 esse
2525 4352 2660 4425 Ιιοσ,
2699 4356 2830 4426 ant,
2880 4352 2990 4415 Ita
3013 4368 3160 4422 esse,
3205 4350 3267 4411 in
3306 4368 3376 4411 re
3403 4348 3556 4409 idem
3583 4350 3706 4410 sunt,

2199 4445 2528 4524 solumque
2550 4444 3020 4523 distinguuntur
3049 4448 3261 4505 nostro
3289 4442 3476 4503 modo
3503 4442 3710 4517 loquen-

2197 4537 2261 4599 di
2293 4542 2353 4599 et
2376 4535 2788 4617 concipiendi.
2823 4538 2898 4597 Et
2921 4541 3228 4617 praeterea
3256 4554 3334 4599 ex
3359 4554 3482 4597 uno
3511 4531 3710 4595 eviden-

2200 4636 2298 4693 ter
2334 4629 2600 4692 intertur
2638 4630 2844 4702 aliud;
2900 4648 3050 4691 nam
3085 4631 3136 4691 si
3171 4648 3391 4691 verum
3432 4632 3518 4689 est
3549 4624 3710 4685 dicere

2201 4725 2394 4787 Deum
2419 4742 2544 4787 esse
2570 4725 2828 4799 trinum,
2867 4742 3016 4805 ergo
3043 4725 3209 4785 Deus
3239 4730 3333 4785 est
3363 4722 3580 4797 trinus3
3611 4719 3710 4777 ha‘c

2204 4819 2373 4878 enim
2397 4818 2593 4878 illatio
2628 4818 2884 4881 evidens
2918 4824 3012 4879 est
3046 4838 3060 4891 ;
3113 4836 3262 4899 ergo
3297 4817 3346 4877 si
3385 4812 3712 4876 antecedens

2205 4916 2301 4973 est
2333 4911 2612 4985 evidenS,
2645 4912 2834 4973 etiam
2863 4910 3203 4973 conclusi0.

2283 5007 2382 5067 ⁸21.
2436 5005 2651 5069 ,Tertia
2685 5006 2870 5069 ratio.
2903 5037 2985 5052 —-
3017 5002 3406 5079 Quorundam
3433 4998 3708 5085 responsio.

2200 5130 2282 5143 -
2299 5100 2648 5177 Refellitur.
2667 5131 2748 5144 —-
2766 5099 2998 5171 Quarta
3021 5100 3207 5163 ratio.
3221 5100 3506 5176 -Atque
3534 5092 3711 5155 eodem

2202 5191 2332 5253 fere
2371 5192 2554 5253 modo
2600 5198 2693 5253 est
2722 5193 2942 5255 efficax
2969 5192 3076 5253 illa
3104 5193 3298 5265 ratio,
3337 5189 3500 5270 quod
3525 5187 3612 5249 illc
3640 5202 3714 5243 as-

2205 5302 2425 5347 sensus
2451 5292 2544 5345 est
2565 5286 2647 5345 ab
2671 5284 3006 5346 intrinseco
3036 5284 3444 5357 necessarius,
3469 5294 3714 5343 assensus

2205 5384 2416 5439 autem
2445 5376 2590 5441 fidei
2621 5398 2752 5439 non
2782 5384 2988 5457 potest
3017 5397 3155 5439 esse
3186 5378 3257 5442 ab
3298 5376 3602 5441 intrinseco
3631 5386 3714 5429 ne-

2207 5471 2532 5533 cessarius.
2579 5473 2796 5550 Neque
2840 5470 3106 5533 evitatur
3143 5470 3412 5533 efficacia
3439 5468 3605 5549 hujus
3631 5482 3709 5523 ra-

2206 5565 2414 5640 tioniS,
2469 5564 2734 5628 dicendo
2784 5565 3136 5627 libertatem
3187 5566 3287 5627 vel
3328 5560 3708 5625 necessitatem
