3900 6217
1617 447 1800 499 tubex
1835 426 2065 498 uatium.

223 556 273 601 s.
312 549 712 602 catholicorum
739 554 1028 617 martyrum
1059 549 1352 616 peculiares
1375 548 1787 604 circumstantiae

287 625 676 691 expenduntur,
702 624 830 680 ibid.

916 759 1094 796 uun.

223 865 270 912 1.
298 858 458 912 Hater
490 870 558 912 an
580 857 751 923 possit
775 857 849 911 uti
879 858 1146 912 medicina
1166 871 1272 924 qua
1293 858 1426 911 sciat
1460 858 1785 912 interficien-

287 935 412 988 dam
438 934 666 1001 prolem,
699 941 845 987 tract.
873 940 921 995 3,
957 935 1095 1000 disp.
1124 939 1202 993 13,
1229 941 1358 987 sect.
1389 938 1437 995 ’1,
1466 947 1519 986 ιι.
1544 938 1603 986 18
1627 940 1680 986 et
1708 937 1786 988 19.

215 1017 268 1066 2.
306 1013 481 1076 Mater,
514 1011 638 1064 vide
661 1025 948 1065 canu-uis
970 1027 1115 1076 οιιυο,
1152 1026 1204 1064 n.
1239 1017 1302 1064 22
1339 1019 1392 1064 et
1420 1016 1500 1065 29.

903 1145 1113 1183 inmun.

223 1245 275 1294 1.
305 1239 471 1294 Media
499 1240 713 1293 interna
743 1239 811 1291 ad
840 1239 1062 1292 salutem
1085 1241 1388 1293 necessaria
1416 1240 1469 1292 in
1499 1253 1608 1308 quo
1637 1239 1788 1294 diffe-

288 1323 406 1370 rant
434 1317 502 1368 ab
521 1317 772 1378 externiS,
797 1322 946 1369 tract.
975 1320 1021 1378 1,
1053 1315 1191 1382 disp.
1217 1321 1296 1379 12,
1325 1323 1453 1370 sect.
1476 1321 1528 1380 2,
1561 1330 1612 1368 ιι.
1643 1321 1720 1370 11.

220 1401 272 1447 2.
307 1394 476 1447 Media
505 1394 810 1448 necessaria
842 1393 906 1446 ad
939 1395 1196 1458 satutem,
1231 1395 1352 1447 vide
1391 1409 1520 1446 rinei
1561 1409 1787 1448 secessi-

286 1484 388 1522 us.

221 1553 276 1599 3.
311 1546 461 1600 Medii
490 1545 797 1605 necessitas,
823 1545 942 1600 vide
967 1559 1250 1598 necessu-As
1280 1560 1444 1597 ιιιιυιι.

221 1627 252 1675 4
289 1619 515 1674 Medium
555 1621 901 1673 scientificum
927 1627 977 1673 et
1001 1621 1235 1672 medium
1271 1622 1340 1673 de
1361 1621 1466 1672 fide
1503 1633 1572 1673 an
1618 1633 1784 1674 unum

288 1704 462 1752 actum
494 1696 784 1766 aliquando
807 1694 1038 1759 eliciant,
1065 1697 1186 1750 vide
1212 1712 1340 1749 eiust
1367 1711 1536 1760 Actus,
1566 1709 1618 1748 n.
1645 1700 1722 1747 11.

847 1827 1062 1866 unt-macl
1068 1830 1152 1866 [ΙΙ.

222 1929 252 1975 1
287 1923 616 1976 Mendacium
639 1921 780 1975 aliud
808 1922 1096 1982 materiale,
1121 1921 1266 1975 aliud
1296 1921 1537 1984 formale,
1562 1929 1711 1975 tract.
1739 1927 1786 1986 1,

289 2001 427 2066 disp.
455 2006 502 2058 3,
531 2007 659 2052 sect.
696 2005 742 2061 5,
781 2011 831 2050 ιι.
865 2003 914 2050 1.

221 2081 272 2129 2.
309 2075 612 2128 mendacem
641 2087 781 2139 saepe
813 2073 976 2127 fuisse
1000 2076 1186 2138 Deum,
1230 2087 1381 2128 error
1411 2072 1788 2128 priscillianis—

289 2160 482 2214 tarum,
509 2166 560 2204 n.
589 2155 636 2203 2.

224 2233 272 2282 3.
309 2227 513 2281 Mentiri
547 2239 705 2294 posse
739 2228 903 2279 Deum
933 2227 1000 2279 de
1031 2227 1264 2292 potentia
1288 2225 1532 2278 absoluta
1563 2226 1656 2291 qui
1685 2225 1783 2278 Ca-

290 2303 473 2356 tholici
497 2301 743 2362 dixerint,
767 2314 819 2354 n.
845 2308 893 2352 3.

226 2385 272 2432 4.
311 2378 514 2430 Mentiri
544 2390 651 2431 non
680 2390 838 2443 posse
865 2381 1026 2430 Deum
1057 2377 1138 2429 vel
1169 2375 1236 2430 de
1266 2378 1500 2443 potentia
1521 2377 1785 2436 absoluta,

291 2456 396 2508 tide
431 2461 658 2514 constat,
689 2454 894 2518 ibid.,a
918 2467 1064 2506 num.
1089 2458 1136 2505 6.
1587 2492 1598 2498 .

226 2537 273 2585 6.
311 2533 476 2584 Deum
511 2544 618 2584 non
643 2531 817 2584 solum
857 2528 1192 2592 affirmandO,
1215 2529 1308 2582 sed
1342 2542 1440 2582 nec
1471 2528 1790 2595 promitten-

289 2608 360 2660 do
394 2608 604 2659 mentiri
641 2619 820 2672 posse,
849 2607 981 2659 fides
1003 2605 1178 2666 docet,
1208 2619 1260 2658 n.
1287 2611 1346 2658 1ο
1367 2611 1422 2658 et
1449 2610 1525 2657 1-1.

223 2691 254 2740 6
293 2685 619 2738 Mendacium
655 2689 737 2738 est
780 2683 1068 2736 intrinsece
1097 2683 1314 2746 malum,
1349 2695 1448 2736 nec
1483 2682 1594 2735 ullo
1635 2681 1786 2735 bono

289 2762 398 2814 tine
424 2760 760 2814 cohonestari
793 2766 984 2826 potest,
1007 2773 1060 2810 n.
1085 2765 1132 2810 8.

755 2889 944 2929 fleeces
959 2916 970 2938 ‚
1001 2887 1262 2927 ιιιιιιιιτιιικ.

226 2999 273 3046 1.
313 2993 566 3046 mercedis
614 2993 926 3058 temporalis
983 2991 1172 3044 intuitu
1226 3003 1294 3042 an
1344 2989 1498 3042 liceat
1541 3001 1788 3042 exercere

289 3083 452 3133 opera
477 3069 702 3126 virtutis.
734 3068 856 3122 vide
879 3081 1018 3120 orus.

222 3152 272 3198 2.
311 3145 672 3198 meretricibus
703 3143 924 3197 domum
967 3145 1140 3195 locare
1183 3155 1251 3194 an
1283 3142 1454 3204 liceat,
1479 3141 1600 3194 vide
1637 3153 1790 3193 scim-

288 3236 470 3282 ωωιι,
499 3235 550 3273 n.
580 3226 658 3276 15.
1187 3234 1194 3240 ·

932 3351 1092 3389 uites,

223 3451 274 3498 1.
311 3445 496 3499 Milites
521 3444 717 3498 subditi
749 3452 800 3497 ct
824 3444 1152 3510 stipendiarii
1178 3443 1246 3496 ad
1280 3447 1531 3509 quantam
1567 3451 1790 3496 tenean-

291 3530 379 3574 tur
404 3520 798 3586 {certitudinem
846 3521 914 3573 de
964 3521 1164 3586 justitia
1195 3520 1321 3572 belli
1387 3527 1534 3574 tract.
1574 3525 1621 3580 3,
1648 3519 1784 3586 disp.

291 3602 372 3660 13,
411 3604 540 3651 sect.
563 3603 612 3658 6,
637 3611 670 3648 a
689 3611 740 3648 n.
767 3601 814 3648 8.

233 3681 284 3727 2.
321 3674 507 3726 Milites
539 3673 669 3726 nihil
721 3678 946 3739 possunt
973 3671 1040 3724 ab
1069 3671 1370 3738 hospitibus
1409 3685 1617 3736 capere,
1643 3673 1790 3738 quod

292 3763 400 3802 non
427 3750 497 3802 sit
527 3764 558 3802 a
590 3763 713 3816 rege
741 3748 1108 3812 constitutum,
1133 3756 1260 3800 sect.
1288 3753 1334 3811 7,
1361 3761 1412 3800 n.
1436 3753 1486 3798 2.

296 3829 342 3877 3.
379 3825 564 3878 milites
601 3830 873 3890 nequeunt
926 3824 1140 3890 propria
1164 3823 1476 3876 auctoritate¹
1510 3823 1784 3889 quidpiam

293 3915 484 3967 capere
517 3903 586 3953 ab
619 3902 882 3964 hostibus
916 3901 998 3955 vel
1033 3907 1174 3960 ante,
1215 3900 1297 3954 vel
1331 3899 1490 3952 etiam
1518 3905 1640 3964 post
1661 3913 1788 3965 par-

293 3985 402 4030 tam
433 3977 727 4039 victoriam,
755 3977 906 4039 ibid..
932 3991 984 4028 n.
1012 3982 1058 4028 7.

231 4059 282 4106 4.
317 4054 504 4107 milites
538 4061 784 4107 tenentur
812 4053 881 4106 ad
907 4061 1083 4107 actum
1117 4050 1463 4115 fortitudinis,
1491 4058 1543 4104 et
1580 4052 1648 4104 ad
1677 4065 1788 4105 uon

295 4129 626 4196 fugiendum,
661 4129 778 4182 ead.
814 4139 941 4182 sect.
965 4135 1012 4190 7,
1038 4144 1090 4182 n.
1113 4134 1160 4180 2.

295 4209 356 4259 Et
402 4213 551 4272 parta
597 4205 820 4258 victoria
864 4205 931 4256 ad
981 4206 1178 4270 ,iustam
1225 4207 1417 4272 praedae
1455 4204 1792 4257 distributio-

298 4296 440 4342 nem,
475 4282 603 4334 ibid.

297 4365 342 4411 6.
379 4357 576 4420 Militia,
663 4355 850 4418 ilitare,
873 4355 996 4410 vide
1014 4371 1222 4409 nestun.

859 4486 1162 4525 tumetium.

235 4594 282 4640 1.
317 4589 623 4642 Miraculum
652 4587 800 4654 quid,
827 4592 976 4640 tract.
1002 4591 1048 4651 1,
1086 4586 1226 4652 disp.
1250 4590 1296 4646 4,
1317 4593 1447 4640 sect.
1471 4591 1522 4648 3,
1548 4600 1600 4639 ιι.
1627 4592 1675 4638 8.

233 4669 282 4716 2.
323 4665 438 4717 Veri
468 4664 706 4717 miraculi
741 4663 936 4716 indicia
963 4669 1209 4728 quatuor.
1237 4660 1451 4720 ibidem.
1475 4677 1527 4715 n.
1556 4668 1584 4714 9

235 4746 282 4792 3.
320 4746 399 4793 An
429 4751 479 4794 et
505 4753 624 4806 quae
653 4740 911 4792 miracula
937 4753 1032 4805 per
1059 4739 1229 4791 malos
1261 4737 1508 4790 homines
1529 4740 1666 4790 Deus
1691 4737 1792 4790 ali-

299 4818 514 4882 quando
545 4825 812 4882 operetur,
838 4829 891 4868 n.
915 4821 996 4867 16.

233 4898 284 4946 4.
322 4893 569 4946 llliracula
607 4892 676 4944 ab
716 4891 979 4946 haereticis
1014 4889 1262 4952 conficta,
1301 4895 1448 4942 tract.
1496 4891 1546 4951 i,
1581 4889 1719 4954 disp.
1744 4894 1792 4950 4,

298 4975 410 5022 sect
455 4973 501 5032 4,
529 4982 580 5020 ιι.
609 4973 685 5018 15.

233 5050 284 5096 5.
323 5045 381 5095 ln
416 5043 559 5095 omni
587 5043 909 5095 miraculoso
942 5055 1104 5106 opere
1140 5041 1300 5096 debet
1326 5039 1654 5092 intercedere
1675 5051 1797 5091 cre-

299 5119 494 5172 dulitas
522 5119 588 5171 de
621 5119 1010 5183 omnipotentia
1030 5118 1120 5170 Dei
1158 5124 1211 5168 et
1245 5116 1463 5169 veritate
1485 5115 1797 5180 promissio-

303 5207 425 5246 nem
456 5196 590 5258 ejus,
615 5200 821 5247 tractat.
858 5197 906 5253 1,
935 5193 1077 5258 disp.
1112 5197 1157 5244 8.
1184 5199 1311 5245 sect.
1344 5197 1393 5252 1,
1416 5204 1466 5242 n.
1498 5193 1546 5244 4.

298 5271 360 5322 Et
387 5270 582 5322 fiducia
611 5270 667 5321 in
696 5269 969 5322 voluntate
997 5269 1064 5322 de
1092 5281 1256 5334 opere
1286 5266 1564 5333 patrando,
1596 5265 1724 5320 ibid.

236 5351 284 5397 6.
323 5350 402 5398 An
434 5346 590 5398 etiarn
627 5353 684 5398 ut
715 5353 862 5398 certo
909 5337 1030 5410 'quis
1059 5344 1240 5397 credat
1265 5343 1311 5394 si
1343 5343 1445 5396 tale
1479 5343 1795 5394 miraculum

299 5421 634 5481 effecturum,
661 5434 717 5471 n.
741 5427 788 5470 5.

239 5503 286 5550 7.
323 5497 476 5550 Fides
494 5497 559 5548 ad
580 5496 898 5560 patrandum
917 5495 1230 5548 miraculum
1254 5493 1508 5562 requisita
1521 5499 1602 5545 est
1620 5492 1799 5557 quoad

301 5572 654 5623 substantiam
697 5579 846 5623 actus
877 5571 1152 5623 catholicae
1189 5569 1328 5630 fidei,
1366 5576 1419 5621 et
1458 5570 1629 5621 solum
1657 5568 1798 5623 acei-

303 5648 590 5701 dentaliter
611 5646 840 5711 diversa,
869 5646 1020 5709 ibid„
1049 5659 1101 5697 n.
1128 5651 1157 5697 6
1185 5652 1237 5698 et
1259 5657 1412 5711 seqq.

3308 432 3427 497 780

1868 554 1913 602 8.
1955 551 2107 602 Fides
2130 549 2508 601 miraculorum
2530 547 2705 614 quoad
2726 548 3081 602 substantiam
3102 552 3185 601 cst
3215 546 3269 602 in
3297 557 3429 602 nos·

1931 633 2013 680 tra
2042 632 2316 695 potestate,
2343 625 2491 688 ibid„
2518 638 2573 678 n.
2601 630 2647 678 8.

2538 758 2733 798 utsnmA
2740 785 2751 796 .

1871 865 1919 913 1.
1956 860 2160 913 Miseria
2186 860 2316 926 quid
2340 859 2425 918 sit,
2458 865 2605 913 tract.
2640 861 2689 920 9,
2714 856 2853 921 disp.
2881 859 2928 908 4.
2961 859 3090 906 sect.
3116 857 3163 918 1,
3188 867 3243 906 u.
3270 859 3319 904 2.

1869 941 1918 988 2.
1955 937 2079 997 Quae
2134 935 2353 988 miseria
2402 935 2473 988 sit
2518 933 2787 1000 obiectum
2836 929 3059 986 formale
3125 930 3432 984 misericor-

1932 1011 2053 1076 diae,
2080 1012 2228 1074 ibid„
2254 1025 2308 1066 ιι.
2331 1016 2381 1064 2.

2462 1140 2827 1181 nisantcoabu.

1869 1249 1916 1298 1.
1951 1241 2309 1298 Misericordia
2328 1239 2459 1307 quid
2484 1239 2769 1306 significet,
2793 1241 2945 1292 tract.
2980 1242 3029 1301 a,
3051 1236 3106 1289 d.
3140 1239 3189 1299 4,
3218 1237 3349 1289 sect.
3380 1238 3429 1295 1,

1934 1335 1989 1373 ιι.
2018 1324 2065 1371 1.

1866 1402 1914 1450 2.
1951 1394 2307 1450 Misericordia
2330 1393 2472 1448 circa
2494 1407 2628 1459 quas
2650 1405 2909 1460 personas
2928 1395 3187 1451 versetur,
3212 1401 3266 1440 n.
3291 1391 3341 1440 2.

1867 1480 1916 1525 a.
1954 1478 2031 1525 An
2062 1485 2189 1539 erga
2212 1484 2311 1525 nos
2338 1477 2391 1523 et
2425 1478 2637 1523 nostros
2660 1470 2728 1522 sit
2761 1465 3146 1524 misericordia,
3180 1477 3232 1516 ιι.
3256 1468 3304 1515 4.

1871 1554 1916 1602 4.
1955 1549 2131 1612 Qualis
2154 1547 2369 1602 miseria
2408 1548 2476 1602 sit
2498 1547 2721 1600 materia
2746 1543 3149 1602 misericordiae,
3174 1541 3305 1593 ibid.

1869 1634 1918 1680 6.
1955 1626 2246 1680 Subvenire
2266 1625 2507 1689 proximo
2530 1625 2585 1678 in
2602 1635 2721 1676 esse
2742 1618 3065 1687 appetibilis,
3090 1624 3173 1670 est
3194 1614 3435 1680 proxima

1934 1703 2157 1757 materia
2186 1700 2589 1762 misericordiae,
2612 1713 2667 1753 ιι.
2705 1705 2751 1750 6.

1869 1785 1916 1831 6.
1951 1779 2032 1832 Ad
2066 1777 2485 1832 misericordiam
2516 1775 2790 1840 quomodo
2834 1776 3040 1838 spectet
3068 1772 3310 1822 mortuos
3352 1777 3435 1817 se-

1935 1857 2123 1922 pelire,
2150 1853 2280 1908 ibid.

1873 1939 1917 1986 7.
1955 1937 2113 1986 Actus
2164 1928 2545 1984 misericordiae
2587 1925 2782 1980 interni
2830 1924 2939 1978 duo
2976 1938 2988 1976 :
3026 1918 3331 1986 compassio
3378 1922 3435 1970 et

1931 2009 2181 2063 voluntas
2200 2005 2532 2067 sublevandi,
2566 2017 2619 2056 n.
2646 2008 2693 2055 6.

1933 2087 2059 2138 Uter
2081 2086 2244 2150 prior,
2272 2096 2323 2135 n.
2356 2088 2385 2134 6
2409 2089 2462 2134 et
2482 2086 2527 2134 7.

1869 2167 1916 2216 8.
1957 2159 2315 2214 Misericordia
2348 2158 2507 2212 etiam
2540 2157 2593 2209 in
2622 2155 2729 2210 Deo
2766 2161 2818 2209 et
2849 2155 2901 2206 in
2934 2151 3108 2206 Beatis
3150 2149 3435 2215 reperitur,

1935 2252 1990 2290 n.
2027 2242 2075 2289 8.

1869 2319 1915 2366 9.
1951 2312 2312 2367 Misericordia
2350 2310 2619 2378 praecipue
2657 2308 2859 2362 residet
2891 2306 2945 2358 in
2980 2304 3276 2362 voluntate,
3313 2297 3433 2352 ead.

1932 2390 2073 2454 disp.
2097 2391 2141 2450 4,
2166 2395 2292 2440 sect.
2319 2393 2367 2450 2,
2392 2401 2448 2440 ιι.
2472 2391 2520 2437 1.
3290 2428 3302 2441 ,

1873 2469 1931 2518 1ο
1988 2463 2349 2517 Misericordia
2374 2468 2455 2516 est
2485 2462 2659 2516 virtus
2696 2457 2945 2526 specialis
2972 2470 3006 2510 a
3031 2454 3291 2510 charitate
3322 2435 3435 2501 dis-

1937 2542 2115 2601 tincta,
2140 2539 2295 2598 ibid..
2322 2553 2377 2590 n.
2404 2543 2450 2590 4.

1934 2616 2209 2678 Quodnam
2249 2615 2365 2681 ejus
2396 2614 2664 2678 objectum
2696 2608 2940 2670 formale,
2967 2606 3099 2659 ibid.

1871 2697 1950 2745 11.
1988 2690 2359 2744 Misericordiae
2392 2689 2627 2742 charitas
2650 2685 2965 2751 simpliciter
3014 2678 3285 2748 praecellit,
3310 2676 3429 2732 ead.

1933 2769 2071 2834 disp.
2110 2772 2156 2828 4,
2180 2773 2307 2820 sect.
2337 2771 2386 2827 3,
2412 2779 2465 2818 n.
2492 2770 2539 2818 4.

1933 2846 2013 2896 An
2043 2844 2201 2896 etiam
2238 2842 2369 2894 fides
2400 2847 2449 2893 et
2474 2853 2619 2906 spes.
2648 2852 2701 2890 n.
2727 2842 2775 2890 5.

1870 2926 1946 2974 12.
1984 2917 2342 2972 Misericordia
2360 2915 2733 2981 charitatique
2758 2925 2919 2967 sensu
2949 2910 3191 2977 praeferat
3211 2909 3268 2959 Ι).
3294 2905 3430 2958 Tho·

1930 3011 2067 3054 mas.
2094 2995 2215 3048 eod.
2244 3009 2296 3046 ιι.
2322 3000 2368 3048 6.

1872 3077 1950 3126 ts.
1988 3069 2359 3124 misericordiae
2434 3079 2599 3136 opera
2664 3064 2936 3131 quomodo
3014 3060 3427 3128 praecipiantur.

1933 3154 2083 3200 tract.
2130 3151 2176 3208 a,
2212 3145 2351 3211 disp.
2394 3149 2441 3205 8,
2478 3143 2532 3197 in
2555 3141 2841 3203 Praeludio,
2867 3138 2990 3193 vide
3018 3147 3355 3196 ιιιιιιιιιοειιυ,
3380 3138 3435 3185 et

1933 3235 2202 3276 connectio
2225 3234 2493 3272 rursum.

2496 3348 2801 3390 tornacum.

1871 3452 1919 3498 1.
1954 3446 2350 3500 Μοιιειιειιίοιιπι
2384 3445 2582 3497 debere
2623 3457 2740 3497 esse
2768 3441 3015 3495 Ecclesiae
3051 3439 3289 3504 regimen
3326 3434 3429 3486 late

1933 3521 2246 3583 ostenditur,
2278 3527 2427 3573 tract.
2458 3525 2504 3579 1,
2528 3519 2665 3586 disp.
2692 3523 2739 3578 9,
2772 3525 2900 3571 sect.
2924 3521 2972 3579 6,
2997 3529 3027 3568 a
3052 3529 3106 3566 n.
3131 3517 3178 3567 7.

1871 3597 2147 3651 Contraria
2180 3596 2550 3649 haereticorum
2583 3594 2929 3648 fundamenta
2961 3592 3244 3645 solvuntur
3276 3585 3427 3638 latis-

1933 3675 2069 3739 siue,
2094 3689 2125 3727 a
2148 3688 2199 3726 n.
2225 3678 2277 3734 9,
2297 3673 2419 3727 the
2439 3673 2696 3734 Ecctssu,
2726 3678 2779 3724 et
2800 3671 2949 3724 Pan.

2580 3803 2705 3840 1018
2712 3829 2723 3841 .

1870 3901 1916 3950 1.
1954 3899 2133 3952 Mortis
2160 3910 2348 3964 poena,
2376 3910 2445 3950 an
2490 3902 2543 3949 et
2584 3897 2811 3962 qualiter
2852 3891 3117 3961 plectendi
3164 3886 3429 3951 haeretici,

1932 3975 2055 4028 vide
2084 3990 2231 4028 rmus
2260 3986 2634 4026 ιιειιιιτιοοιιιιι.

1870 4055 1920 4106 2.
1954 4050 2079 4102 Mori
2115 4063 2212 4116 pro
2240 4050 2407 4102 altero
2429 4049 2665 4114 proximo
2700 4061 2767 4100 an
2799 4047 2973 4110 liceat,
3004 4044 3125 4098 vide
3148 4055 3432 4099 canan-ms

1932 4140 2080 4179 cano.

1871 4207 1918 4254 3.
1956 4200 2134 4254 Mortis
2164 4198 2439 4260 articulus,
2472 4198 2593 4252 vide
2619 4212 2883 4251 auricomus
2909 4210 3105 4249 nosris.

1935 4276 2135 4339 Mulier,
2161 4274 2282 4329 vide
2310 4288 2619 4336 scamma,
2644 4287 2698 4325 n.
2730 4277 2807 4324 16.

2621 4426 2682 4500 Ν

2552 4577 2771 4616 nunu.

1876 4656 1921 4703 1.
1972 4653 2203 4704 Naaman
2240 4652 2431 4718 Syrus,
2467 4663 2536 4702 an
2573 4649 2871 4716 peccaverit
2908 4645 3257 4713 ingrediendo
3296 4653 3435 4697 tem-

1939 4730 2230 4793 plumeum
2258 4742 2379 4795 rege
2404 4729 2687 4782 adorature
2712 4726 3093 4781 idolum.traet.
3118 4729 3165 4787 1,
3184 4723 3323 4788 disp.
3352 4723 3432 4783 14,

1937 4809 2101 4875 secti
2133 4845 2145 4869 ,
2170 4820 2220 4858 u.
2256 4811 2304 4869 8,
2328 4814 2379 4860 et
2410 4813 2557 4859 tract.
2590 4810 2636 4865 3,
2668 4805 2863 4869 disput.
2894 4808 2972 4867 to,
3002 4809 3131 4856 sect.
3160 4805 3208 4863 3,
3242 4814 3294 4853 n.
3322 4805 3367 4850 6.

2510 4935 2808 4974 ΝΕΟΕΒΒΙΤΑΒ.

1879 5035 1928 5082 1.
1964 5030 2261 5084 Necessitas
2304 5030 2467 5083 medii
2512 5036 2566 5083 et
2606 5029 2853 5095 praecepti
2880 5068 2892 5090 ‚
2924 5029 2979 5080 in
3018 5041 3125 5094 quo
3167 5025 3433 5088 differant,

1942 5115 2147 5161 tractat.
2180 5112 2227 5166 1,
2254 5108 2450 5174 disput.
2485 5111 2563 5170 12,
2596 5107 2651 5158 in
2676 5105 2951 5171 praeludio.
2976 5117 3009 5156 a
3037 5118 3089 5156 n.
3116 5108 3163 5155 2.

1879 5189 1924 5234 2.
1962 5185 2255 5238 Necessitas
2274 5183 2435 5238 medii
2460 5196 2571 5237 non
2590 5195 2805 5248 semper
2819 5181 3097 5248 suppletur
3121 5185 3263 5241 voto,
3282 5177 3439 5240 ibid,

1966 5273 2019 5310 n.
2056 5266 2102 5313 5.

1879 5340 1926 5388 a.
1965 5335 2089 5397 Quae
2126 5335 2235 5387 sint
2272 5333 2540 5388 credenda
2580 5332 2896 5387 necessitate
2933 5329 3114 5392 medii,
3148 5327 3270 5382 vide
3308 5341 3439 5379 rinei

1940 5425 2245 5465 NECESSITAS.

1942 5488 2068 5549 Quae
2096 5487 2411 5540 necessitate
2435 5486 2702 5552 praecepti,
2728 5483 2849 5537 vide
2870 5499 3002 5536 rinei
3029 5496 3341 5534 asscensu.

1883 5567 1929 5615 4.
1966 5563 2261 5616 Necessitas
2308 5569 2543 5615 extrema
2601 5562 2685 5613 vel
2735 5560 2930 5628 gravis,
2966 5557 3181 5623 quando
3226 5557 3297 5610 sit
3346 5568 3441 5621 per

1946 5639 2343 5708 eleemosynam
2379 5637 2729 5698 sublevanda,
2754 5635 2876 5691 vide
2908 5647 3241 5690 atasnosnut.
