3900 6217
689 417 858 470 secr.
896 420 977 470 vi.
1013 418 1096 470 AN
1131 418 1442 470 eccrnsne
1473 416 1700 471 mins
1733 416 1904 470 unum
1937 416 2134 471 mun
2168 416 2428 469 visimus
2460 416 2682 480 cerer,
2719 416 2853 471 erc.
3240 410 3357 475 267

201 524 446 590 nonnihil
465 523 645 594 levat,
666 520 716 579 si
747 520 913 599 quod
942 526 1032 580 est
1059 538 1420 597 gravamen,
1455 518 1716 599 aliquid·
1795 536 1910 600 pro
1954 519 2311 581 diversitate
2344 524 2697 598 temporum
2744 518 3045 581 universae
3074 520 3362 585 Ecclesiae

1797 613 2215 673 necessarias?
2237 612 2329 673 Ad
2348 628 2536 692 quem
2564 610 2899 691 pertinebit
2924 613 3198 675 studium
3223 631 3362 694 pro-

201 638 297 702 que
323 614 612 699 appetitui
641 618 884 675 naturae
929 613 998 675 in
1040 613 1422 675 dominando
1457 612 1716 693 permit-

201 713 418 777 tendum
443 716 554 770 est.
1117 718 1120 725 '

263 808 347 867 12.
368 802 608 865 Accedit
627 803 878 865 secundo
895 802 1062 866 ratio
1078 803 1478 885 principalis,
1506 802 1720 866 Eccle-

201 902 288 963 siae
305 892 854 977 principatum⁹non
881 912 1006 957 esse
1035 896 1346 976 adoequate
1373 897 1444 958 in
1466 894 1720 977 quolibet

203 1012 226 1056 e
264 990 475 1053 multis.
511 1018 581 1033 -
603 988 909 1063 Secundo,
957 988 1382 1069 principaliter
1421 988 1722 1069 probatur

199 1084 466 1147 conclusio
491 1099 568 1142 ex
597 1081 848 1161 reipsa,
880 1088 944 1143 et
971 1082 1276 1161 regimine
1299 1082 1605 1159 Ecclesiae,
1647 1086 1720 1143 ut

197 1197 330 1240 nunc
353 1174 645 1256 procedit,
679 1175 1000 1236 evidenter
1024 1176 1406 1238 ostendendo
1427 1176 1563 1237 fieri
1589 1192 1717 1255 npn

197 1290 338 1353 posse
379 1274 451 1330 nt
497 1268 634 1329 hoec
685 1274 953 1347 potestas
996 1268 1364 1331 universalis
1415 1286 1544 1333 com
1553 1275 1720 1349 petat

193 1364 404 1437 multis;
441 1380 590 1423 nam
625 1362 724 1423 vel
749 1392 752 1399 ·
781 1362 874 1423 ita
917 1362 1134 1425 multis
1159 1362 1477 1443 competit,
1510 1374 1580 1423 ut
1607 1380 1719 1442 per

191 1458 304 1519 illos
349 1454 706 1517 immediate
765 1462 1126 1517 exerceatur
1143 1501 1160 1530 ,
1210 1455 1313 1517 vel
1361 1456 1449 1517 ita
1503 1462 1576 1517 ut
1623 1454 1718 1516 illi

193 1568 356 1613 unum
393 1550 626 1630 eligant
653 1596 676 1625 ,
713 1551 819 1612 cui
859 1550 1046 1613 talem
1089 1550 1412 1612 conferant
1453 1556 1719 1631 potesta·-

190 1653 312 1706 tcm.
341 1643 608 1705 Primum
639 1642 888 1707 duobus
915 1644 1118 1705 adhuc
1157 1642 1355 1703 modis
1383 1648 1586 1724 potest
1620 1644 1718 1703 in-

191 1736 394 1815 tellig-i:
430 1754 594 1797 unus
618 1741 736 1811 est,
774 1744 847 1797 ut
882 1736 1015 1798 haec
1039 1737 1316 1817 potentia
1345 1736 1712 1799 universalis

193 1832 260 1892 ita
299 1830 370 1891 sit
413 1830 480 1891 in
517 1829 838 1906 omnibus,
883 1837 958 1891 ut
992 1831 1073 1892 sit
1111 1831 1298 1891 etiam
1339 1830 1407 1891 in
1452 1830 1714 1908 singulis

191 1929 291 1984 tota
313 1945 328 1997 3
351 1930 412 1984 et
449 1922 570 1984 hoc
607 1922 798 2003 plane
836 1922 1062 1985 falsum
1093 1930 1189 1985 est
1224 1942 1242 2005 ς
1291 1924 1518 2004 primo,
1563 1924 1713 2005 qnia

191 2015 358 2077 nullus
375 2034 654 2095 uuquam
681 2016 806 2076 fnit
827 2018 894 2077 in
915 2017 1188 2079 Ecclesia
1215 2018 1534 2097 episcopus
1555 2036 1708 2097 prte-

189 2117 264 2170 ter
285 2109 646 2182 Romanum,
671 2109 754 2173 de
783 2128 906 2189 quo
939 2110 1108 2183 infra
1139 2110 1446 2186 dicemuS,
1479 2112 1580 2171 eui
1608 2111 1708 2172 vel

192 2209 532 2281 apparenter,
563 2202 672 2263 vel
703 2204 896 2265 etiam
945 2208 1314 2282 arroganter
1338 2203 1478 2265 talis
1520 2202 1708 2265 fuerit

191 2314 416 2375 unquam
443 2295 754 2358 attributa
781 2302 1070 2376 potestaS,
1105 2302 1171 2357 et
1197 2313 1322 2375 qua
1348 2296 1590 2358 ratione
1616 2297 1703 2359 al-

191 2389 280 2449 teri
301 2388 672 2451 tribueretur
699 2434 720 2467 ,
768 2390 984 2452 eadem
1028 2391 1318 2451 omnibus
1337 2436 1357 2465 ,
1397 2390 1496 2451 vel
1537 2397 1704 2451 certe

193 2482 381 2557 multis,
407 2481 504 2543 vel
525 2482 756 2544 saltem
781 2489 1049 2563 quatuor
1077 2485 1293 2563 primis
1312 2483 1704 2559 patriarchiS,

194 2575 276 2655 qni
298 2592 518 2656 semper
545 2576 616 2637 in
656 2577 932 2639 Ecclesia
965 2578 1296 2657 praecipuae
1323 2578 1522 2639 habiti
1563 2584 1710 2639 sunt

197 2669 480 2747 dignitatis,
499 2676 670 2731 esset
698 2669 1050 2747 tribuenda,
1073 2670 1240 2751 qnod
1267 2670 1452 2751 plane
1477 2670 1706 2733 falsum

201 2780 311 2839 csse,
335 2771 387 2825 ct
413 2780 520 2843 per
547 2782 620 2825 se
679 2770 942 2844 constat,
971 2772 1158 2846 atque
1199 2766 1391 2827 etiam
1433 2766 1710 2828 ostende·

205 2874 318 2917 mus.
341 2856 644 2933 Secundo,
691 2858 744 2919 si
785 2858 1140 2939 hujusmodi
1171 2865 1374 2923 essent
1400 2859 1584 2940 plura
1610 2878 1709 2921 ca-

215 2950 324 3029 pita,
347 2966 574 3012 summa
618 2961 784 3013 essct
824 2950 1102 3014 confusio
1125 2998 1145 3029 ,
1175 2970 1248 3014 ac
1275 2952 1480 3032 potius
1523 2959 1710 3033 capnt

219 3042 422 3105 nullam:
451 3044 628 3106 unde
675 3051 840 3106 recte
880 3045 1276 3121 AthanasiuS,
1309 3052 1464 3107 orat.
1497 3048 1538 3107 9
1563 3064 1710 3107 con-

212 3136 458 3200 traldola:
509 3137 712 3201 Sicut
735 3138 1058 3203 multitudo
1105 3140 1394 3213 Deorum,
1446 3140 1710 3204 anilitas

203 3236 266 3293 est
281 3232 509 3294 Deorum
523 3276 544 3308 ,
572 3234 680 3297 ita
701 3248 929 3295 exesse
953 3238 1044 3296 est
1065 3233 1518 3297 multitudinem
1537 3231 1710 3315 prin.-

201 3324 352 3402 ct'pm
383 3326 448 3386 id
481 3327 751 3403 efficere,
793 3330 865 3388 ut
901 3326 1110 3388 nullus
1131 3328 1418 3407 princeps
1451 3344 1574 3389 esse
1617 3330 1707 3389 vi-

197 3418 378 3479 deatur.
416 3418 898 3499 chrysostomus
946 3420 1135 3481 etiam
1156 3466 1176 3495 ,
1216 3420 1432 3481 homil.
1481 3420 1704 3483 ultima

192 3508 248 3567 ad
285 3510 568 3573 Hoehraeos
623 3530 646 3574 ι
679 3513 922 3575 Malum
943 3518 1038 3577 cst
1087 3513 1370 3593 (inquit)
1418 3519 1706 3577 rectorem

191 3618 280 3663 m
299 3604 503 3678 habere,
537 3610 597 3667 et
627 3610 1058 3689 aryununtmn
1075 3606 1412 3669 multarum
1453 3606 1704 3671 calami-
1724 3596 1756 3633 ⁸

191 3698 362 3770 men,
399 3702 456 3761 et
491 3698 874 3779 principium
893 3699 1366 3780 perturbationis
1401 3705 1462 3764 et
1495 3704 1704 3779 cousu-

186 3789 353 3864 u‘onis,
379 3796 493 3852 etc.
517 3792 802 3872 Denique
829 3792 986 3854 sicut
1013 3798 1362 3853 monstrum
1392 3799 1550 3854 esset
1573 3810 1704 3853 cor-

187 3898 275 3959 pus
297 3881 511 3946 habens
549 3886 684 3946 duo
735 3884 966 3966 capita,
1003 3888 1100 3953 sic
1149 3892 1210 3947 et
1243 3904 1510 3966 regnum
1551 3886 1704 3947 duo-

189 3972 276 4033 bus
294 3977 524 4055 regibus
543 3978 891 4041 sublitum.

251 4070 330 4129 13.
369 4070 494 4135 Neo
531 4071 723 4135 eiiam
753 4072 1146 4153 inadoequate.
1169 4104 1248 4119 --
1274 4074 1445 4135 Alter
1485 4074 1706 4135 modus

192 4166 280 4235 eet,
310 4162 355 4223 si
375 4170 648 4243 potestas
675 4164 786 4227 illa
817 4166 897 4227 sit
921 4168 1003 4227 in·
1027 4170 1156 4226 tota
1193 4165 1402 4245 aliqua
1448 4184 1704 4246 congre·

193 4254 419 4334 gatione,
443 4258 532 4320 ita
557 4266 635 4321 ut
678 4265 807 4320 tota
835 4259 971 4339 ipsa
1005 4260 1404 4337 congregatio
1441 4260 1704 4338 singulis

191 4348 420 4423 partibus
453 4352 611 4431 ciris,
646 4352 818 4413 verbi
848 4352 1072 4431 gratia,
1115 4351 1426 4431 Episcopis
1469 4358 1533 4414 et
1563 4352 1704 4412 uni-

194 4456 346 4503 versae
371 4444 650 4506 Ecclesiae
687 4442 972 4524 superior
1013 4446 1118 4519 sit,
1161 4443 1229 4503 in
1273 4442 1450 4504 nullo
1493 4449 1702 4506 autem

192 4533 578 4617 episcoporum
639 4556 752 4618 per
795 4555 860 4599 se
913 4537 1054 4598 talis
1101 4544 1370 4617 potestas
1411 4538 1700 4600 resideat.

195 4626 282 4687 llic
325 4648 458 4709 ergo
509 4632 732 4693 modus
775 4631 1166 4710 improbatur
1215 4631 1440 4705 eliam,
1473 4632 1700 4709 primo,

191 4722 308 4797 qnia
327 4724 374 4785 si
397 4725 520 4787 sola
541 4724 942 4806 congregatio
971 4724 1176 4804 aliqua
1203 4730 1568 4805 potestatem
1593 4726 1704 4786 ha·

193 4812 328 4875 heret
353 4818 414 4879 in
457 4821 809 4881 nniversam
841 4817 1174 4879 Ecclesiam
1203 4824 1267 4880 et
1311 4820 1378 4879 in
1425 4818 1701 4898 singulos

195 4904 490 4991 Episcopus,
511 4912 712 4973 solnm
737 4918 945 4991 posset
969 4910 1114 4972 talis
1135 4918 1401 4992 potestas
1427 4912 1698 4974 exerceri

196 5002 396 5075 quando
419 5008 810 5085 congregatio
849 5012 1060 5067 coacta
1099 5012 1278 5079 esset,
1309 5014 1498 5087 atque
1538 5006 1694 5067 adeo

197 5094 396 5167 quando
425 5098 758 5159 Concilium
787 5098 855 5160 in
897 5097 1166 5161 Ecclesia
1195 5116 1322 5159 non
1359 5098 1694 5161 celebrare·

199 5187 294 5257 tur,
319 5187 472 5251 nullo
507 5191 690 5257 modo
715 5192 851 5252 dari
879 5200 1084 5272 posset
1129 5192 1492 5254 exercitium
1527 5191 1696 5253 illius

201 5282 482 5361 mtoetatis,
509 5302 584 5346 ex
613 5303 732 5365 quo
753 5288 886 5366 jam
916 5292 1326 5366 sequerentur
1355 5286 1696 5347 incommo-

203 5370 262 5429 da
293 5374 347 5435 in
391 5378 580 5455 prima
611 5379 997 5440 conclusione
1025 5380 1286 5441 deducta
1302 5396 1323 5457 3
1353 5379 1494 5459 quis
1523 5380 1690 5441 enim

205 5477 400 5531 curaret
420 5478 562 5533 tunc
589 5490 726 5553 quae
761 5492 872 5555 per
911 5492 977 5535 se
1003 5473 1204 5553 primo
1231 5472 1586 5535 referuntur
1612 5474 1689 5535 ad

207 5554 392 5633 bonum
429 5568 610 5628 totius
643 5567 966 5638 Ecclesioe?
1013 5568 1160 5655 Quis
1205 5566 1498 5641 conderet
1525 5566 1693 5662 leges

1800 704 2075 785 pagandi
2104 702 2332 765 fidem?
2363 705 2639 783 Denique
2664 722 2778 785 per
2801 721 2867 765 se
2889 706 3037 766 satis
3060 725 3359 786 magnum

1799 797 2269 859 incommodum
2298 804 2389 860 est
2416 798 2573 859 nihil
2610 814 2785 877 posse
2827 798 2893 861 in
2935 800 3225 863 universa
3250 802 3361 863 Ec-

1799 892 1989 954 clesia
2027 893 2238 965 statui,
2269 899 2377 954 aut
2426 892 2764 973 dispensari
2783 938 2804 969 ,
2844 898 2955 953 aut
3003 895 3187 956 modo
3238 895 3361 956 alio

1799 986 2103 1065 ordinari,
2162 986 2285 1048 nisi
2340 992 2619 1066 tempore
2668 988 3029 1065 congregati
3074 988 3355 1051 Concilii.

1801 1081 2105 1157 Secundo,
2138 1079 2526 1160 improbatur
2553 1078 2719 1141 idem
2754 1081 3058 1141 secundus
3088 1082 3307 1142 modus
3338 1096 3356 1141 :

1801 1172 2118 1251 interrogo
2150 1174 2320 1234 enim
2356 1190 2649 1252 quaenam
2678 1172 2758 1235 sit
2797 1172 3129 1235 multitudo
3156 1174 3265 1236 illa
3292 1174 3359 1237 in

1799 1284 1926 1345 qua
1974 1266 2105 1328 haee
2144 1274 2409 1348 potestas
2458 1267 2711 1345 existat3
2752 1284 2899 1327 nam
2949 1276 3059 1329 aut
3104 1274 3195 1329 est
3228 1286 3361 1329 om-

1799 1360 1977 1420 nium
2006 1359 2285 1422 fidelium
2314 1360 2736 1439 congregatio,
2770 1366 2842 1422 ut
2880 1360 3135 1439 quidam
3164 1361 3359 1422 haere·

1797 1452 1904 1513 tivi
1968 1452 2347 1533 ineptissime
2396 1454 2689 1515 dixerunt
2705 1469 2727 1532 ;
2780 1458 2916 1514 tum
2972 1454 3121 1528 quia
3171 1470 3359 1535 supra

1791 1548 1922 1626 jam
1956 1546 2196 1609 ostendi
2225 1548 2291 1608 in
2318 1547 2587 1610 Ecclesia
2618 1564 2767 1609 oves
2793 1564 2832 1607 a
2852 1547 3201 1627 pastoribus
3226 1564 3357 1611 esse

1797 1643 2119 1705 distinctas
2134 1658 2155 1721 ;
2200 1646 2336 1703 tum
2363 1643 2511 1723 quia
2548 1641 2830 1721 regimen
2858 1648 3018 1705 esset
3042 1642 3357 1705 democra-

1793 1736 2017 1812 ticum,
2036 1742 2223 1815 atque
2246 1735 2399 1799 adeo
2419 1736 2703 1797 omnium
2722 1737 3079 1815 pessimum,
3096 1742 3167 1797 ut
3192 1736 3357 1798 Aris·

1791 1829 2010 1891 toteles
2047 1829 2157 1904 ait,
2200 1830 2240 1889 8
2274 1828 2497 1898 Etbic.‚
2524 1846 2579 1889 c.
2614 1831 2716 1889 10.
2757 1827 2992 1909 Vulgus
3020 1830 3189 1892 enim
3226 1846 3353 1891 non

1792 1924 2019 1985 merita
2048 1924 2295 1986 virtutis
2318 1924 2643 2003 expendit3
2669 1942 2795 1986 non
2830 1924 3095 2005 publicoe
3124 1924 3357 1986 utilita-

1791 2018 1872 2078 tis
1900 2016 2322 2077 emolumenta
2366 2018 2651 2093 rimatur,
2690 2022 2763 2077 ut
2808 2016 3171 2080 Ambrosius
3206 2018 3354 2078 scri-

1787 2108 1902 2185 bit,
1939 2112 1979 2171 5
2007 2112 2317 2187 Examen,
2350 2129 2405 2173 c.
2436 2113 2539 2185 2¹,
2572 2117 2633 2172 ct
2662 2118 2731 2172 ut
2758 2111 2963 2192 inquit
2998 2112 3355 2191 chrysosto-

1789 2220 1950 2278 mus,
1999 2203 2169 2265 hom.
2203 2206 2241 2264 2
2271 2202 2338 2264 in
2380 2204 2588 2280 Joan„
2632 2210 2769 2284 post
2800 2204 3002 2280 med„
3048 2210 3113 2266 et
3136 2204 3353 2266 Hiero-

1789 2314 2043 2375 nymus,
2074 2294 2355 2358 Matthaei
2384 2300 2486 2373 21,
2512 2298 2578 2358 iu
2604 2296 2719 2359 fin.
2746 2342 2765 2374 ,
2806 2296 3071 2378 populus
3094 2294 3353 2359 instabi-

1787 2388 1866 2449 lis
1907 2394 2001 2450 est
2031 2396 2217 2467 atque
2265 2388 2657 2462 inconstans,
2698 2390 2960 2470 ideoque
2988 2388 3157 2451 illius
3194 2392 3350 2470 regi-

1788 2500 1934 2545 men
1960 2482 2241 2563 ejusdem
2272 2484 2442 2544 modi
2492 2502 2622 2546 esse
2662 2498 2909 2546 necesse
2933 2489 3045 2545 est.
3072 2484 3349 2546 Tandem

1787 2576 2169 2657 impossibile
2196 2584 2355 2638 essct
2376 2576 2562 2639 talem
2591 2576 3057 2639 multitudinem
3074 2594 3349 2657 unquam

1788 2670 2154 2749 congregari
2174 2669 2257 2730 ad
2266 2669 2502 2749 aliquid
2516 2670 2961 2745 ordinandum,
2978 2671 3057 2731 de
3075 2686 3199 2751 quo
3216 2671 3353 2751 plu-

1785 2781 1859 2824 ra
1879 2763 2039 2842 disp.
2064 2766 2162 2837 11,
2180 2763 2423 2841 agendo
2448 2764 2527 2825 de
2546 2762 2853 2825 conciliis.
2874 2764 2996 2825 Aut
3016 2761 3124 2825 illa
3138 2762 3351 2825 multi·

1787 2856 1940 2917 tudo
1968 2862 2062 2917 est
2096 2855 2448 2937 aliquorum
2478 2856 2833 2937 principum
2874 2854 3184 2932 Ecclesia,
3214 2857 3351 2936 qui·

1787 2966 2057 3029 cumque
2101 2948 2205 3009 illi·
2236 2949 2389 3021 sint;
2424 2955 2488 3010 et
2512 2948 2651 3010 haec
2690 2950 2743 3009 si
2788 2949 3168 3029 superiorem
3224 2966 3351 3010 non

1787 3041 1999 3121 habet,
2027 3062 2066 3104 a
2094 3060 2218 3123 quo
2256 3044 2759 3122 congregabitur,
2800 3058 2945 3104 cum
2974 3050 3183 3105 tamen
3220 3060 3351 3105 non

1789 3136 1912 3198 nisi
1967 3142 2343 3217 congregata
2399 3138 2596 3217 possit
2658 3138 2999 3217 quidquam
3054 3136 3347 3201 efficere?

1790 3230 1938 3305 Quis
1966 3230 2281 3311 praecipiet
2304 3230 2570 3311 singulis
2594 3230 2927 3312 Episcopis,
2958 3244 3033 3293 ut
3061 3229 3171 3293 tali
3196 3238 3353 3293 tern-

1790 3342 1939 3403 pore
1966 3329 2029 3384 et
2058 3323 2169 3384 tuli
2198 3324 2333 3384 loco
2374 3325 2789 3386 conveniant?
2833 3326 3009 3387 Certe
3053 3325 3104 3386 si
3132 3339 3353 3405 expec-

1783 3416 2015 3477 tandus
2042 3422 2200 3478 esset
2224 3424 2483 3478 mutuus
2508 3417 2795 3478 omnium
2812 3434 3170 3493 muscosae,
3194 3434 3353 3479 nun-

1785 3528 1977 3591 quam
2024 3511 2455 3573 conveuirent.
2502 3512 2622 3574 Sed
2672 3518 2735 3574 et
2771 3520 2911 3593 post
2964 3520 3347 3575 conventum

1784 3606 1923 3686 quis
1978 3613 2181 3686 posset
2234 3606 2467 3667 servari
2524 3608 2675 3668 ordo
2688 3652 2707 3685 ,
2758 3612 2811 3669 si
2866 3622 3084 3670 omnes
3148 3612 3350 3669 essent

1786 3700 2105 3779 aequales?
2152 3699 2301 3773 Quis
2338 3700 2647 3761 tumultus
2698 3708 2761 3761 et
2807 3700 3139 3762 seditiones
3184 3716 3353 3761 com-

1783 3800 2083 3873 pesceret,
2129 3794 2179 3853 si
2224 3793 2469 3853 nullum
2508 3800 2665 3855 esset
2708 3797 2939 3871 caput?
2980 3794 3351 3871 contingere

1785 3886 1973 3947 etiam
2024 3885 2204 3947 facile
2251 3892 2452 3965 posset
2484 3892 2559 3947 ut
2602 3885 2889 3949 membra
2928 3887 3029 3947 vel
3072 3904 3368 3967 per-some,

1784 3977 1951 4040 illius
1978 3980 2475 4059 congregationis
2507 3980 2574 4040 in
2620 3980 2775 4041 duas
2807 3980 3064 4059 aequalis
3102 3982 3350 4042 numeri

1783 4078 1991 4153 partes
2016 4073 2463 4151 dividerentur,
2494 4091 2567 4134 ac
2588 4073 2709 4134 sibi
2736 4072 3240 4150 adversarentur-3
3282 4074 3349 4135 in

1783 4184 1908 4246 qua
1933 4184 2083 4247 ergo
2127 4184 2343 4228 earum
2378 4168 2497 4228 erit
2538 4167 2875 4228 auctoritas
2922 4172 2985 4228 et
3036 4170 3349 4246 potestas?

1783 4260 1987 4321 Simili
2016 4262 2277 4337 ratione,
2305 4262 2358 4321 si
2376 4260 2717 4321 successive
2744 4260 2966 4322 flerent
2992 4260 3349 4339 hujusmodi

1785 4352 2085 4427 Concilia,
2124 4354 2281 4414 illud
2324 4353 2541 4431 utique
2588 4353 2841 4432 majoris
2892 4360 3051 4414 esset
3090 4354 3349 4415 alletori-

1786 4446 1932 4506 tatis
1960 4452 2023 4508 et
2051 4447 2397 4526 potestatis,
2430 4446 2497 4507 in
2520 4461 2645 4524 quo
2670 4445 2879 4525 plnres
2902 4446 3344 4521 convenii-eun

1785 4557 1936 4619 ergo
1975 4540 2365 4601 Ariminense
2394 4537 2737 4600 Concilium
2770 4538 3225 4619 praeferendum
3256 4556 3347 4602 es-

1787 4639 1878 4693 set
1903 4632 2172 4707 Nicaeno,
2206 4632 2353 4713 qnia
2382 4631 2450 4691 in
2480 4630 2589 4692 illo
2616 4632 2737 4693 600
2772 4632 3026 4693 fuerunt
3056 4633 3343 4713 episcopi,

1783 4725 1851 4785 in
1891 4725 2011 4786 boc
2040 4727 2183 4801 318,
2228 4732 2301 4785 ut
2344 4724 2531 4787 latins
2571 4726 2639 4787 in
2676 4725 2865 4787 citato
2908 4725 3043 4786 loco
3080 4726 3157 4788 de
3192 4727 3349 4789 Con-

1780 4816 1938 4879 ciliis
1962 4818 2289 4879 constabit.

1863 4912 1962 4971 u.
2009 4912 2259 4975 Tertius
2278 4934 2283 4941 ·
2299 4916 2509 4977 modus
2560 4914 2667 4995 qm·
2710 4914 3045 4995 afferretur
3084 4913 3349 4977 excludi·

1777 5006 2233 5069 tur.--Tertius
2260 5008 2454 5087 igitur
2482 5008 2703 5069 modus
2732 5008 2977 5069 dicendi
3002 5015 3115 5081 est,
3148 5016 3349 5088 potes·

1777 5104 1995 5175 tatem,
2018 5099 2096 5162 de
2118 5118 2243 5181 qua
2264 5104 2531 5181 agimus,
2552 5119 2681 5163 esse
2711 5102 2779 5162 iu
2806 5102 3038 5174 multis,
3070 5101 3349 5162 exerceri

1777 5212 1924 5255 vero
1960 5212 2071 5273 per
2100 5211 2325 5271 unum,
2366 5197 2463 5257 cui
2492 5187 2829 5257 multitudo
2860 5194 3035 5255 illam
3062 5194 3342 5255 contulit.

1775 5286 1858 5349 At
1876 5287 1993 5348 hoc
2012 5287 2195 5348 modo
2218 5286 2518 5349 habemus
2541 5289 2747 5370 primo
2764 5286 3045 5349 Ecclesiae
3065 5288 3345 5365 regimen

1777 5397 1910 5441 esse
1949 5364 2442 5460 monarchicum,
2472 5382 2731 5462 darique
2758 5378 3175 5442 universalem
3208 5398 3348 5461 pes-

1775 5478 1975 5536 torem
2020 5491 2217 5535 unum
2231 5491 2253 5553 3
2284 5476 2809 5555 quaestionemque
2843 5487 3161 5554 superesse
3208 5481 3347 5536 tan-

1777 5574 1912 5641 tum
1960 5568 2039 5639 de
2074 5569 2315 5649 origine
2360 5566 2701 5650 potestatis,
2744 5566 3048 5643 Secundo,
3100 5574 3347 5643 constet

3834 5610 3836 5619 -
3820 5540 3836 5578 “¹-
3834 5514 3836 5519 .
3834 5480 3836 5483 Α
3820 5433 3831 5450 ⁰
3822 4962 3837 5413 v„10—2‘·.r.v-..—.—.Ql·-.-..--—.-.
3824 4058 3837 4951 „ui-*Q*
3834 4024 3837 4031 .
