3900 6217
667 406 836 458 SECT.
872 406 953 458 IV.
990 406 1282 469 Quomono
1314 406 1500 460 INTER
1534 402 1841 459 Pnoxmos
1874 406 2240 459 SERVANDUS
2271 361 2370 459 SlT
2402 406 2566 459 ORDO
2599 406 2986 461 cucurristis.
3313 406 3432 467 715

170 504 277 564 dit
306 505 399 567 de
438 506 783 581 intensive,
828 512 939 567 aut
969 507 1156 568 etiam
1197 508 1507 587 objectivo
1552 526 1781 583 amore,

170 616 317 659 non
354 599 446 660 de
496 601 971 681 appretiatione,
1000 600 1079 662 de
1123 620 1247 681 qua
1273 601 1611 683 loquimur,
1636 620 1788 663 nam

170 688 493 769 implicat
528 708 625 753 me
652 690 911 771 diligere
936 692 1210 772 aliquem
1230 702 1535 773 quantum
1564 694 1783 769 debeo,

172 792 239 842 et
270 781 569 862 diligere
599 783 791 845 alium
828 785 1255 866 appretiative,
1288 788 1398 867 qui
1431 806 1559 848 non
1586 794 1679 849 est
1699 788 1786 849 ita

170 874 547 954 diligibilis
600 878 941 939 secundum
990 896 1088 953 se,
1138 885 1325 960 atque
1380 880 1533 942 adeo
1574 898 1787 961 pecca-

172 969 489 1044 annoso,
530 971 937 1051 pervertendo
984 972 1214 1035 scilicet
1261 973 1577 1035 charitatis
1622 973 1786 1035 ordi-

170 1080 363 1122 nem.
404 1064 553 1124 Hoc
592 1068 763 1144 patet
804 1084 882 1125 ex
910 1064 1128 1126 effectu
1175 1068 1243 1127 in
1286 1068 1419 1147 ipsa
1445 1068 1788 1129 misericor-

176 1154 315 1230 dia,
356 1174 519 1235 quae
552 1175 681 1217 non
715 1156 949 1237 obligat
994 1160 1073 1219 ad
1103 1157 1273 1221 bunc
1316 1160 1621 1233 ordinem,
1664 1163 1787 1223 nisi

174 1248 535 1327 supposita
570 1248 947 1329 obligatione
988 1250 1393 1313 subveniendi
1428 1255 1659 1327 multis,
1704 1256 1785 1316 si-

176 1342 464 1423 quidem
513 1343 669 1406 ordo
697 1344 948 1406 nonnisi
976 1346 1139 1407 inter
1176 1345 1403 1407 multos
1438 1346 1690 1426 visitur;
1722 1354 1786 1411 ει

176 1456 334 1499 cum
360 1458 511 1499 non
539 1456 789 1521 possum
831 1438 1119 1501 omnibus
1142 1439 1471 1503 subvenire
1488 1486 1509 1517 ,
1538 1444 1645 1503 sed
1694 1443 1785 1505 al-

180 1532 307 1594 teri
360 1534 611 1611 solum,
654 1541 806 1597 tunc
848 1552 995 1596 sane
1035 1552 1162 1595 non
1207 1552 1456 1614 possum
1498 1536 1777 1617 diligere,

180 1636 520 1708 quantum
566 1628 784 1703 debe0,
812 1627 1080 1689 alterum
1116 1628 1391 1707 illorum,
1424 1630 1533 1709 qni
1582 1632 1782 1712 magis

182 1728 279 1785 est
308 1722 676 1803 diligibilis,
715 1724 837 1786 nisi
862 1722 1243 1804 praeferendo
1290 1741 1434 1784 eum
1464 1724 1681 1801 alteri;
1718 1731 1780 1787 et

184 1818 274 1877 ita
324 1817 397 1877 in
431 1834 517 1879 eo
564 1836 709 1880 casu
748 1823 1187 1896 argumentum
1217 1818 1498 1897 implicat
1536 1827 1779 1879 contra-

181 1911 559 1971 dictionem
623 1912 689 1972 in
750 1912 1151 1973 antecedente
1180 1927 1201 1989 3
1260 1910 1541 1990 quamvis
1606 1918 1779 1973 extra

184 2004 371 2065 illum
404 2022 634 2065 casum
680 2005 867 2085 possit
895 2006 1035 2084 quis
1078 2004 1319 2082 majora
1358 2004 1657 2067 beneficia
1691 2004 1780 2065 fa-

186 2116 327 2159 cere
354 2098 417 2158 ei
444 2115 649 2177 quem
678 2100 885 2159 minus
910 2102 1160 2159 tenetur
1187 2097 1470 2175 diligere,
1496 2098 1645 2177 quia
1672 2097 1775 2158 ille

188 2208 487 2252 excessus
532 2210 663 2252 non
692 2198 823 2253 tam
847 2192 1117 2272 pertinet
1143 2190 1222 2251 ad
1261 2191 1777 2270 appretiationem

188 2302 384 2363 quam
417 2284 503 2345 ad
543 2284 921 2365 objectivum
944 2301 1242 2345 amorem.

267 2380 329 2438 4.
382 2376 686 2441 Secunda
712 2377 1279 2441 conducta-Dico
1310 2378 1579 2440 secundo
1608 2396 1624 2441 ε
1656 2397 1777 2441 cae-

190 2470 339 2531 teris
360 2470 657 2551 paribus,
692 2478 978 2534 tenemur
1010 2471 1303 2551 praeferre
1332 2489 1434 2532 eos
1462 2473 1570 2551 qui
1598 2473 1775 2535 nobis

193 2571 339 2624 sunt
368 2565 730 2643 conjuncti,
758 2565 859 2625 his
900 2565 1008 2645 qui
1058 2570 1201 2625 sunt
1228 2564 1437 2627 alieni.
1470 2566 1646 2626 Ratio
1676 2584 1777 2626 su·

194 2658 391 2718 mitur
438 2676 533 2720 ex
572 2659 762 2738 priori
808 2658 1221 2719 conclusione.
1265 2660 1417 2720 Nam
1464 2660 1628 2720 inter
1661 2658 1775 2721 hos

198 2751 513 2830 reperitur
574 2752 730 2813 ratio
776 2752 1041 2824 ordinis;
1090 2751 1257 2812 idem
1295 2752 1565 2812 sumitur
1613 2770 1691 2813 ex
1740 2758 1768 2814 1

196 2844 464 2905 Timoth.
530 2846 568 2905 5
620 2860 637 2904 ε
683 2843 765 2908 Si
790 2842 926 2925 quis
964 2862 1229 2919 suorum,
1277 2848 1335 2907 ct
1374 2847 1635 2908 maxime
1678 2848 1778 2909 do-

198 2937 596 2999 mesticorum
628 2956 837 3001 curam
882 2956 1003 2999 non
1052 2939 1243 3012 habet,
1276 2942 1367 3001 est
1410 2938 1635 3019 infideli
1680 2940 1777 3002 dc·

201 3031 425 3103 terim-,-
460 3031 877 3109 Augustinus,
918 3034 943 3091 1
978 3030 1054 3091 de
1091 3030 1379 3091 Doctrina
1404 3031 1772 3105 Christiana,

202 3142 249 3183 c.
276 3124 395 3185 28:
422 3124 571 3187 H'z‘s
592 3124 977 3204 potissimum
1005 3124 1444 3200 consulendum,
1468 3125 1573 3206 qui
1598 3124 1775 3189 stric-

206 3218 329 3281 tius
360 3219 471 3281 tibi
486 3219 875 3301 junguntur.
911 3218 1032 3279 Sed
1071 3218 1515 3279 advertendum
1544 3226 1635 3279 est
1658 3219 1775 3280 hoc

206 3311 472 3390 intelligi
514 3312 587 3373 in
614 3312 833 3374 eodem
880 3328 1107 3389 genere
1152 3310 1489 3386 honorum,
1520 3312 1622 3373 vel
1662 3331 1775 3373 ne-

210 3406 566 3464 cessitatum
582 3448 603 3479 ,
655 3405 954 3465 nimirum
1002 3404 1414 3484 comparando
1454 3404 1775 3485 spirituale

210 3496 285 3555 ad
330 3497 658 3575 spirituale
676 3520 693 3574 3
740 3498 790 3558 si
830 3498 1005 3558 enim
1053 3502 1332 3558 mutetur
1371 3501 1771 3578 comparatio,

212 3593 405 3669 magis
450 3598 675 3653 teneor
706 3591 1035 3654 subvenire
1073 3592 1380 3671 spirituali
1424 3594 1773 3655 necessitati

212 3686 380 3760 gravi
422 3685 625 3747 exteri
652 3685 925 3745 hominis
943 3731 962 3761 ,
1010 3703 1199 3765 quam
1242 3685 1546 3763 corporali
1600 3687 1777 3764 gravi

212 3776 467 3855 alicujus
494 3779 835 3856 conjuncti,
861 3784 931 3838 ut
953 3784 1123 3857 patet
1140 3796 1219 3839 ex
1247 3779 1424 3839 dictis
1450 3801 1469 3854 3
1499 3797 1571 3839 ac
1602 3780 1776 3841 simi-

212 3868 349 3930 liter
374 3870 625 3945 agendo
653 3870 729 3931 de
758 3877 1021 3951 utraque
1046 3877 1343 3934 extrema.

290 3965 348 4022 5.
397 3963 617 4027 Tertia
663 3963 957 4025 conclusio
991 3982 1103 4044 per
1151 3983 1215 4027 sc
1264 3972 1494 4047 aperta.
1521 3967 1771 4029 ——Pri-

214 4072 371 4116 mum
398 4057 645 4119 dubium
671 4058 837 4119 circa
862 4058 1017 4119 hanc·
1044 4058 1495 4121 conclusionem.
1512 4092 1593 4107 -—
1606 4060 1773 4122 Pars

210 4150 509 4222 posterior
542 4149 837 4228 probatur
862 4168 901 4211 a
928 4150 1283 4230 quibusdam
1320 4153 1671 4233 tripliciter.
1694 4186 1775 4201 -

216 4240 353 4301 Dico
386 4244 577 4304 tertio
620 4262 636 4305 ι
681 4244 849 4304 inter
874 4244 1235 4321 conjunctos
1281 4246 1499 4308 eodem
1536 4248 1771 4325 ‘ordine

217 4336 687 4413 conjunctionis,
734 4336 827 4396 illi
869 4337 1237 4416 praeferendi
1274 4345 1423 4400 sunt
1478 4341 1585 4421 qui
1628 4347 1773 4402 sunt

216 4428 407 4504 magis
436 4430 778 4507 conjuncti,
805 4436 874 4490 ut
910 4430 1077 4490 inter
1106 4432 1620 4511 consanguineos,
1662 4450 1773 4512 pa-

218 4524 329 4594 ter,
380 4520 546 4580 inter
590 4522 837 4597 amicOS,
880 4522 1127 4585 fidelior
1156 4529 1219 4585 ει
1254 4525 1587 4605 antiquior.
1620 4527 1773 4587 Con·

218 4611 405 4672 clusio
455 4632 568 4693 per
614 4633 679 4675 se
726 4615 976 4693 quidem
1025 4622 1229 4696 patet,
1273 4618 1382 4678 sed
1425 4615 1631 4681 dubiis
1680 4638 1774 4681 sc-

220 4704 549 4781 quentibus
588 4706 697 4769 fiet
720 4708 1035 4771 illustrior.
1088 4710 1363 4773 Primum
1417 4718 1528 4783 est,
1576 4730 1656 4773 an
1703 4713 1771 4773 in

222 4798 432 4859 eodem
461 4818 687 4878 genere
714 4800 935 4862 debeat
974 4802 1162 4864 homo
1208 4806 1409 4883 potius
1442 4804 1771 4867 subvenire

226 4892 377 4966 patri
408 4910 491 4953 an
517 4893 668 4955 filio.
703 4894 887 4955 Divus
909 4896 1197 4971 Thomas,
1244 4897 1515 4959 secunda
1550 4916 1771 4959 secun-

223 4982 337 5058 ὼε,
364 4999 579 5064 quaest.
610 4988 717 5063 26,
752 4994 867 5049 art.
900 4990 963 5062 9,
1007 5008 1134 5049 non
1174 4990 1501 5069 respondet
1540 4992 1770 5071 simpli-

224 5074 389 5153 citer,
412 5080 516 5141 sed
544 5080 691 5141 dicit
716 5098 795 5141 ex
818 5086 989 5160 parte
1011 5081 1237 5161 objecti
1262 5084 1460 5162 magis
1500 5082 1769 5160 diligen-

227 5167 367 5229 dum
394 5189 519 5233 csse
563 5178 829 5254 patrem,
861 5176 1009 5253 quia
1048 5182 1140 5236 est
1189 5175 1304 5236 filii
1352 5176 1727 5257 principium
1744 5191 1764 5253 3

229 5280 300 5321 cx
324 5272 493 5342 parte
521 5286 669 5329 vero
708 5268 989 5347 subjecti,
1022 5268 1221 5347 magis
1247 5286 1377 5329 esse
1400 5268 1603 5330 fllium
1630 5270 1769 5331 dili-

228 5358 507 5433 gendum.
549 5362 625 5422 Et
661 5380 738 5422 ex
775 5361 1013 5423 ratione
1050 5360 1179 5422 divi
1202 5361 1485 5435 Thomoe,
1527 5362 1771 5424 videtur

230 5446 340 5509 hoc
365 5456 693 5517 secundum
722 5455 1085 5535 simpliciter
1120 5455 1557 5517 affirmandum
1570 5472 1591 5533 ;
1618 5475 1769 5519 nam

231 5542 384 5609 filius
410 5555 501 5611 est
524 5551 721 5632 magis
738 5550 1123 5631 conjunctus,
1144 5568 1289 5613 cum
1314 5550 1394 5611 sit
1420 5554 1597 5631 quasi
1627 5570 1769 5633 pars

1493 5857 1529 5869 A

1869 506 2086 588 patris.
2123 510 2274 569 Item
2304 524 2480 569 amor
2506 507 2619 569 filii
2669 514 2761 569 est
2788 508 3142 572 diuturnior
3182 517 3244 574 ει
3269 515 3434 575 anti-

1867 604 2069 683 quior.
2107 604 2256 664 Item
2286 620 2434 663 cura
2477 602 2842 683 providendi
2893 604 3094 682 magis
3141 609 3431 669 convenit

1866 698 2028 777 patri
2069 702 2348 777 respectu
2387 695 2523 770 filii,
2564 714 2753 777 quam
2803 715 2837 758 ε
2869 703 3108 758 contra.
3148 700 3226 759 Et
3269 699 3432 762 hanc

1866 796 2106 870 partem
2155 790 2328 869 sequi
2379 790 2670 850 videntur
2719 791 3150 851 Bonaventnra
3203 797 3266 852 et
3313 794 3432 855 Ga-

1864 883 2039 956 briel,
2067 882 2202 945 loco
2221 884 2406 945 citato
2427 884 2590 963 apud
2613 882 2976 961 Magistrum
2997 904 3014 957 ;
3039 889 3100 944 et
3117 883 3424 963 Altisiod„

1864 975 1977 1038 lib.
2011 978 2048 1037 3
2073 978 2274 1052 Snm.,
2301 984 2480 1039 tract.
2520 979 2580 1052 3,
2611 994 2668 1037 c.
2716 978 2784 1054 53
2813 976 3138 1054 Buridan.,
3176 980 3212 1039 8
3249 979 3428 1039 Ethi-

1867 1087 2103 1144 corum,
2135 1089 2196 1150 q.
2237 1072 2335 1147 16,
2361 1076 2426 1133 et
2452 1069 2560 1132 lib.
2595 1072 2658 1144 9,
2687 1088 2747 1151 q.
2779 1072 2838 1131 3.

1947 1166 2009 1225 6.
2055 1166 2224 1229 Pars
2259 1168 2436 1243 prior
2467 1166 2664 1247 mayis
2702 1166 2998 1244 probatur
3043 1166 3428 1246 quadruplici

1864 1260 2125 1322 ratione.
2148 1259 2600 1339 -E'oeponitur
2623 1259 2706 1321 D.
2752 1258 3012 1323 Thomas
3037 1276 3150 1337 pro
3189 1266 3428 1322 contra·

1865 1351 1966 1415 ria
2008 1356 2187 1434 parte
2253 1354 2546 1417 adductus
2597 1353 2666 1413 in
2713 1368 2878 1413 num.
2921 1352 2980 1411 5.
3005 1385 3082 1396 -
3107 1352 3427 1413 Contraria

1863 1446 2171 1506 sententia
2214 1451 2306 1507 est
2345 1443 2706 1525 simpliciter
2731 1444 2958 1520 verior,
3005 1462 3193 1524 quam
3237 1444 3426 1507 habet

1860 1538 2156 1617 Magister
2182 1538 2250 1599 in
2277 1538 2486 1614 terti0,
2523 1537 2918 1599 distinctione
2966 1536 3075 1597 illa
3114 1539 3214 1609 29,
3243 1524 3426 1599 divus

1861 1632 2152 1708 ThomaS,
2181 1638 2243 1695 ει
2272 1629 2380 1693 alii
2407 1630 2516 1692 ibi.
2551 1631 2730 1693 Ratio
2757 1636 2850 1692 est
2876 1630 3102 1711 primu,
3147 1630 3294 1709 quia
3321 1629 3424 1691 be-

1860 1722 2084 1785 neficia
2119 1742 2158 1785 a
2187 1729 2361 1806 patre
2397 1731 2648 1804 accepta
2697 1729 2844 1785 sunt
2871 1724 3165 1786 maxima.
3194 1725 3423 1786 Secun-
3537 1726 3546 1737 '

1860 1816 1963 1893 do,
2015 1836 2191 1878 amor
2228 1818 2307 1878 ad
2346 1823 2587 1897 patrem
2634 1822 2724 1878 est
2771 1816 2990 1877 similis
3039 1818 3238 1877 amori
3286 1818 3419 1893 Dei,

1863 1930 2041 1971 amor
2090 1912 2168 1973 ad
2218 1911 2422 1972 filium
2455 1909 2795 1973 estsimilis
2822 1910 3019 1971 amori
3069 1909 3166 1971 sui
3202 1910 3417 1989 ipsius.

1860 2005 2037 2065 Unde
2082 2005 2150 2065 in
2198 2005 2521 2085 Decalog0,
2565 2011 2702 2084 post
2748 2009 3046 2083 praecepta
3081 2004 3418 2081 spectantia

1866 2097 1943 2158 ad
1970 2099 2185 2174 Deum,
2217 2098 2468 2178 ponitur
2497 2103 2879 2177 praeccptum
2913 2096 3070 2157 circa
3111 2103 3416 2175 parenteS.

1858 2192 2092 2266 Tertio,
2146 2193 2394 2269 gravior
2439 2192 2724 2271 impietas
2771 2196 2865 2251 est
2917 2188 3262 2261 interlicere
3292 2209 3422 2269 pa-

1856 2290 2016 2345 trem
2055 2302 2244 2363 quam
2289 2284 2511 2345 filium.
2557 2284 2807 2359 Quart0,
2847 2284 2996 2363 qnia
3031 2284 3234 2362 quoad
3275 2303 3424 2345 con-

1849 2380 2240 2458 junctionem
2286 2378 2474 2440 etiam
2530 2383 2623 2439 est
2669 2378 2950 2458 quaedam
2981 2377 3366 2457 inaequalitas
3399 2394 3416 2439 :

1854 2490 2002 2533 nam
2031 2474 2086 2533 si
2123 2471 2290 2533 filius
2331 2478 2424 2533 est
2452 2471 2646 2533 veluti
2675 2488 2818 2550 pars
2858 2470 3080 2551 patris,
3126 2478 3302 2548 pater
3329 2477 3420 2531 est

1853 2572 1924 2625 ut
1961 2572 2159 2625 totum
2198 2571 2479 2645 respectu
2505 2563 2659 2641 filii3
2703 2581 2853 2641 ergo
2881 2562 3198 2625 inclinatio
3226 2564 3420 2643 patris

1852 2657 1932 2718 ad
1983 2664 2184 2719 totum
2235 2664 2330 2718 est
2371 2658 2592 2737 major,
2635 2661 2698 2718 et
2743 2657 2898 2718 sicut
2953 2657 3186 2717 bonum
3229 2658 3418 2717 totius

1858 2750 2184 2827 proefertur
2220 2751 2384 2812 bono
2411 2750 2626 2831 partis„
2659 2750 2749 2811 ita
2775 2749 3008 2813 bonum
3037 2750 3226 2829 patris
3251 2748 3416 2811 bono

1856 2842 1992 2905 filii.
2035 2845 2245 2925 Neque
2278 2845 2454 2905 divus
2481 2844 2771 2917 'rhomaS‚
2811 2844 2879 2905 in
2915 2843 3102 2904 citato
3143 2843 3318 2905 artic.
3351 2844 3415 2918 9,

1858 2938 2236 2998 contrarium
2271 2938 2481 3013 sentit,
2523 2942 2595 2999 ut
2624 2935 2977 2998 observanti
3015 2934 3270 3015 patebit.
3300 2936 3418 2996 No·-

1858 3030 2116 3090 tandum
2148 3037 2356 3091 tamen
2398 3036 2491 3091 est
2532 3030 2596 3090 in
2641 3028 2782 3104 hoc,
2814 3038 2878 3091 ει
2912 3028 3124 3091 multis
3149 3028 3418 3091 articulis

1855 3122 2044 3202 hujus
2071 3130 2288 3203 quaest.
2326 3126 2428 3199 16,
2465 3124 2680 3184 divum
2711 3122 3014 3185 Thomam
3053 3140 3180 3184 non
3219 3122 3418 3201 solum

1856 3218 2164 3297 explicare
2232 3219 2382 3298 quid
2441 3218 2630 3279 homo
2693 3235 2876 3296 agere
2929 3222 3213 3279 teneatur
3238 3262 3258 3293 ,
3312 3216 3417 3277 sed

1854 3310 2040 3371 etiam
2085 3311 2233 3391 quid
2261 3310 2502 3373 facilius
2549 3317 2715 3389 agat.
2759 3312 2912 3372 Nam
2942 3328 3104 3389 saepe
3133 3309 3266 3371 haec
3294 3310 3417 3371 duo

1855 3421 1984 3463 non
2013 3404 2516 3485 conjunguntur3
2543 3404 2632 3465 sic
2658 3422 2804 3483 ergo
2849 3404 2940 3464 ait
2985 3402 3186 3465 filium
3218 3404 3418 3481 magis

1856 3496 2082 3558 debere
2117 3514 2326 3557 amare
2349 3504 2608 3577 patrem,
2639 3498 2786 3576 quia
2815 3496 3174 3557 excellentia
3195 3494 3420 3574 obiecti

1859 3595 1951 3651 est
1978 3589 2339 3669 simpliciter
2372 3590 2593 3668 major,
2625 3596 2836 3651 tamen
2871 3607 2948 3650 ex
2993 3589 3131 3650 aliis
3159 3588 3418 3649 circum·-

1858 3682 2102 3743 stantiis
2125 3683 2367 3745 facilius
2390 3689 2628 3763 patrem
2662 3700 2870 3744 amare
2907 3680 3130 3743 filium.
3161 3681 3252 3741 Ex
3293 3698 3418 3759 quo

1857 3776 2054 3855 aliqui
2080 3776 2380 3850 inierunt,
2420 3784 2494 3836 ut
2523 3776 2714 3837 refert
2733 3776 2910 3837 divus
2932 3776 3225 3849 ThomaS,
3251 3774 3320 3835 in
3353 3776 3412 3846 3,

1856 3870 2252 3931 distinctione
2281 3872 2384 3945 29,
2427 3876 2645 3949 quaest.
2683 3871 2891 3945 unica,
2943 3874 3114 3930 artic.
3147 3871 3208 3943 7,
3242 3867 3416 3928 incli-

1854 3963 2174 4025 natIonem
2228 3968 2464 4023 naturoe
2509 3962 2836 4023 hominum
2877 3963 3075 4041 magis
3117 3961 3418 4023 inclinare

1855 4056 1933 4115 ad
1961 4055 2161 4115 filium
2205 4073 2394 4134 quam
2437 4055 2518 4117 ad
2564 4060 2840 4136 patrem3
2871 4055 3240 4117 charitatem
3266 4070 3416 4115 vero

1855 4149 2162 4226 corrigere
2199 4148 2372 4209 hunc
2415 4148 2722 4211 defectum
2758 4148 3128 4209 naturalem.
3173 4148 3250 4208 Et
3293 4147 3419 4207 for-

1851 4248 2014 4304 tasse
2047 4260 2125 4303 cx
2165 4243 2444 4322 appetitu
2475 4245 2771 4305 sensitivo
2807 4243 2870 4303 id
2899 4247 3100 4321 potest
3125 4241 3414 4320 procede-

1850 4358 1941 4413 re,
1975 4339 2120 4417 quia
2147 4337 2248 4399 bic
2275 4338 2584 4418 appetitus
2611 4338 2806 4399 fertur
2829 4339 3028 4417 magis
3053 4338 3130 4399 ad
3153 4338 3217 4397 id
3247 4337 3416 4417 quod

1852 4440 1945 4494 est
1997 4431 2348 4493 sensibilius
2370 4477 2391 4505 ,
2450 4432 2768 4510 magisque
2818 4438 3075 4511 apparet
3135 4430 3416 4491 sensibus

1852 4544 2143 4605 praesens,
2193 4532 2256 4586 et
2299 4524 2678 4586 delectabile.
2721 4526 2957 4586 Tamen
2986 4524 3296 4604 loquendo
3334 4523 3412 4586 de

1850 4636 2139 4697 suprema
2172 4616 2510 4679 voluntatis
2545 4615 2952 4678 inclinatione
2981 4634 3108 4678 non
3151 4620 3242 4675 est
3281 4616 3412 4692 ita3

1850 4729 1999 4772 nam
2049 4710 2186 4770 haec
2225 4728 2467 4789 semper
2515 4718 2604 4773 est
2647 4712 2848 4789 major
2889 4709 2971 4771 ad
3025 4708 3090 4769 id
3133 4709 3298 4789 quod
3323 4713 3416 4770 est

1850 4804 2052 4882 magis
2077 4803 2406 4865 honestum
2435 4810 2498 4867 et
2521 4804 2748 4873 rationi
2792 4810 3316 4880 consentaneum;
3348 4812 3412 4864 et

1850 4896 2001 4957 ordo
2029 4896 2280 4975 positus,
2307 4915 2436 4957 non
2467 4896 2664 4958 solum
2693 4897 2864 4973 fidei,
2899 4897 3004 4958 sed
3031 4896 3260 4957 rationi
3299 4914 3417 4957 na-

1849 4988 2038 5049 turali
2075 4995 2528 5051 consentaneus
2555 4996 2666 5052 est.
2707 4992 2799 5052 Ex
2827 4990 3054 5070 quibus
3094 4994 3262 5069 patet
3287 5005 3410 5050 res-

1849 5083 2067 5162 ponsio
2094 5082 2172 5143 ad
2199 5082 2676 5144 fundamentum
2705 5084 2926 5163 prioris
2950 5082 3297 5144 sententioe.

1931 5178 1990 5237 7.
2036 5172 2140 5239 Aa
2195 5178 2442 5241 tertiam
2497 5178 3002 5258 confirmationem
3054 5177 3122 5238 in
3169 5176 3360 5237 eodem
3386 5218 3408 5249 ,

1850 5286 1913 5330 n.
1956 5270 2016 5331 5.
2043 5298 2125 5314 ·-
2163 5269 2258 5330 Ad
2290 5268 2576 5331 ultimam
2637 5288 2784 5331 vero
2839 5268 3406 5340 confirmationem,

1852 5352 2264 5443 respondetur
2309 5369 2482 5425 extra
2529 5380 2738 5424 casum
2787 5362 3164 5425 necessitatis
3212 5362 3412 5424 teneri

1846 5456 2170 5519 hominem
2239 5475 2316 5519 ex
2379 5456 2582 5518 officio
2645 5458 2846 5535 magis
2903 5456 3224 5536 providere
3277 5454 3408 5517 filio

1848 5570 2039 5635 quam
2074 5552 2271 5634 patri3
2299 5557 2514 5615 tamen
2550 5559 2813 5635 urgente
2860 5554 3222 5615 necessitate
3249 5568 3410 5631 proe-
