3900 6217
488 324 608 384 748

493 431 571 492 ab
597 429 760 505 aliis„
793 447 979 508 quam
1010 447 1046 490 a
1075 449 1326 512 corpore
1363 431 1630 492 animus,
1668 435 1760 493 Ex
1802 450 1924 511 quo
1965 433 2058 492 ni-

487 523 830 585 hilominus
873 521 1262 603 intelligitur,
1299 523 1464 585 hunc
1502 525 1780 599 titulum,
1826 525 1876 584 si
1917 525 2057 604 quis

488 623 602 690 est,
637 633 766 675 non
821 633 951 675 esse
1011 617 1328 698 proprium
1381 618 1891 691 Christianorum,
1951 617 2058 678 sed

489 708 775 770 eumdem
807 709 1127 786 pertinere
1166 710 1241 770 ad
1273 729 1521 771 omnem
1553 728 1783 788 regem,
1817 709 1926 788 qui
1952 728 2057 772 ve·

487 802 560 863 lit
582 819 828 862 servare
856 800 1057 882 legem
1089 809 1347 880 naturae,
1378 822 1452 864 ex
1481 822 1604 884 qua
1629 803 1880 884 praecise
1909 822 2055 864 con-

487 893 756 958 siderata
781 895 883 956 hic
911 893 1131 957 titulus
1159 897 1379 958 oritur.
1931 955 1936 962 .

567 989 630 1049 6.
687 988 838 1054 Vera
863 991 1221 1070 quoestionis
1265 991 1554 1054 resolutio
1603 1008 1714 1072 per
1745 997 1870 1056 tres
1922 1011 2057 1056 con-

489 1083 807 1148 clusiones.
830 1119 909 1128 —
925 1083 1146 1147 Prima
1167 1085 1580 1149 conclusio.-
1597 1086 1932 1148 Dicendum
1958 1092 2051 1148 est

488 1194 634 1256 ergo
663 1175 904 1236 nullum
935 1193 1060 1238 esse
1113 1177 1363 1239 titulum
1400 1178 1550 1240 belli
1608 1177 1694 1240 ita
1728 1181 2049 1260 proprium

487 1269 958 1330 christianorum
1015 1269 1366 1350 principum
1385 1316 1406 1348 ,
1464 1271 1570 1350 qui
1629 1290 1756 1333 non
1823 1272 2054 1334 habeat

483 1361 967 1424 fundamentum
1015 1361 1286 1442 aliquod,
1349 1364 1444 1425 vel
1494 1371 1656 1427 certe
1709 1365 2052 1446 proportio·

487 1473 633 1516 nem
663 1472 806 1516 cum
832 1455 968 1533 lege
1019 1455 1320 1531 naturali,
1357 1463 1546 1536 atque
1581 1457 1735 1520 adeo
1791 1459 1897 1538 qui
1937 1477 2051 1520 suo

492 1549 678 1610 modo
703 1567 829 1608 non
863 1550 1050 1610 ctiam
1080 1551 1405 1610 conveniat
1423 1551 1802 1632 principibus
1837 1551 2053 1612 infide·

485 1641 670 1716 libus:
703 1643 867 1722 quod
893 1649 963 1703 ut
989 1643 1309 1723 explicem,
1347 1643 1484 1704 dico
1507 1644 1707 1724 primo
1732 1663 1745 1702 :
1775 1643 2053 1706 christia-

488 1753 607 1796 nus
637 1737 923 1817 princeps
953 1755 1080 1798 non
1109 1743 1307 1818 potest
1343 1737 1615 1798 indicere
1640 1735 1899 1811 bellum,
1935 1735 2055 1796 nisi

486 1830 586 1891 vel
614 1831 852 1891 ratione
881 1829 1150 1909 injurias,
1175 1829 1272 1890 vel
1300 1830 1380 1891 ob
1423 1829 1843 1892 defensionem
1864 1829 2053 1889 inno-

486 1930 756 1985 centum.
789 1921 1092 1985 Probatur
1114 1923 1486 1984 sufficienter
1507 1941 1583 1984 ex
1628 1941 1724 1997 ec,
1757 1922 1902 2000 quia
1949 1940 2057 1982 ex-

487 2017 639 2078 clusi
669 2021 812 2076 sunt
836 2033 1052 2078 omnes
1091 2015 1228 2077 falsi
1252 2016 1442 2076 tituli.
1469 2017 1544 2076 Et
1584 2015 1854 2076 rationes
1875 2014 2054 2074 factae

487 2110 606 2170 hoc
642 2109 929 2190 probant,
962 2129 1110 2170 nam
1139 2109 1240 2170 lex
1267 2109 1481 2188 gratiae
1507 2128 1633 2170 non
1663 2109 1923 2170 destruit
1971 2107 2056 2168 le-

487 2220 632 2282 gem
673 2209 937 2276 naturae,
970 2201 1073 2262 sed
1103 2203 1275 2262 illam
1303 2201 1563 2282 perficit.

569 2298 627 2356 ¹¹1.
681 2293 960 2359 Secunda
984 2296 1302 2359 conclusio,
1333 2295 1574 2356 -Dico
1603 2293 1907 2356 secundo:
1945 2293 2053 2353 de-

487 2387 684 2449 fensio
713 2388 1114 2449 innocentum
1141 2388 1432 2468 peculiari
1465 2388 1649 2448 modo
1696 2393 1896 2467 potest
1933 2387 2053 2448 ha-

487 2480 633 2542 bere
673 2481 877 2541 locum
909 2481 974 2540 in
1011 2481 1386 2562 principibus
1424 2479 1732 2558 fidelibus,
1785 2489 1846 2542 et
1882 2481 2051 2542 idem

487 2577 579 2632 est
605 2591 716 2633 suo
750 2573 933 2633 modo
983 2574 1050 2634 in
1077 2574 1450 2652 injuriarum
1491 2573 1783 2634 vindicta.
1817 2575 1970 2634 Nam
1999 2574 2053 2634 si

487 2664 836 2744 respublica
866 2666 1111 2726 subdita
1160 2665 1397 2727 infideli
1441 2665 1709 2746 principi
1740 2665 1891 2726 velit
1915 2686 2047 2728 sus-

487 2759 687 2838 cipere
712 2756 914 2839 legem
936 2759 1262 2829 Christi,'ct
1285 2778 1392 2820 rex
1417 2759 1682 2820 infidelis
1703 2759 2047 2838 prohibeat,

486 2851 720 2912 habent
746 2851 1064 2912 christiani
1086 2851 1387 2930 principes
1400 2853 1502 2931 jus
1526 2851 1895 2913 defendendi
1917 2853 2051 2914 illos

488 2945 868 3005 innocentes,
898 2944 1071 3018 Quod
1117 2946 1166 3004 si
1195 2944 1335 3005 talis
1359 2944 1706 3022 respublica
1738 2944 1924 3006 vellet
1952 2963 2045 3006 re-

487 3037 690 3118 cipere
720 3037 921 3116 legem
951 3036 1320 3112 infidelium,
1344 3037 1842 3112 Mahometicam,
1871 3037 2050 3098 verbi

488 3131 709 3208 gratia,
740 3149 812 3191 ac
839 3131 1127 3210 princeps
1155 3129 1368 3205 nollet,
1396 3148 1522 3190 uon
1549 3129 1810 3191 haberet
1832 3129 2052 3190 infinie-

487 3224 562 3283 lis
591 3224 871 3302 princeps
888 3225 1088 3283 Tur-ca
1126 3222 1325 3284 simile
1349 3224 1452 3302 jus
1492 3231 1706 3284 contra
1747 3223 1925 3282 illum
1955 3241 2051 3283 re-

489 3333 653 3394 gem.
683 3317 863 3378 Ratio
901 3320 1014 3389 cst,
1045 3316 1191 3394 quia
1249 3315 1546 3395 impedire
1579 3317 1780 3393 legem
1821 3315 2049 3376 Christi

489 3415 580 3470 est
613 3426 827 3469 revera
855 3409 1060 3486 gravis
1087 3407 1340 3488 injuria,
1384 3415 1446 3468 et
1469 3409 1767 3468 damnum
1795 3425 1810 3468 :
1841 3407 2050 3486 prohi-

488 3500 633 3562 bere
661 3519 806 3562 vero
830 3501 1015 3561 aliam
1059 3501 1285 3580 legem,
1319 3501 1492 3561 nulla
1536 3515 1645 3562 est.
1684 3503 1830 3562 ltem
1858 3501 1908 3560 si
1940 3519 2051 3560 an-

489 3593 620 3655 dire
658 3593 876 3668 velint,
907 3594 1144 3655 ratione
1183 3603 1437 3673 possunt
1466 3595 1749 3655 convinci
1783 3593 1899 3653 hoc
1922 3609 2051 3652 esse

489 3689 844 3750 credibilius
863 3696 926 3750 et
951 3689 1328 3750 credendum
1355 3710 1370 3762 ;
1400 3692 1563 3769 ,iuste
1599 3690 1793 3768 igitur
1833 3688 1920 3748 eis
1942 3687 2058 3748 hac

488 3782 555 3842 in
595 3789 768 3861 parte
799 3783 1201 3844 succurritur.
1243 3783 1486 3844 Similia
1542 3781 1828 3861 exempla
1885 3787 2052 3855 sunt,

489 3893 626 3956 quae
658 3875 736 3936 ad
759 3876 1020 3955 primam
1055 3881 1292 3954 partem
1316 3876 1726 3937 conclusionis
1749 3879 2050 3954 spectant,

494 3971 542 4030 si
568 3969 997 4049 praedicatores
1022 3971 1340 4048 Evangelii
1383 3970 1626 4049 injuriis
1663 3967 2050 4042 afficiantur,

490 4063 590 4125 vel
619 4070 782 4124 certe
807 4063 1040 4143 aliquid
1084 4069 1279 4142 agant
1319 4061 1595 4123 infideles
1642 4060 1955 4147 princi-pes
1988 4061 2055 4120 in

488 4154 931 4216 detrimentum
977 4155 1290 4230 fidelium3
1337 4174 1485 4216 nam
1523 4155 1658 4216 haec
1702 4161 1794 4214 est
1821 4154 2057 4232 injuria

494 4245 806 4321 Ecclesiae,
839 4247 917 4307 ad
945 4265 1131 4328 quam
1176 4247 1601 4328 expellendam
1649 4254 1709 4307 et
1735 4245 2057 4306 vindican-

491 4341 632 4401 dam
659 4340 761 4420 jus
810 4361 991 4402 suum
1031 4341 1240 4414 habet,
1291 4343 1455 4420 quod
1506 4341 1711 4421 aliqua
1759 4360 1834 4402 ex
1885 4345 2055 4419 parte

491 4434 958 4512 supernaturale
1006 4440 1120 4507 est,
1158 4435 1482 4509 nimirum,
1543 4434 1801 4494 facultas
1830 4433 1934 4493 Dei
1978 4431 2051 4492 ad

489 4527 948 4604 praedicandum
999 4527 1433 4605 Evangelium,
1497 4533 1682 4606 atque
1711 4526 1828 4586 hoc
1871 4525 2055 4585 modo

491 4624 724 4679 certum
773 4625 1014 4680 estnon
1047 4629 1319 4698 spectare
1349 4621 1464 4680 hoc
1485 4621 1588 4699 Jus
1628 4619 1706 4680 ad
1745 4619 2053 4679 infideles:

491 4729 630 4792 quae
663 4709 872 4772 omnia
900 4713 1045 4772 satis
1080 4719 1294 4791 patent
1321 4732 1396 4774 ex
1420 4713 1678 4774 materia
1699 4711 1867 4787 fidei,
1895 4711 2051 4788 disp.

493 4807 594 4878 18,
627 4810 774 4865 sect.
824 4807 881 4865 4.

570 4899 624 4960 8.
681 4899 893 4961 Tertia
916 4899 1232 4961 conclusio,
1253 4899 1491 4959 —Dico
1527 4899 1734 4974 tertio,
1771 4899 1901 4961 hvec
1923 4917 2056 4960 om-

491 4992 598 5052 nia
627 4992 711 5052 ita
737 4989 964 5051 habere
992 4991 1466 5052 fundamentum
1504 4993 1569 5051 in
1607 4993 1845 5053 ratione
1875 4999 2057 5052 natu·

489 5086 630 5162 rali,
669 5092 760 5160 ut,
786 5087 1181 5165 proportione
1208 5093 1470 5154 servata,
1506 5088 1738 5165 possint
1757 5085 2057 5166 quodam-

492 5179 676 5240 modo
701 5177 778 5240 ad
808 5177 1084 5239 infideles
1117 5179 1430 5258 applicari.
1463 5179 1851 5258 Explicatur:
1904 5196 2052 5240 nam

494 5272 547 5332 si
571 5271 718 5332 velit
752 5270 960 5350 aliqua
991 5271 1337 5350 respublica
1372 5271 1569 5332 colere
1593 5289 1792 5332 unum
1831 5272 2050 5344 Deum,

490 5370 554 5424 et
581 5381 824 5424 servare
855 5369 1090 5424 naturae
1123 5364 1348 5443 legem,
1378 5363 1476 5425 vel
1521 5364 1736 5426 audire
1763 5363 2053 5444 praedica-

490 5462 653 5520 tores
676 5456 784 5538 qui
810 5455 928 5517 hoc
955 5455 1238 5536 doceant,
1286 5465 1347 5520 et
1376 5475 1414 5518 a
1461 5475 1573 5517 suo
1629 5456 1906 5540 principe
1942 5474 2053 5540 per

1517 328 1756 384 mst’nT.
1791 331 1922 386 xnt.
1960 331 2039 384 ΕΤ
2074 331 2307 386 ULTfflA
2340 333 2421 386 ΒΕ
2454 329 2671 384 natm.

2138 434 2265 494 vim
2295 433 2693 514 impediatur,
2745 430 2977 492 orietur
3004 428 3153 492 inde
3194 427 3389 490 alteri
3446 425 3703 508 principi

2130 528 2334 606 justus
2373 526 2588 587 titulus
2614 524 2783 596 belli,
2816 523 3055 584 etiamsi
3092 541 3217 584 non
3240 523 3327 584 sit
3358 520 3593 592 fidelis,
3610 519 3705 580 sed

2136 621 2267 682 sola
2314 620 2555 681 ratione
2586 616 2860 678 naturali
2905 615 3189 690 ducatur,
3240 615 3404 696 quia
3448 613 3565 676 illa
3602 617 3707 676 erit

2138 714 2301 794 justa
2348 712 2622 774 defensio
2670 712 3096 771 innocentum.
3149 708 3361 770 Simili
3414 707 3623 778 modo,
3660 709 3709 768 si

2136 807 2345 888 aliqua
2368 804 2711 888 respublica
2760 803 2991 866 coleret
3013 821 3209 864 unum
3234 804 3476 876 Deum,
3506 809 3570 864 et
3596 821 3707 863 ser·

2135 906 2307 962 varet
2346 899 2514 978 leges
2567 903 2805 960 naturai
2824 943 2843 972 ,
2896 895 3019 958 alia
3076 914 3224 958 vero
3281 893 3709 956 idololatriam

2136 998 2465 1064 exerceret,
2496 1010 2568 1054 ac
2586 997 2803 1054 contra
2831 990 3135 1050 rationem
3158 987 3531 1052 naturalem
3552 988 3708 1050 vive-

2129 1093 2247 1161 ret,
2289 1085 2545 1148 haberet
2588 1085 2695 1146 illa
2712 1085 2817 1164 jus
2864 1083 2946 1146 ad
2976 1082 3359 1144 mittendum
3422 1080 3543 1160 qui
3564 1079 3711 1140 hauc

2130 1180 2440 1254 docerent,
2486 1185 2545 1241 et
2568 1177 2881 1240 erroribus
2909 1176 3265 1238 liberarent.
3294 1172 3495 1249 Quod
3532 1172 3585 1234 si
3614 1192 3710 1251 pcr

2131 1275 2257 1334 vim
2309 1272 2737 1350 impediretur,
2786 1270 2931 1350 jure
2976 1277 3181 1350 posset
3214 1268 3475 1330 bellum
3516 1285 3711 1346 prose·

2133 1368 2265 1446 qui,
2296 1366 2443 1446 quia
2470 1365 2537 1426 id
2564 1367 2669 1444 jus
2692 1371 2783 1428 est
2804 1363 2980 1424 valde
3004 1368 3513 1424 consentaneum
3534 1365 3709 1420 natu·

2131 1477 2215 1522 rae
2232 1477 2253 1538 ;
2281 1465 2417 1520 tum
2448 1459 2635 1520 etiam
2662 1457 2809 1538 quia
2830 1455 3391 1518 ibiadmisceretur
3426 1453 3711 1514 innocen-

2130 1561 2269 1614 tum
2318 1552 2617 1626 defensio,
2657 1569 2799 1612 cum
2854 1549 3173 1612 moraliter
3198 1546 3561 1626 loquendo,
3592 1564 3705 1608 non

2132 1649 2257 1708 sint
2279 1646 2573 1720 defuturi,
2608 1646 2711 1724 qui
2736 1643 2934 1705 velint
2958 1642 3203 1704 edoceri
3232 1643 3581 1702 veritatem
3614 1659 3708 1700 na·

2134 1740 2397 1803 turalem
2424 1738 2829 1800 necessariam
2874 1736 2953 1796 ad
2995 1735 3230 1796 bonum
3266 1734 3637 1807 honestum,
3675 1751 3707 1794 a

2133 1852 2259 1914 qua
2282 1833 2599 1894 voluntate
2615 1832 2829 1910 inique
2852 1827 3300 1910 impedirentur
3320 1842 3338 1902 ;
3378 1833 3529 1886 tum
3552 1825 3708 1885 deni-

2136 1945 2258 2004 que
2294 1932 2545 2006 propter
2570 1924 2841 1985 rationes
2866 1920 3019 1982 alias
3036 1919 3337 1980 adductas
3354 1919 3429 1978 in
3456 1918 3706 1979 materia

2138 2019 2213 2078 de
2240 2019 2387 2094 fide,
2416 2019 2571 2098 disp.
2602 2016 2708 2076 illa
2738 2017 2837 2090 18,
2884 2031 3045 2096 quie,
3072 2017 3317 2074 servata
3360 2011 3705 2091 proportio·

2138 2129 2241 2188 ne,
2282 2111 2385 2172 bic
2421 2109 2787 2192 procedunt.
2817 2167 2831 2176 ,

2764 2310 2977 2363 513ch
3011 2310 3093 2360 Vi.

2138 2479 2273 2556 Qua
2298 2483 2658 2546 certitudine
2686 2486 2958 2544 constare
2984 2481 3184 2544 debota
3210 2479 3279 2542 aa
3292 2479 3495 2560 jmta
3522 2495 3695 2542 causa

2494 2575 2655 2650 belli,
2696 2581 2767 2637 ut
2788 2573 2949 2636 illud
2962 2574 3205 2654 justum
3224 2572 3333 2634 sit.

2210 2760 2655 2840 Distinguenda
2710 2765 2857 2820 sunt
2922 2760 3045 2822 tria
3110 2775 3340 2836 genera
3406 2775 3693 2836 persona-

2130 2873 2295 2928 rum,
2347 2854 2599 2927 scilicet,
2630 2870 2951 2932 supremus
2979 2870 3089 2914 rex
3116 2857 3179 2913 et
3206 2851 3541 2930 princeps;
3582 2849 3692 2926 pri·

2132 2948 2313 3009 marii
2342 2949 2623 3008 homines
2659 2952 2722 3007 et
2749 2947 2933 3006 duces
2962 2967 2979 3020 ;
3023 2961 3515 3022 communesque
3544 2942 3689 3002 mili-

2130 3048 2257 3112 tes:
2294 3049 2357 3104 et
2384 3040 2859 3120 supponendum
2888 3039 2955 3099 in
2985 3037 3277 3100 omnibus
3306 3034 3551 3116 requiri
3575 3053 3691 3096 ccr-

2134 3136 2463 3197 titudinem
2515 3132 2873 3212 practicam,
2902 3151 3041 3212 quae
3086 3131 3440 3210 explicatur
3469 3130 3582 3190 hoc
3604 3129 3689 3206 ju·

2136 3228 2332 3290 dicio:
2362 3227 2527 3290 Mihi
2544 3226 2782 3290 licitum
2804 3231 2895 3290 cst
2922 3225 3163 3288 bellare.
3199 3223 3477 3284 Dubium
3507 3228 3689 3282 totum

2130 3306 2392 3382 vertitur
2439 3319 2514 3379 de
2560 3317 2929 3380 certitudine
2973 3316 3375 3396 speculativa,
3432 3333 3569 3395 quae
3614 3313 3689 3372 ita

2130 3412 2508 3492 explicatur:
2552 3412 2705 3473 Hoec
2748 3428 2933 3474 causa
2970 3409 3111 3470 belli
3146 3409 3330 3488 justa
3366 3413 3467 3470 est
3499 3409 3565 3468 iu
3602 3422 3687 3476 sc,-

2131 3506 2258 3566 vel:
2295 3506 2451 3568 Hoec
2476 3523 2597 3578 res,
2630 3522 2809 3586 quam
2828 3503 3139 3586 proetcrdo
3164 3519 3273 3584 per
3292 3501 3537 3574 bollum,
3572 3514 3687 3560 mea

2140 3604 2252 3664 est.

2222 3696 2279 3754 1.
2332 3691 2551 3754 Prima
2600 3690 2897 3754 conclusio
2946 3690 3263 3770 bipartita.
3284 3719 3367 3734 -
3394 3687 3685 3752 suadetur

2128 3804 2284 3868 pars
2306 3784 2733 3866 prior—Dico
2764 3784 2997 3862 primo:
3044 3799 3367 3862 supremus
3396 3799 3509 3840 rex
3535 3785 3682 3838 tenc-

2136 3863 2239 3938 tu!
2267 3879 2341 3940 ad
2384 3878 2745 3956 diligentem
2780 3894 2979 3938 causoe
3003 3884 3065 3937 et
3096 3874 3355 3955 justitiae
3384 3872 3679 3934 examina·

2136 3974 2391 4048 tionem,
2438 3991 2563 4052 qua
2602 3971 2786 4048 facta,
2817 3989 3075 4050 operare
3100 3971 3282 4032 debet
3304 3970 3487 4050 juxta
3508 3967 3679 4028 scien·

2136 4067 2287 4128 tiam
2313 4065 2461 4127 inde
2478 4073 2921 4144 comparatam.
2954 4065 3455 4125 Fundamentum
3483 4057 3677 4140 prioris

2136 4160 2329 4240 partis
2374 4166 2485 4233 est,
2532 4158 2679 4237 quia
2724 4160 3043 4238 negotium
3092 4155 3237 4217 belli
3282 4163 3373 4218 est
3418 4149 3678 4234 gravissi-

2140 4269 2351 4329 mum;
2384 4254 2543 4312 ratio
2580 4259 2791 4313 autem
2832 4251 3120 4332 postulat,
3150 4257 3221 4312 ut
3250 4251 3315 4312 in
3344 4249 3560 4329 quovis
3586 4263 3676 4306 ne·

2138 4346 2309 4422 gotio
2381 4345 2749 4406 adhibeatur
2809 4345 3199 4412 consultatio.
3253 4353 3315 4406 et
3382 4337 3676 4420 diligentia

2136 4439 2419 4516 qualitati
2472 4440 2606 4517 ejus
2660 4437 3147 4498 accommodata.
3202 4438 3378 4510 Item,
3410 4442 3483 4496 ut
3512 4431 3673 4512 judex

2138 4531 2509 4592 sententiam
2538 4530 2695 4591 ferat
2722 4531 2789 4590 in
2827 4529 3067 4608 privato
3096 4529 3371 4606 negotio,
3396 4525 3570 4588 debet
3592 4521 3671 4580 di-

2136 4623 2431 4701 ligentem
2457 4623 2750 4684 adhibere
2776 4621 3305 4683 examinationem
3328 4643 3345 4696 ς
3376 4637 3523 4698 ergo
3548 4631 3671 4696 pro-

2139 4715 2561 4793 portionaliter
2585 4715 2651 4774 in
2688 4713 2937 4794 publica
2980 4713 3127 4773 belli
3174 4731 3381 4774 causa.
3430 4708 3667 4772 Tandem

2135 4811 2280 4888 quia
2308 4807 2459 4868 alias
2500 4809 2843 4868 temeritate
2884 4807 3237 4885 principum
3266 4799 3669 4892 facile‘turba-

2136 4907 2353 4962 rentur
2376 4899 2609 4960 omnia.
2644 4901 2849 4978 ltaque
2890 4900 2957 4958 in
2986 4898 3175 4978 priori
3202 4898 3323 4960 hac
3348 4889 3667 4956 assertionis

2137 5000 2309 5072 parte
2338 4991 2511 5052 nulla
2542 4999 2633 5052 est
2660 4990 3017 5051 difficultas

2216 5085 2276 5144 2.
2306 5085 2683 5162 Explicatur
2702 5084 3021 5166 posterior.
3044 5115 3125 5128 -—
3152 5081 3313 5156 Quid
3348 5079 3570 5162 quaudo
3592 5072 3664 5136 al-

2137 5181 2272 5240 tera
2294 5195 2444 5256 pars
2483 5185 2571 5239 cst
2595 5177 2981 5258 probabilior.
3009 5209 3091 5222 -
3112 5176 3416 5236 Posterior
3444 5188 3573 5232 vero
3597 5168 3667 5226 ita

2135 5271 2511 5350 explicatur:
2562 5287 2866 5350 ponamus
2890 5269 3057 5330 enim
3087 5268 3339 5328 titulum
3370 5265 3513 5327 belli
3532 5277 3661 5330 esse,

2132 5363 2298 5442 quod
2320 5381 2429 5424 rex
2456 5363 2556 5422 hic
2582 5363 2916 5424 contendat
2935 5361 3098 5423 hanc
3124 5359 3346 5423 urbem
3370 5358 3452 5419 ad
3476 5373 3533 5416 se
3554 5367 3663 5432 per·

2133 5455 2356 5532 tinere,
2387 5455 2485 5515 vel
2522 5455 2663 5534 jure
2692 5455 3079 5518 haereditario
3114 5453 3237 5514 sibi
3259 5450 3541 5514 obvenire
3576 5443 3638 5504 de
