3900 6217
581 378 751 431 SECT.
788 381 868 432 lv.
903 382 987 433 AN
1020 382 1100 435 ET
1133 382 1427 445 Quouono
1461 382 1708 437 SUlfflUS
1740 382 2047 439 PONTIFEX
2080 384 2161 437 AB
2193 381 2525 437 HOMINIBUS
2557 383 2723 436 ELIGI
2754 380 3017 435 DEBEAT.

185 480 408 537 autem
455 474 731 537 Christus
771 478 1026 539 Petrum
1080 480 1342 557 rogavit,
1371 498 1453 541 an
1483 498 1548 541 se
1583 499 1757 542 ama·-

185 574 308 643 ret,
337 587 474 631 non
502 570 654 649 quia
679 570 945 633 fundare
992 572 1174 633 vellet
1196 572 1366 635 illam
1391 579 1758 653 potestatem

185 660 256 721 in
295 660 629 741 charitate,
662 668 962 744 tanquam
1001 666 1343 729 necessario
1385 666 1759 729 fundamen-

189 762 278 831 to,
311 756 452 833 sed,
477 758 680 837 gratia
721 760 1014 839 exempli,
1044 765 1116 820 ut
1151 764 1420 839 pastores
1451 760 1759 841 intellige-

187 854 334 909 rent
373 850 592 929 quales
633 869 760 913 esse
787 851 1108 930 deberent,
1136 859 1199 915 et
1240 860 1509 917 rectores
1545 854 1759 934 quales

193 940 272 1001 ab
301 942 400 1002 eis
429 950 743 1022 oporteret
783 944 958 1023 eligi,
1005 951 1078 1007 ut
1114 948 1496 1026 Augustinus
1543 948 1634 1009 ait
1680 947 1760 1009 de

187 1034 413 1111 Agone
439 1036 811 1114 Christiano,
840 1056 894 1101 c.
935 1042 1054 1115 303
1085 1038 1582 1121 Chrysostomus.
1629 1040 1670 1101 l.
1715 1044 1757 1103 2

187 1125 266 1187 de
303 1127 692 1208 sacerdotio,
723 1138 786 1191 et
821 1133 942 1193 Leo
970 1133 1174 1213 Papa,
1209 1152 1397 1197 serm.
1433 1137 1472 1197 3
1519 1134 1598 1197 de
1645 1133 1754 1195 As·

187 1229 426 1301 sumpt.
463 1242 598 1285 sua.
642 1224 982 1287 Difficultas
1013 1244 1160 1289 vero
1195 1234 1310 1303 est,
1352 1245 1436 1289 an
1483 1226 1758 1307 requira-
1793 1260 1800 1267 ·

184 1320 290 1375 tur
323 1314 396 1377 in
425 1315 718 1397 eligendo
758 1320 1054 1383 Pontifice
1095 1320 1416 1383 character
1442 1321 1541 1383 vel
1575 1320 1756 1397 fides,

187 1416 256 1467 ut
279 1406 570 1473 Christus
587 1412 887 1475 Dominus
916 1412 1008 1474 illi
1033 1413 1312 1477 conferat
1337 1413 1708 1495 dignitatem
1733 1435 1754 1490 3

185 1498 260 1561 de
285 1518 419 1581 quo
467 1502 634 1565 intra
679 1512 961 1569 occurret
987 1505 1180 1569 locus.

263 1599 326 1659 5.
397 1596 685 1663 Secunda
735 1600 993 1663 assertio
1039 1602 1284 1683 ejusque
1325 1602 1622 1683 probatio.
1673 1634 1758 1649 —

187 1690 332 1752 Dico
390 1692 668 1753 secundo
732 1709 750 1753 ε
811 1698 1078 1771 potestas
1141 1694 1410 1772 eligendi
1481 1702 1544 1759 et
1599 1695 1758 1758 desi·

191 1784 430 1863 gnandi
499 1802 830 1865 personam
863 1787 1009 1849 data
1057 1786 1179 1849 fuit
1222 1787 1602 1849 hominibus.
1653 1791 1760 1851 Est

189 1884 358 1939 certa
384 1882 454 1939 et
475 1880 848 1955 necessaria,
887 1885 959 1940 ut
994 1886 1166 1960 patet
1199 1900 1274 1942 ex
1309 1899 1424 1941 usu
1453 1881 1754 1961 Ecclesiae,

191 1978 249 2031 et
294 1972 452 2051 quia
493 1973 830 2052 expediens
879 1972 1000 2035 fuit
1037 1974 1366 2037 hominum
1421 1976 1760 2039 Ecclesiam

187 2064 470 2129 humano
511 2066 698 2127 modo
716 2066 1052 2145 gubernari
1072 2112 1093 2143 ,
1125 2068 1324 2148 quoad
1371 2070 1505 2131 fieri
1531 2076 1755 2149 posset,

189 2178 300 2221 nec
347 2166 490 2221 erat
540 2167 1026 2223 consentaneum
1059 2162 1248 2223 statui
1273 2162 1430 2241 legis
1457 2164 1674 2241 gratiae
1697 2168 1761 2225 et

187 2253 372 2329 fidei,
433 2258 506 2313 ut
541 2272 786 2333 semper
821 2254 899 2317 de
929 2254 1082 2317 coelo
1139 2262 1600 2334 expectaremus
1637 2256 1762 2334 sig·

187 2364 344 2409 uum
400 2346 488 2407 ad
543 2347 1042 2427 cognoscendum
1091 2366 1282 2429 quem
1327 2348 1585 2428 eligeret
1637 2350 1758 2410 Do-

185 2459 428 2501 minus.

259 2537 324 2597 6.
359 2535 584 2599 Tertia
609 2537 866 2600 assertio
910 2538 1227 2615 probatur.
1243 2569 1324 2582 —
1352 2535 1498 2597 Dico
1526 2522 1710 2599 tertio
1740 2552 1758 2597 τ

189 2630 416 2689 modus
439 2628 716 2707 eligendi
745 2628 1106 2691 Pontificem
1135 2647 1264 2691 non
1289 2629 1409 2691 fuit
1435 2647 1474 2690 a
1515 2630 1762 2693 Christo

185 2723 454 2783 Domino
483 2722 902 2802 praescriptus,
931 2723 1040 2785 sed
1068 2722 1353 2787 Ecclesiae
1399 2724 1763 2785 commissus

191 2822 294 2877 ast.
325 2814 668 2877 Conclusio
699 2827 789 2879 est
835 2822 1024 2879 certa.
1057 2818 1214 2877 Nam
1253 2823 1492 2879 constat
1520 2818 1762 2878 varium

203 2908 376 2970 luisse
405 2910 472 2969 in
509 2909 786 2971 Ecclesia
813 2910 1001 2989 hujus
1029 2909 1348 2973 electionis
1375 2909 1633 2971 modum
1661 2927 1678 2971 ε
1709 2911 1762 2971 si

205 3010 403 3063 antem
449 3003 738 3065 Christus
777 3004 1034 3066 modum
1075 3003 1548 3065 determinasset
1571 3049 1592 3079 ,
1654 3003 1760 3065 ille

197 3093 356 3155 idem
381 3102 446 3157 et
469 3096 700 3157 unicus
737 3096 948 3160 fuisset
986 3114 1228 3175 semper
1255 3096 1324 3157 in
1370 3096 1640 3157 Ecclesia
1665 3114 1763 3157 re-

193 3194 426 3251 tentus.
446 3189 840 3251 Antecedens
865 3195 1032 3268 patet
1053 3209 1068 3264 ;
1102 3206 1248 3251 nam
1275 3190 1488 3251 Petrus
1507 3191 1616 3269 qui
1643 3190 1763 3251 fuit

189 3284 436 3361 primus
475 3286 650 3362 Papa
669 3328 690 3359 ,
729 3302 1136 3347 successorem
1184 3284 1304 3345 sibi
1354 3283 1586 3362 delegit
1631 3284 1764 3345 Cle-

187 3384 498 3451 mentem,
525 3384 598 3437 ut
619 3379 860 3438 constat
879 3376 1165 3457 exipsius
1191 3376 1524 3438 Clementis
1543 3376 1764 3456 episto-

185 3468 286 3542 lis,
339 3475 414 3529 et
461 3487 545 3529 ex
587 3470 856 3531 secunda
889 3469 1012 3531 alia
1055 3469 1440 3531 Alexandril
1473 3471 1646 3548 Papae
1689 3469 1767 3530 ad

185 3562 606 3638 Orthodoxos,
633 3570 797 3625 etex
815 3562 1075 3643 epistola
1104 3563 1361 3624 Joannis
1390 3564 1467 3624 ΙΙΙ
1499 3563 1578 3625 ad
1603 3564 1770 3643 epis-

187 3672 382 3737 copos
415 3655 786 3733 Germanias,
829 3674 910 3717 ex
951 3674 1086 3737 rap.
1127 3655 1212 3721 Si
1249 3656 1498 3725 Pam,
1530 3662 1592 3719 et
1626 3673 1762 3736 cap.

199 3748 397 3817 Unde,
427 3749 490 3809 8.
524 3768 586 3828 q.
622 3752 682 3811 1.

269 3845 330 3903 7.
385 3842 654 3922 objectio
693 3848 906 3907 contra
933 3842 1345 3908 assertionem.
1393 3874 1476 3889 —
1520 3842 1764 3909 Solutio

191 3936 682 3999 Tuo-reerematoe
707 3928 1015 4016 rejicitm.
1043 3968 1124 3983 -
1173 3937 1290 3999 Sed
1337 3942 1572 4012 contra,
1613 3954 1760 3997 nam

189 4028 478 4091 Clemens
499 4046 720 4094 revera
759 4048 886 4091 nou
937 4030 1058 4091 fuit
1093 4030 1394 4091 secundus
1423 4029 1699 4109 pontifex
1724 4046 1763 4089 a

193 4124 414 4199 Petro;
445 4141 577 4185 non
593 4140 744 4202 ergo
765 4122 846 4185 ab
863 4142 937 4185 eo
961 4123 1080 4187 fuit
1103 4123 1353 4185 electus.
1379 4122 1764 4183 Antecedens

189 4216 470 4277 sumitur
503 4222 638 4277 tum
663 4235 736 4277 ex
763 4235 998 4278 canone
1045 4218 1276 4290 missas,
1329 4215 1436 4276 ubi
1476 4216 1666 4277 Linus
1699 4219 1761 4275 et

191 4308 405 4369 Cletus
428 4316 580 4369 ante
621 4309 998 4374 Clementem
1031 4314 1484 4382 numerantur3
1517 4313 1651 4369 tum
1683 4325 1757 4368 ex

195 4402 388 4463 variis
417 4402 698 4463 Patribus
728 4409 792 4461 et
809 4401 1102 4463 historiis.
1133 4402 1400 4463 Irenaeus
1423 4400 1617 4475 enim,
1647 4400 1759 4461 lib.

193 4498 235 4557 3
252 4540 270 4570 ,
297 4514 356 4555 c.
391 4497 456 4569 3,
479 4495 844 4558 Anacletum
866 4502 1000 4574 post
1025 4494 1251 4555 Linum
1281 4500 1510 4568 censet,
1539 4493 1766 4555 deinde

193 4588 586 4651 Clementem
603 4587 736 4665 (ubi
757 4588 1070 4667 irrepsisse
1089 4586 1358 4649 arbitror
1373 4586 1644 4647 nominis
1671 4606 1766 4647 er-

193 4700 428 4755 rorem,
449 4687 526 4741 ut
543 4700 654 4760 pro
675 4680 838 4745 cloto
858 4680 1218 4745 Auacletum
1237 4679 1532 4759 posuerit)
1554 4702 1575 4755 3
1601 4680 1766 4741 idem

193 4775 392 4837 sentit
415 4776 840 4863 Hieronymus
863 4775 944 4835 de
965 4772 1376 4853 Scriptoribus
1403 4773 1767 4835 ecelesiasti-

193 4870 366 4931 eisin
389 4870 740 4953 clem
769 4867 1072 4929 Eusebius
1104 4886 1272 4942 vero,
1302 4866 1412 4928 lib.
1445 4869 1483 4929 3
1507 4868 1763 4941 Histor.,

197 4982 252 5023 e.
285 4966 388 5039 u,
421 4946 649 5026 Linum
680 4968 814 5041 post
843 4961 1098 5023 Petrum
1133 4960 1412 5034 collocat,
1459 4971 1596 5021 tum
1635 4958 1769 5019 Cle-

199 5064 476 5121 mentem
505 5072 526 5134 3
555 5058 723 5117 idem
751 5056 938 5119 habet
961 5056 1370 5134 Augustinus,
1409 5054 1587 5134 epist.
1624 5056 1763 5116 165.

197 5152 338 5213 Jam
381 5168 550 5215 veror-
573 5150 982 5231 Epiphanius,
1025 5167 1210 5211 serm.
1248 5154 1353 5225 27,
1387 5155 1452 5209 et
1497 5147 1760 5224 Platina,

205 5246 426 5307 Linum
472 5252 542 5307 et
591 5244 833 5307 Cletum
875 5244 1048 5323 prius
1101 5247 1456 5305 numerant.
1509 5242 1764 5319 Propter

204 5336 336 5399 haee
379 5340 808 5412 Turi-eorem„
855 5336 900 5398 l.
935 5338 996 5409 2,
1028 5354 1084 5396 c.
1129 5338 1234 5411 51,
1268 5341 1458 5413 negat
1513 5334 1765 5395 Petrum

207 5430 458 5509 elegisse
501 5431 886 5495 Clementem
937 5429 1048 5510 qui
1095 5428 1214 5491 sibi
1259 5427 1634 5501 succederet,
1669 5444 1763 5487 so·

211 5524 456 5606 lamque
483 5524 840 5589 nominasse
887 5524 1068 5585 illum
1093 5566 1115 5598 ,
1153 5530 1226 5583 ut
1261 5528 1472 5602 postea
1507 5519 1765 5599 eligere-

3286 376 3405 437 309

1837 485 1963 541 tur.
1992 480 2113 543 Sed
2139 480 2259 543 hoc
2288 480 2615 543 manifeste
2640 472 2787 541 facit
2810 485 3025 541 contra
3052 479 3220 541 dicta
3242 479 3403 561 ipso-

1835 592 1977 636 rum
2008 574 2379 637 Pontificum
2408 576 2473 635 in
2504 574 2707 635 citatis
2742 574 3033 653 epistolis:

1921 668 1982 729 8.
2044 668 2253 735 Verior
2300 668 2611 747 responsio
2667 667 2905 749 duplex.
2960 700 3043 715 -·-
3092 668 3270 730 Unde
3310 667 3405 728 di-

1839 761 2111 825 cendum
2146 766 2264 836 est,
2308 760 2405 822 vel
2448 758 2829 823 Clementem
2857 760 3049 821 fuisse
3076 761 3329 841 quidem
3368 778 3407 821 a

1840 856 2022 917 Petro
2050 852 2339 927 electum,
2364 853 2577 914 statim
2600 870 2749 915 vero
2779 860 2916 932 post
2942 860 3211 915 mortem
3239 853 3407 915 Petri

1837 947 2231 1011 renunciasse
2248 965 2318 1008 ac
2340 946 2611 1010 noluisse
2641 947 2994 1023 succedere,
3029 946 3196 1028 quod
3217 947 3409 1009 sentit

1839 1038 2226 1121 Epiphanius
2258 1057 2480 1119 supra3
2518 1039 2618 1102 vel
2656 1045 2823 1101 certe
2864 1039 3243 1119 probabilius
3278 1040 3408 1103 Cle-

1837 1140 2113 1197 mentem
2136 1133 2213 1195 de
2226 1133 2387 1195 sacto
2412 1133 2770 1195 immediate
2798 1135 3151 1196 successisse
3182 1136 3361 1197 Petro
3386 1152 3407 1213 ;

1835 1229 1926 1293 ita
1964 1230 2242 1291 Damaso.
2268 1273 2287 1301 ,
2320 1227 2388 1289 in
2429 1226 2769 1289 Pontificali
2783 1249 2802 1301 ;
2854 1226 3291 1305 Tertullianus,
3327 1226 3407 1289 de

1841 1322 2179 1401 Presseript.
2241 1322 2509 1398 Hoeret.;
2566 1320 2849 1382 Ruffinus
2873 1365 2895 1395 ‚
2932 1320 2999 1382 in
3045 1321 3408 1401 praefatione

1843 1415 2361 1496 Recognitionum
2389 1414 2723 1477 Clementis
2757 1414 2837 1475 ad
2864 1414 3169 1477 Gaudens.
3202 1418 3278 1477 Et
3312 1416 3408 1478 in-

1837 1510 2051 1573 dicant
2078 1508 2403 1571 Pontifices
2436 1507 2609 1569 citati
2631 1512 2677 1583 ¹,
2720 1524 2793 1569 ac
2818 1508 2939 1569 Leo
2973 1509 3025 1569 11
3052 1508 3119 1569 in
3146 1507 3403 1587 Epistol.

1837 1603 2125 1667 decretal.
2156 1603 2344 1665 Linus
2366 1619 2512 1681 ergo
2538 1601 2747 1663 extitit
2766 1602 3083 1681 coadjutor
3107 1601 3295 1677 Petri,
3330 1619 3404 1662 eo

1839 1699 2119 1769 vivente,
2152 1697 2623 1776 Romanamque
2664 1695 2995 1757 Ecclesiam
3020 1694 3407 1776 gubernabat

1843 1792 1955 1853 illo
1976 1790 2255 1865 absente,
2271 1788 2513 1869 ipsique
2532 1794 2678 1850 ante
2700 1790 2949 1851 Petrum
2968 1788 3259 1850 defuncto
3275 1787 3407 1851 Cle-

1837 1891 1936 1946 tus
1964 1885 2033 1945 in
2084 1882 2301 1946 eodem
2349 1900 2607 1945 munere
2648 1882 2936 1945 suffectus
2968 1887 3094 1957 est3
3148 1880 3405 1943 taudem

1841 1996 2009 2051 νει-ο,
2044 1984 2291 2039 mortuo
2320 1978 2524 2051 Petr0,
2574 1976 2906 2037 Clementis
2942 1976 3075 2054 ejus
3102 1992 3407 2035 successo-

1837 2071 1924 2133 ris
1954 2072 2161 2134 Cletus
2182 2070 2397 2131 itidem
2418 2069 2717 2149 quamdiu
2738 2069 2895 2130 vixit
2914 2067 3233 2147 coadjutor
3250 2067 3371 2128 fuit
3382 2084 3404 2145 ;

1838 2164 1919 2225 ob
1939 2165 2127 2244 idque
2156 2164 2223 2225 hi
2251 2163 2377 2224 duo
2402 2164 2565 2227 inter
2596 2163 2921 2244 Episcopos
2952 2164 3261 2224 Romanos
3289 2180 3407 2224 nu-

1841 2265 2187 2333 merantur.
2223 2258 2379 2319 Vide
2407 2257 2727 2331 Turrian.,
2754 2257 2795 2318 l.
2828 2259 2864 2318 3
2890 2263 3103 2319 contra
3124 2259 3403 2325 centur..

1841 2372 1898 2415 c.
1931 2355 2029 2415 10.
2067 2354 2211 2416 Post
2229 2354 2481 2415 Petrum
2498 2370 2647 2413 vero
2666 2350 2879 2413 nullus
2903 2351 3267 2412 Pontificum
3290 2348 3407 2411 sibi

1841 2444 2018 2524 eligit
2042 2463 2475 2518 successorem,
2494 2438 2501 2445 ’
2518 2444 2805 2525 quamvis
2823 2444 3207 2524 Epiphanius
3220 2461 3411 2523 supra

1844 2538 1908 2599 id
1937 2538 2223 2601 videatur
2248 2539 2523 2600 tribuere
2552 2538 2704 2599 Lino
2732 2543 2796 2598 et
2828 2538 3019 2599 cleto.
3045 2536 3173 2614 {Sed
3206 2543 3265 2597 et
3290 2536 3407 2596 sub

1845 2631 2037 2693 dubio
2078 2632 2379 2710 loquitur,
2437 2649 2509 2692 ac
2560 2630 2763 2710 potius
2816 2631 2898 2691 de
2948 2629 3409 2692 consecratione

1845 2724 2197 2806 episcopali,
2220 2742 2430 2804 ,quam
2462 2724 2539 2785 de
2568 2724 3019 2802 jurisdictionis
3062 2728 3404 2803 potestate3

1841 2837 2059 2898 quare,
2088 2818 2233 2880 licet
2251 2836 2379 2880 non
2404 2819 2483 2879 sit
2510 2817 2767 2879 omnino
2810 2826 3074 2894 certum,
3119 2815 3409 2897 probabi·

1842 2911 1965 2973 lius
1986 2918 2199 2973 tamen
2220 2918 2313 2973 est
2358 2910 2523 2990 quod
2552 2912 2904 2974 statuimus.
2947 2911 3161 2991 ltaque
3184 2910 3251 2971 in
3285 2909 3407 2971 ini-

1843 3006 1931 3069 tio
1960 3004 2241 3067 Ecclesiae
2282 3004 2501 3067 electio
2534 3005 2775 3066 Summi
2813 3004 3125 3066 Pontificis
3166 3024 3205 3066 a
3246 3004 3411 3065 clero

1841 3100 2145 3176 Romano,
2170 3104 2231 3161 et
2258 3098 2567 3178 Epist-opis
2590 3098 2697 3177 qui
2736 3099 2947 3159 Romae
2976 3104 3202 3174 essent,
3228 3116 3408 3177 pera-

1840 3192 2131 3269 gebatur,
2160 3198 2232 3253 ut
2256 3191 2570 3271 colligitur
2596 3208 2674 3253 ex
2710 3191 3042 3271 Cypriano,
3070 3191 3115 3251 1.
3142 3192 3204 3265 4,
3223 3191 3403 3269 epist.

1845 3288 1910 3361 2,
1942 3286 2049 3348 ubi
2072 3286 2149 3349 de
2170 3286 2469 3353 electione
2492 3284 2758 3347 Cornelii
2780 3283 3095 3363 loquitur-3
3138 3291 3200 3344 et
3222 3286 3412 3345 Eusc-

1845 3381 1973 3457 loio,
2008 3380 2049 3442 l.
2077 3382 2117 3443 6
2148 3380 2404 3454 Hister„
2434 3398 2487 3439 c.
2520 3383 2623 3453 21,
2657 3379 2807 3440 dum
2843 3377 2921 3439 <le
2962 3378 3235 3439 Fabiano
3258 3378 3408 3439 scri·

1845 3459 1973 3546 bit3
2002 3479 2189 3552 atque
2220 3473 2411 3533 etiam
2439 3472 2721 3547 Damaso,
2747 3473 2813 3532 in
2841 3471 3205 3534 pontificali.

1927 3569 1991 3627 9.
2022 3566 2428 3639 Quorumdam
2462 3564 2763 3628 laicorum
2798 3582 3142 3634 consensus,
3170 3566 3315 3627 olim
3342 3566 3411 3627 in

1848 3658 2126 3721 electione
2148 3678 2347 3741 φαμι».
2373 3690 2456 3705 -
2486 3656 2938 3737 Expectabatur
2958 3664 3165 3719 autem
3197 3658 3263 3719 iu
3292 3657 3410 3718 hac

1847 3753 2145 3815 electione
2174 3751 2386 3833 populi
2420 3770 2777 3827 consensus,
2826 3770 2953 3813 nou
3003 3758 3073 3811 ut
3112 3752 3412 3831 suffragia

1843 3844 2034 3908 ferret
2075 3846 2141 3905 in
2172 3846 2489 3921 electione,
2521 3845 2629 3907 sed
2676 3846 3103 3907 testimonium
3156 3845 3296 3907 vitas
3346 3850 3409 3905 et

1845 3956 2093 4001 morum
2128 3939 2285 4017 ejus,
2316 3938 2427 4018 qui
2450 3937 2829 4016 eligebatur:
2856 3938 2933 3999 de
2956 3956 3081 4017 quo
3107 3938 3247 3999 vide
3268 3956 3403 4016 cap.

1843 4031 1999 4095 Gemi
2038 4031 2230 4114 lonae,
2272 4031 2335 4093 d.
2367 4032 2472 4107 63,
2510 4037 2573 4091 et
2598 4050 2733 4109 cap.
2777 4030 3258 4106 Electionem‚d.
3283 4032 3399 4107 793

1841 4130 1904 4185 et
1930 4124 2145 4202 Cypr„
2178 4124 2287 4184 lib.
2339 4126 2399 4198 1,
2436 4123 2615 4203 epist.
2660 4124 2719 4198 4,
2768 4129 2832 4183 et
2857 4122 2969 4183 hb.
3014 4127 3076 4198 2,
3115 4123 3295 4202 epist.
3341 4126 3404 4185 5.

1844 4218 2063 4279 Postea
2116 4236 2261 4277 vero
2314 4217 2501 4277 etiam
2562 4234 2897 4277 consensus
2955 4218 3405 4296 Imperatorum

1845 4310 2030 4390 coepit
2052 4309 2385 4389 expectari,
2416 4310 2505 4369 ita
2530 4316 2745 4369 utnon
2776 4316 3127 4371 censeretur
3148 4311 3407 4372 omuino

1845 4402 2029 4463 firma
2080 4402 2301 4463 electio
2326 4446 2347 4477 ,
2414 4400 2611 4463 donec
2667 4402 3003 4481 imperator
3045 4402 3367 4463 assentiret
3383 4420 3404 4480 ;

1848 4496 2014 4574 quod
2048 4494 2447 4575 privilegium
2483 4495 2797 4556 interdum
2826 4495 2945 4557 ruit
2971 4515 3083 4576 per
3115 4497 3408 4575 tyranni-

1847 4589 1989 4649 dem
2020 4593 2414 4666 usurpatum,
2455 4593 2524 4647 ut
2570 4587 2650 4648 ab
2690 4589 2953 4649 Henrioo
3000 4588 3073 4661 V,
3129 4595 3407 4666 tempore

1850 4680 2161 4741 paschalis
2190 4680 2475 4755 secundi;
2518 4681 2831 4743 interdum
2860 4681 3013 4743 falso
3048 4680 3403 4755 confictum,

1849 4779 1920 4835 ut
1945 4773 2023 4835 de
2047 4773 2319 4853 quodam
2340 4772 2580 4833 Othone
2606 4774 2893 4849 refertur,
2926 4793 3059 4855 cap.
3091 4776 3174 4837 In
3206 4773 3410 4854 Syno-

1849 4868 1946 4940 d0,
1978 4865 2121 4927 dist.
2176 4866 2299 4943 63;
2335 4866 2659 4939 interdum
2690 4885 2834 4928 vere
2882 4868 3099 4928 datum
3132 4867 3213 4927 ab
3260 4867 3409 4947 ipsis

1851 4958 2277 5035 Pontificibus,
2327 4966 2399 5019 ut
2438 4949 2515 5021 de
2536 4960 2765 5021 -Carolo
2808 4960 3034 5039 Magno
3075 4966 3137 5021 et
3188 4961 3407 5039 Pipino

1847 5052 2135 5129 habetur,
2162 5070 2297 5131 rap.
2316 5050 2657 5128 Adrianus,
2683 5052 2902 5115 eadem
2930 5054 3071 5115 dist.
3096 5054 3211 5128 633
3244 5053 3411 5132 quod

1847 5147 2055 5207 statim
2076 5146 2459 5207 renuntiavit
2481 5145 2823 5207 Ludovicus
2844 5164 3061 5221 eorum
3082 5162 3408 5221 successor,

1927 5335 1943 5369 ¹
1980 5330 2063 5392 De
2089 5330 2204 5391 hac
2224 5347 2292 5391 re
2319 5330 2571 5405 Baton„
2598 5348 2701 5391 an.
2732 5330 2956 5393 Christi
2984 5331 3087 5400 69,
3113 5346 3152 5389 a
3179 5348 3247 5391 n.
3286 5330 3367 5391 35
3390 5350 3407 5404 3

1844 5424 2097 5581 {sill-ag,
2118 5423 2167 5579 l).
2199 5427 2241 5577 Ξ
2266 5423 2343 5485 de
2366 5424 2545 5505 Rom,
2570 5423 2814 5504 pontif„
2846 5441 2902 5484 c.
2926 5424 3215 5500 53Azor.,
3246 5428 3404 5483 tom.

1888 5562 1909 5595 ³
2058 5562 2081 5595 θ
2156 5562 2173 5579 ·
2248 5560 2265 5577 ⁰

2530 5709 2553 5770 ἐξ
