3900 6217
1633 396 1824 448 INDEX
1856 395 2085 449 RERUM.

227 499 292 548 7.
331 497 468 549 Deus
499 494 602 548 sub
625 495 832 548 ratione
856 491 1044 560 primae
1064 492 1300 546 veritatis
1341 493 1397 546 in
1429 493 1805 561 cognoscendo

303 572 466 626 simul
490 581 540 625 et
559 572 806 632 dicendo,
841 579 922 624 est
957 571 1232 636 adaequate
1275 570 1498 624 formale
1540 570 1804 639 objectum

305 647 450 710 fidei,
489 655 637 700 tract.
663 652 709 703 1.
741 647 880 712 disp.
909 652 956 709 2,
982 653 1112 698 sect.
1139 649 1184 709 4,
1211 660 1358 699 num.
1387 651 1433 698 7.

303 723 417 776 Non
449 729 624 776 autem
647 722 747 774 sub
778 723 983 773 ratione
1004 721 1247 782 dominii,
1273 735 1420 774 num.
1448 725 1492 772 3.

301 803 400 850 Aut
429 798 530 849 sub
557 796 800 850 absoluta
819 798 1026 849 ratione
1063 797 1292 855 Deitatis.
1316 809 1465 849 num.
1498 802 1545 848 8.

225 878 268 924 8
325 877 388 928 ln
413 875 620 940 objecto
645 874 854 926 formali
883 875 1004 927 tidei
1040 887 1108 926 an
1153 877 1321 941 possit
1349 875 1431 928 vel
1466 875 1534 928 de
1573 875 1810 941 potentia

305 950 550 1004 absoluta
575 950 792 1015 reperiri
817 948 1032 1010 salsitas,
1057 949 1178 1002 vide
1211 951 1531 1004 Mannxctuu.

230 1029 290 1078 9.
331 1026 410 1078 Ad
431 1026 694 1092 objectum
723 1025 944 1079 formale
965 1025 1107 1088 fidei,
1123 1039 1222 1079 nec
1247 1027 1550 1091 requiritur,
1574 1041 1675 1080 nec
1695 1027 1808 1080 suf-

309 1103 417 1155 ficit
443 1102 698 1156 naturalis
712 1101 980 1154 evidentia
1005 1103 1189 1168 primae
1209 1103 1480 1155 veritatis:
1505 1104 1599 1156 sed
1629 1103 1807 1170 requi-

313 1179 448 1231 ritur
467 1180 598 1232 tides
619 1177 858 1244 eiusdem
893 1176 1149 1238 veritatis,
1172 1186 1300 1232 sect.
1329 1184 1373 1242 5,
1397 1180 1499 1232 late
1529 1193 1560 1232 a
1587 1194 1734 1232 num.
1760 1183 1805 1232 ⁴.

231 1257 322 1306 1ο.
361 1256 432 1308 De
461 1254 750 1308 intrinseca
771 1253 978 1306 ratione
1015 1251 1205 1320 objecti
1249 1253 1492 1307 formalis
1529 1261 1611 1307 est
1637 1255 1808 1308 inevi-

309 1329 490 1381 dentia
513 1331 706 1383 divinae
731 1329 1090 1390 revelationis,
1123 1337 1234 1381 sect
1283 1333 1329 1391 ’1,
1363 1343 1508 1382 num.
1537 1335 1564 1380 3
1600 1337 1653 1383 et.
1681 1336 1727 1383 ⁴.
1765 1369 1788 1388 .

233 1409 324 1457 11.
364 1407 434 1458 De
465 1406 670 1459 ratione
691 1405 904 1458 formali
926 1404 1118 1472 objecti
1143 1406 1264 1457 fidei
1289 1418 1396 1458 non
1433 1413 1529 1468 est,
1559 1413 1612 1458 ut
1629 1407 1804 1460 aliun-

303 1481 372 1534 de
399 1494 504 1533 non
551 1481 620 1534 sit
667 1480 892 1540 naturali
943 1479 1146 1533 lumine
1185 1479 1462 1534 evidenter
1509 1484 1801 1549 cognitum,

301 1553 420 1608 ead.
453 1553 588 1620 disp.
624 1559 669 1616 3,
703 1564 832 1609 sect.
854 1561 902 1618 9,
932 1556 1034 1608 late
1057 1569 1088 1608 a
1110 1569 1256 1608 num.
1292 1560 1338 1608 7.

301 1630 436 1692 Quid
462 1630 530 1684 de
557 1631 786 1684 evidenti
817 1632 1121 1698 cognitione
1159 1633 1570 1698 supernaturali,
1614 1649 1668 1686 n.
1695 1639 1774 1687 19.

301 1705 434 1768 Quid
462 1705 529 1759 de
549 1706 752 1760 visione
775 1708 928 1760 beata
947 1708 1030 1760 vel
1061 1709 1338 1770 sensitiva,
1369 1722 1401 1762 a
1433 1723 1580 1762 num.
1606 1712 1684 1762 20.

301 1782 433 1834 Vide
456 1783 614 1836 etiam
637 1784 774 1835 Pinax
797 1799 964 1837 Acrus.

229 1861 318 1908 12.
347 1857 426 1908 Ad
449 1858 716 1923 objectum
755 1857 975 1913 formale
1009 1860 1149 1920 fidei,
1194 1874 1262 1912 an
1304 1861 1527 1915 sufficiat
1557 1861 1808 1914 revelatio

305 1933 487 1986 divina
513 1935 718 2000 privato
757 1935 960 1987 homini
995 1935 1148 1996 facta,
1181 1935 1302 1989 vide
1332 1951 1626 2000 aevaeum,
1657 1949 1804 1988 num.

310 2012 337 2059 ⁴
369 2016 421 2060 et
449 2014 494 2060 5.

230 2087 319 2136 13.
369 2083 447 2136 Ad
497 2083 762 2148 objectum
807 2085 1030 2139 formale
1073 2084 1231 2151 iidei,
1265 2099 1333 2140 an
1364 2086 1608 2140 suffiatiet
1652 2099 1802 2140 reve-

304 2160 432 2212 latio
474 2160 714 2214 virtualis
740 2168 790 2215 et
822 2162 1051 2215 mediata
1077 2201 1088 2225 ,
1115 2171 1204 2215 aut
1235 2163 1486 2216 revelatio
1514 2163 1694 2216 divina
1718 2169 1809 2216 aut

301 2235 504 2290 credita
534 2250 626 2302 per
661 2235 816 2290 iidem
869 2239 1179 2302 humanam,
1210 2249 1300 2291 aut
1329 2239 1478 2301 falsa,
1507 2239 1602 2293 sed
1626 2240 1806 2292 existi-

301 2319 442 2364 mata
469 2321 526 2365 ut
547 2326 688 2372 vera,
716 2313 834 2366 vide
858 2327 1150 2378 navaturo,
1187 2328 1218 2368 a
1244 2311 1466 2367 numfii.

233 2391 321 2441 1⁴.
364 2389 662 2455 Propositio
683 2390 966 2443 continens
999 2390 1263 2455 objectum
1289 2391 1510 2444 formale
1549 2390 1670 2443 fidei
1695 2404 1804 2444 non

318 2465 602 2518 resolvitur
631 2466 686 2517 in
706 2466 848 2519 aliud
882 2465 1200 2534 principium
1223 2481 1255 2520 a
1276 2481 1334 2521 se
1356 2467 1682 2530 distinctum,
1710 2468 1806 2522 sed

307 2555 365 2594 se
391 2542 506 2607 ipsa
536 2543 785 2604 creditur,
817 2543 935 2596 ead.
961 2542 1098 2610 disp.
1127 2547 1173 2604 3,
1198 2551 1309 2596 sect
1338 2548 1417 2606 12,
1451 2557 1598 2596 num.
1632 2549 1709 2596 12.

239 2619 322 2668 16.
363 2617 612 2670 Ecclesiae
653 2619 951 2682 propositio
997 2631 1090 2670 seu
1126 2619 1310 2685 regula
1351 2631 1459 2671 non
1496 2625 1698 2684 spectat
1737 2617 1805 2670 ad

304 2691 570 2757 objectum
597 2693 817 2745 formale
844 2693 986 2758 fidei,
1023 2701 1075 2747 et
1105 2694 1174 2747 ad
1202 2693 1332 2760 quid
1369 2694 1650 2756 conducat,
1683 2693 1800 2746 ead.

307 2768 448 2834 disp.
473 2771 520 2830 3,
546 2776 674 2821 sect.
707 2771 786 2830 10,
814 2782 960 2822 num.
994 2774 1040 2822 8.
1555 2766 1562 2772 ’

797 2899 930 2938 rma!
961 2899 1252 2940 sumturum

242 3002 290 3048 1.
329 2997 633 3063 Subiectum
675 3011 840 3064 capax
884 2999 1008 3054 fidei
1037 2999 1258 3054 actualis
1293 3006 1344 3053 et
1377 3000 1682 3060 habitualis,
1723 3009 1805 3054 est

310 3079 416 3124 tam
443 3074 624 3137 homo,
649 3087 809 3139 quarn
841 3077 1097 3142 AngeluS,
1125 3077 1282 3128 etiam
1308 3077 1532 3142 primuS,
1565 3083 1715 3129 traet.
1751 3081 1799 3142 1,

313 3149 452 3214 disp.
478 3154 526 3210 6,
562 3158 688 3203 sect.
716 3156 764 3214 9,
801 3165 947 3203 num·
971 3156 1018 3204 2.

242 3229 292 3276 2.
317 3225 512 3278 Omnes
537 3228 765 3281 viatores
784 3235 910 3280 sunt
935 3240 1030 3292 per
1058 3240 1117 3280 se
1139 3241 1361 3294 capaces
1393 3229 1532 3292 fidei,
1574 3243 1723 3283 num.
1755 3235 1802 3283 3.

307 3302 474 3354 Etiam
511 3303 760 3354 animaein
783 3301 1088 3370 purgatorio
1123 3304 1424 3368 existentes„
1451 3318 1602 3357 num.
1626 3311 1673 3358 ⁴.

244 3379 291 3428 3.
325 3379 467 3430 Beati
513 3379 564 3430 in
600 3381 768 3444 patria
804 3387 1027 3444 possunt
1055 3382 1122 3432 de
1150 3381 1386 3446 potentia
1421 3381 1665 3434 absoluta
1705 3382 1804 3434 ba-

307 3454 434 3506 bere
463 3461 639 3507 actum
667 3455 785 3507 iidei
811 3455 1024 3516 divinae,
1045 3465 1148 3508 tam
1174 3455 1242 3508 de
1265 3469 1374 3510 non
1397 3457 1527 3512 visis
1548 3471 1710 3522 quam
1737 3457 1804 3510 de

310 3531 412 3594 his,
435 3545 552 3595 quae
575 3533 734 3584 etiarn
756 3532 810 3584 in
831 3533 996 3585 verbo
1019 3532 1222 3596 vident,
1248 3545 1394 3586 num.
1422 3537 1467 3583 7.

305 3609 378 3662 De
408 3608 562 3668 facto,
595 3609 799 3660 nullum
827 3616 1072 3662 exercent
1093 3619 1266 3662 actum
1292 3610 1432 3671 tidei,
1457 3610 1583 3664 ibid.

244 3687 290 3734 ⁴.
325 3684 380 3736 ln
408 3685 674 3738 damnatis
703 3697 812 3738 non
834 3692 1004 3752 potest
1033 3686 1100 3738 dc
1129 3686 1244 3752 lego
1268 3687 1539 3739 ordinaria
1573 3685 1688 3740 dari
1713 3700 1806 3740 ac-

315 3768 397 3812 tus
419 3761 612 3826 aliquis
635 3761 755 3814 fidei
791 3763 1228 3827 supernaturalis,
1255 3761 1402 3824 ibid..
1427 3777 1572 3816 num.
1599 3767 1645 3815 9.

307 3839 466 3888 Datur
485 3844 662 3889 tamen
687 3837 752 3890 de
785 3837 918 3891 sacto
948 3845 1095 3890 actus
1118 3838 1238 3890 lidei
1262 3848 1477 3902 coactae,
1505 3852 1649 3892 num.
1675 3843 1752 3890 10.

247 3917 295 3964 6.
331 3911 458 3965 vide
479 3913 644 3966 verbo
667 3929 824 3976 ernas,
847 3927 996 3967 num.
1021 3919 1072 3977 2,
1093 3919 1119 3964 3
1141 3923 1192 3966 et
1213 3918 1259 3967 ⁴.

308 3989 366 4039 Et
391 3988 554 4040 verbo
579 4005 709 4041 riom
735 4005 901 4052 iterus,
934 4003 1081 4043 num.
1110 3995 1157 4042 1.

305 4064 369 4116 Et
399 4062 564 4118 verbo
593 4081 724 4118 tinet
743 4082 966 4129 nastros,
999 4081 1032 4118 a
1061 4081 1208 4120 num.
1242 4071 1320 4120 11.

669 4197 796 4234 rium
823 4198 990 4247 actua,
1015 4197 1106 4236 SEU
1131 4197 1384 4237 assensn&

243 4293 293 4341 1.
329 4291 488 4342 Actus
511 4291 632 4344 tidei
659 4291 848 4346 iniuste
869 4292 936 4344 ab
958 4293 1226 4347 intellectu
1251 4294 1477 4357 elicitur,
1515 4306 1624 4347 non
1645 4307 1676 4346 a
1707 4306 1802 4347 vo·

312 4365 530 4428 luntate,
559 4375 705 4420 tract.
735 4372 783 4429 1,
815 4369 952 4434 disp.
980 4375 1027 4431 6,
1053 4378 1180 4422 sect.
1209 4375 1254 4432 13
1281 4383 1312 4422 a
1333 4383 1479 4422 num.
1505 4374 1548 4422 2.

3332 394 3443 454 781

1951 496 2042 561 qui
2086 494 2301 558 revelat,
2338 507 2446 548 non
2490 501 2571 548 est
2611 503 2759 550 actus
2788 495 2931 559 iidei,
2958 503 3106 550 tract.
3152 501 3196 560 t,
3234 496 3374 564 disp.
3402 503 3447 562 3,

1950 578 2078 624 sect.
2107 576 2153 631 8,
2182 585 2327 624 num.
2354 576 2402 622 8.

1889 652 1936 699 8.
1974 651 2134 700 Actus
2162 645 2283 700 fidei
2308 660 2415 699 non
2446 654 2617 713 potest
2638 661 2732 712 per
2753 661 2811 701 se
2842 647 3134 702 formaliter
3155 647 3366 702 fundari
3397 651 3450 704 in

1951 724 2183 778 evidenti
2227 724 2529 791 cognitione
2573 724 2769 778 divinae
2808 725 3165 790 revelationis,
3215 727 3375 792 ibid.,
3420 741 3453 782 a

1954 813 2099 852 num.
2130 803 2205 851 19.

1951 877 2031 928 An
2069 877 2255 928 saltem
2288 875 2493 942 possint
2526 876 2947 930 concomitantcr
2968 890 3026 930 se
3055 877 3273 942 habere,
3302 893 3449 935 num.

1954 957 2013 1004 26
2037 959 2088 1004 et
2113 955 2191 1004 27.

1889 1033 1936 1079 9.
1974 1027 2117 1080 Fidei
2144 1036 2293 1079 actus
2322 1039 2441 1079 cum
2471 1025 2653 1079 habitu
2683 1027 2918 1080 scientiae
2951 1034 3091 1082 stare
3124 1035 3314 1096 potest,
3340 1037 3392 1083 ct
3422 1043 3453 1083 e

1952 1111 2159 1156 contra.
2187 1109 2334 1154 tract.
2369 1105 2415 1160 1,
2440 1102 2579 1166 disp.
2611 1107 2657 1166 3,
2680 1109 2878 1166 Βρομί),
2904 1118 3051 1157 num.
3083 1108 3105 1155 ⁴
3137 1113 3185 1158 et
3219 1111 3263 1156 5.

1949 1180 2165 1232 Necnon
2192 1187 2244 1230 et
2274 1179 2487 1231 habitus
2520 1177 2641 1231 fidei
2668 1193 2791 1232 cum
2827 1181 3011 1233 habitu
3043 1181 3296 1243 scientiae,
3324 1195 3377 1234 n.
3401 1187 3451 1234 6.

1889 1261 1967 1307 1ο.
2005 1255 2149 1308 Fidei
2181 1263 2329 1308 actus
2350 1261 2490 1308 stare
2515 1262 2687 1319 potest
2711 1269 2833 1307 cum
2864 1264 2985 1308 actu
3008 1257 3315 1311 naturaliter
3339 1261 3453 1310 evi-

1949 1332 2109 1385 dente
2138 1339 2189 1384 et
2216 1331 2507 1385 scientifico
2532 1329 2599 1384 de
2639 1331 2827 1384 eodem
2858 1331 3085 1397 objecto,
3110 1333 3234 1386 ibid.
3258 1378 3270 1396 ,
3296 1333 3398 1387 late
3421 1347 3453 1388 a

1950 1420 2099 1460 num.
2128 1411 2172 1458 ’1.

1888 1485 1967 1533 11.
2005 1481 2225 1544 Quando
2270 1480 2507 1534 medinm
2549 1480 3025 1535 demonstrativum
3072 1489 3124 1536 et
3169 1483 3453 1538 auctoritas

1950 1557 2134 1610 divina
2160 1557 2319 1609 simul
2354 1564 2696 1617 concurrunt,
2721 1570 2828 1610 non
2856 1557 3165 1623 producitur
3190 1561 3338 1614 solus
3360 1575 3453 1614 ac-

1951 1641 2037 1686 tus
2064 1634 2321 1696 scientiae,
2342 1633 2459 1686 ead.
2492 1640 2604 1686 sect
2652 1640 2704 1694 9,
2732 1648 2879 1687 num.
2906 1640 2951 1686 8.

1949 1711 2056 1763 Nec
2082 1717 2231 1762 actus
2274 1709 2363 1774 qui
2396 1709 2557 1762 simul
2589 1709 2781 1762 habeat
2814 1709 3105 1764 formaliter
3132 1712 3453 1766 evidentiam

1951 1784 2207 1842 scientiae.
2238 1792 2291 1840 et
2320 1783 2443 1836 fidei
2472 1784 2865 1848 certitudinem,
2890 1798 2921 1838 a
2951 1799 3097 1838 num.
3125 1791 3201 1838 10.

1950 1859 2055 1913 Nec
2097 1859 2328 1926 deniqne
2376 1874 2513 1912 unus
2554 1867 2705 1912 aetus
2746 1861 2835 1926 qui
2878 1859 3036 1912 iidem
3085 1869 3136 1914 et
3177 1861 3454 1916 scientiam

1951 1938 2249 1989 eminenter
2278 1935 2565 1998 contineat,
2596 1937 2695 1987 late
2726 1948 2757 1987 a
2792 1951 2936 1989 num.
2971 1942 3047 1989 13.

1952 2012 2053 2064 Sed
2082 2009 2190 2064 duo
2226 2017 2375 2064 actus
2404 2011 2638 2064 distincti
2663 2028 2673 2062 :
2704 2025 2842 2064 unus
2871 2011 3011 2076 fidei,
3040 2012 3173 2065 alter
3201 2013 3450 2076 scicntiae,

1954 2101 2103 2140 num.
2127 2091 2205 2139 16.

1891 2167 1968 2216 13.
2005 2168 2164 2216 Actus
2194 2161 2315 2216 fidei
2342 2176 2463 2216 cum
2497 2161 2680 2217 habitu
2710 2163 3183 2230 supernaturaliter
3210 2165 3455 2218 evidente

1949 2246 2003 2292 et
2030 2238 2351 2292 abstractivo
2380 2247 2521 2291 stare
2554 2246 2740 2305 potest,
2769 2247 2819 2292 et
2844 2252 2874 2292 e
2904 2249 3106 2302 contra,
3137 2253 3282 2292 num.
3311 2246 3388 2292 19.

1949 2317 2063 2368 lino
2088 2323 2140 2368 et
2168 2323 2319 2368 actus
2348 2313 2467 2368 fidei
2500 2329 2620 2367 cum
2653 2315 2843 2368 actuali
2875 2317 3181 2382 cognitione
3207 2316 3375 2368 infusa
3404 2322 3459 2370 et

1949 2391 2267 2443 abstractiva
2296 2391 2363 2442 de
2390 2391 2625 2456 poientia
2656 2391 2742 2444 Dei
2774 2391 3034 2450 absoluta,
3070 2404 3176 2444 non
3208 2393 3276 2444 de
3307 2393 3455 2446 ordi-

1951 2467 2119 2526 naria,
2147 2465 2364 2518 ibidem.

1888 2546 1968 2594 13.
2006 2547 2163 2596 Actus
2194 2543 2316 2595 fidei
2348 2555 2469 2595 cum
2498 2541 2704 2596 visione
2736 2541 2981 2596 intuitiva
3006 2543 3093 2596 Dei
3126 2543 3193 2597 dc
3221 2543 3456 2610 potentia

1950 2619 2222 2670 ordinaria
2247 2626 2389 2672 stare
2414 2619 2613 2685 nequit,
2637 2633 2783 2671 num.
2810 2624 2888 2672 20.

1949 2693 2128 2746 Potest
2158 2701 2333 2745 tamen
2366 2693 2432 2746 de
2463 2696 2695 2760 potentia
2728 2694 2988 2758 absoluta,
3022 2708 3169 2747 num.
3202 2699 3263 2746 22
3292 2703 3344 2748 et
3371 2701 3452 2748 23.

1888 2772 1967 2821 1⁴.
2004 2772 2161 2821 Actus
2186 2769 2305 2822 tidei
2334 2783 2455 2821 cum
2480 2770 2685 2822 visione
2714 2771 2969 2824 sensitiva
2994 2771 3230 2837 ejusdem
3262 2771 3456 2837 objecti

1948 2844 2220 2910 quomodo
2250 2853 2526 2912 repugnat,
2552 2859 2699 2898 num.
2728 2851 2807 2898 2⁴.

1948 2921 2077 2974 vide
2107 2921 2263 2974 etiam
2290 2921 2453 2973 verbo
2475 2923 2613 2973 Ftnat
2644 2936 2888 2976 omae-run
2921 2939 3164 2986 manitas,
3194 2937 3247 2975 n.
3274 2930 3353 2977 11.

1885 3002 1965 3049 16.
2001 2997 2077 3050 Ad
2122 3005 2297 3050 actum
2335 2997 2455 3050 iidei
2492 3011 2811 3052 concurrere
2846 3006 3019 3066 potest
3057 2999 3331 3052 discursus
3369 3013 3455 3054 re-

1949 3080 2109 3138 mote,
2133 3081 2183 3126 et
2205 3081 2261 3126 ut
2282 3086 2444 3126 causa
2468 3086 2563 3140 per
2584 3074 2848 3138 accidens,
2874 3075 2987 3128 ead.
3016 3073 3153 3142 disp.
3179 3081 3225 3138 6,
3251 3083 3378 3130 sect.
3405 3081 3451 3139 4,

1954 3163 2102 3203 num.
2133 3155 2178 3202 1.

1888 3229 1968 3277 16.
2004 3225 2311 3279 Necessario
2341 3225 2549 3278 dandus
2574 3233 2655 3278 est
2682 3226 2874 3291 aliquis
2904 3233 3053 3279 actus
3078 3226 3200 3279 fidei
3226 3226 3315 3292 qui
3345 3239 3453 3280 non

1949 3301 2016 3352 sit
2046 3314 2109 3356 ex
2132 3302 2395 3364 discursu,
2420 3302 2518 3355 sed
2543 3315 2637 3367 per
2662 3303 2879 3354 modum
2902 3301 3160 3368 simplicis
3179 3317 3451 3366 assensus,

1949 3377 2101 3438 ibid..
2131 3391 2277 3430 num.
2312 3382 2356 3430 ⁴.

1947 3455 2061 3506 lmo
2090 3455 2268 3507 omnis
2296 3461 2445 3506 actus
2471 3451 2593 3505 fidei
2619 3453 2689 3505 ita
2714 3459 2793 3504 est
2816 3453 3039 3519 simplex
3062 3460 3116 3506 ut
3142 3465 3312 3544 pffise
3343 3467 3453 3507 non

1951 3527 2201 3583 fundetur
2230 3531 2283 3581 in
2314 3530 2581 3592 discursu,
2608 3542 2753 3580 num.
2783 3534 2810 3579 5
2840 3536 2891 3581 et
2920 3534 2966 3580 6.

1887 3609 1965 3659 17.
2002 3605 2145 3658 Fidei
2174 3612 2324 3657 actus
2345 3606 2411 3658 ab
2435 3617 2659 3656 assensu
2684 3604 2982 3671 theologico
3008 3604 3060 3656 in
3085 3619 3193 3672 quo
3221 3607 3450 3666 differat,

1954 3680 2103 3744 ibid„
2137 3695 2189 3733 n.
2222 3686 2299 3744 19,
2332 3681 2451 3734 vide
2481 3681 2639 3733 etiam
2670 3693 2954 3732 coactusto.

1887 3763 1963 3810 18.
2004 3762 2269 3811 Assensus
2298 3757 2419 3809 fidei
2448 3765 2529 3809 est
2557 3757 2978 3812 substantialiter
3006 3758 3449 3823 supernaturalis,

1947 3835 2135 3888 eadem
2168 3834 2304 3900 disp.
2333 3839 2379 3895 6,
2408 3841 2535 3886 sect.
2565 3840 2609 3890 5.
2638 3847 2781 3885 num.
2811 3837 2857 3886 1.

1946 3911 2169 3976 Semper
2196 3923 2354 3963 verus
2383 3917 2435 3962 et
2465 3909 2774 3969 infallibilis,
2804 3923 2951 3962 num.
2976 3913 3025 3960 2.

1949 3991 2027 4038 An
2058 3988 2244 4038 saltem
2270 3985 2437 4050 possit
2458 3997 2778 4037 concurrere
2801 3985 2867 4037 ad
2893 3983 3104 4050 falsum,
3130 3999 3226 4050 per
3250 3984 3455 4052 paralo-

1949 4063 2181 4128 gismum
2212 4062 2350 4113 male
2380 4061 2680 4123 inserendo,
2703 4073 2848 4113 num.
2884 4065 2928 4114 ⁴.

1886 4142 1967 4190 19.
2004 4139 2162 4190 Actus
2190 4136 2309 4188 fidei
2342 4145 2420 4190 est
2446 4136 2737 4188 formaliter
2775 4135 3055 4189 inevidens
3092 4144 3146 4189 et
3173 4138 3453 4200 obscurus,

1951 4213 2102 4275 ibid„
2129 4228 2179 4266 n.
2206 4219 2259 4276 5;
2280 4213 2592 4278 simpliciter
2614 4220 2789 4266 tamen
2811 4221 3007 4276 certuS,
3024 4215 3144 4265 vide
3165 4229 3451 4268 citarit-noo.

1887 4294 1968 4342 20.
2006 4294 2062 4342 ln
2084 4297 2201 4342 actu
2226 4289 2347 4340 fidei
2378 4288 2572 4354 duplex
2600 4297 2680 4341 est
2707 4289 2842 4341 ratio
2870 4288 3097 4351 virtutiS,
3124 4289 3456 4344 intellectua-

1952 4368 2015 4419 lis
2043 4374 2095 4420 et
2124 4365 2358 4426 moralis,
2384 4365 2521 4430 disp.
2549 4370 2595 4426 6,
2623 4373 2750 4417 sect.
2777 4371 2823 4424 6,
2855 4379 3004 4418 num.
3031 4371 3075 4417 1.

241 4447 290 4492 2.
314 4446 474 4496 Actus
495 4443 614 4495 tidei
639 4456 780 4496 verae
802 4442 1042 4498 definitio
1066 4445 1401 4510 proponitur,
1419 4451 1470 4498 et
1495 4445 1802 4512 explicatur,
1884 4448 1964 4496 31.
2001 4447 2159 4496 Actus
2185 4441 2305 4494 iidei
2331 4453 2437 4492 non
2464 4449 2544 4492 est
2564 4441 2793 4494 elicitive
2819 4454 2850 4493 a
2873 4442 3162 4502 voluntate,
3184 4441 3301 4495 eod.
3331 4455 3381 4494 n.
3406 4449 3453 4496 1.

307 4517 455 4578 ibid..
484 4531 678 4571 anum.
709 4523 755 4580 5,

242 4598 292 4645 3.
325 4598 484 4646 Actus
522 4593 646 4646 fidei
678 4608 746 4648 an
782 4602 922 4648 recte
959 4594 1243 4649 definiatur
1265 4595 1651 4662 sperandarum
1683 4596 1806 4649 sub-

307 4671 500 4721 stantia
527 4684 724 4731 rerum,
749 4680 873 4734 etc.,
893 4671 1010 4724 ead.
1039 4671 1176 4738 disp.
1202 4677 1254 4732 6,
1275 4678 1402 4724 sect..
1431 4677 1479 4734 2,
1504 4685 1598 4734 per
1621 4679 1801 4726 totam.

241 4749 293 4797 4.
330 4749 490 4798 Actus
511 4745 636 4798 fidei
657 4746 850 4800 divisio
869 4748 922 4799 in
948 4748 1216 4801 internum
1239 4754 1292 4800 et
1314 4753 1590 4800 externum
1613 4750 1802 4815 qualiS,

307 4829 434 4874 sect.
457 4825 504 4883 3,
528 4835 676 4874 num.
699 4828 746 4875 1.

307 4897 483 4960 Qualis
507 4898 564 4951 in
601 4907 778 4952 actum
807 4897 1057 4953 credendi
1095 4901 1221 4962 Deo,
1249 4900 1432 4962 Deum,
1457 4906 1509 4952 et
1537 4899 1592 4952 in
1624 4901 1804 4954 Deum.

307 4973 458 5036 ibid„
485 4988 515 5027 a
539 4989 590 5028 n.
617 4980 664 5026 2.

308 5049 484 5112 Qualis
517 5052 574 5103 in
609 5050 966 5104 universalem
989 5057 1040 5102 et
1069 5051 1462 5117 particularem,
1491 5065 1637 5104 num.
1662 5055 1708 5103 6.

283 5128 364 5190 ,ln
393 5128 690 5191 explicitam
718 5134 768 5180 et
797 5127 1130 5193 implicitam,
1156 5141 1303 5182 num.
1333 5133 1380 5180 8.

304 5205 362 5254 ln
389 5203 670 5256 mediatam
701 5212 753 5256 et
782 5205 1164 5260 immed-atam,
1191 5217 1338 5257 num.
1361 5209 1390 5254 9
1414 5211 1466 5255 et
1495 5207 1574 5254 10.

243 5282 290 5328 5.
327 5277 469 5330 Fidei
517 5285 692 5333 actum
733 5279 1019 5332 mediatum
1065 5279 1133 5331 ab
1172 5281 1358 5330 nabitu
1398 5279 1524 5331 fidei
1570 5277 1807 5330 elicitum

307 5356 509 5406 nullum
535 5355 650 5407 dari
673 5355 998 5418 ostenditur,
1030 5363 1219 5409 contra
1245 5357 1472 5416 Banhes.
1499 5356 1619 5408 eod.
1647 5369 1700 5407 n.
1729 5359 1804 5429 1⁰..

243 5434 288 5480 6.
325 5430 522 5482 Omnes
571 5430 695 5484 fidei
741 5442 890 5484 actus
931 5445 1050 5485 esse
1099 5431 1339 5497 ejusdcm
1385 5430 1582 5496 speciei
1631 5429 1808 5495 quoad

305 5505 679 5569 substantiam,
708 5507 856 5569 ibid„
883 5521 1030 5560 num.
1062 5512 1138 5559 11.

245 5585 290 5632 7.
329 5585 618 5648 assensus,
657 5597 764 5648 quo
793 5585 914 5649 quis
942 5585 1215 5640 evidenter
1235 5576 1451 5650 'judicat
1491 5583 1656 5634 Deum
1685 5591 1808 5633 esse

1947 4519 2036 4569 Est
2059 4521 2233 4568 tamen
2259 4515 2407 4576 liber,
2432 4521 2483 4567 et
2503 4517 2679 4580 quoad
2706 4516 3183 4582 specificationem,
3204 4525 3256 4570 et
3278 4519 3457 4582 quoad

1946 4593 2273 4655 exercitium,
2302 4603 2451 4642 num.
2484 4596 2529 4641 5.

1949 4671 2081 4722 Item
2110 4667 2443 4721 voiuntarius
2475 4679 2567 4732 per
2592 4665 3083 4720 denominationem
3116 4667 3185 4720 ab
3215 4676 3335 4722 actu
3357 4683 3458 4723 vo·-

1951 4744 2169 4797 luntatis
2193 4743 2416 4809 positive
2444 4741 2707 4794 moventis
2734 4741 3078 4804 intellectum,
3104 4757 3250 4796 num.
3276 4751 3303 4795 6
3330 4752 3381 4798 et
3407 4750 3452 4796 7.

1889 4825 1979 4875 93.
2007 4825 2165 4872 Actus
2196 4819 2319 4871 fidei
2350 4823 2431 4870 est
2462 4817 2734 4870 moraliter
2765 4817 3023 4871 honestus
3064 4827 3115 4872 et
3156 4822 3454 4886 laudabilia,

1950 4896 2067 4948 ead.
2096 4895 2233 4960 disp.
2260 4899 2311 4956 6,
2336 4900 2463 4945 sect.
2491 4896 2537 4956 7,
2566 4905 2713 4946 num.
2744 4897 2771 4943 8
2801 4903 2852 4945 et
2879 4898 2926 4945 9.

1951 4971 2055 5024 Ν66
2080 4970 2185 5022 ullo
2210 4982 2372 5035 pravo
2397 4969 2501 5022 line
2530 4974 2620 5020 aut
2644 4968 3043 5022 circumstantia
3070 4976 3243 5036 potest
3264 4971 3454 5035 vitiari,

1954 5061 2007 5099 n.
2033 5053 2119 5109 12;
2154 5052 2327 5112 potest
2349 5053 2527 5098 tamen
2563 5045 2802 5108 compari
2832 5045 2993 5097 alium
3024 5053 3199 5098 actum
3241 5056 3457 5100 natura-

1954 5123 2055 5174 lem
2089 5135 2307 5187 pravum
2339 5135 2403 5173 ex
2433 5120 2669 5172 indebito
2699 5119 2823 5183 stne,
2852 5135 2999 5174 num.
3033 5127 3111 5174 13.

1889 5202 1966 5248 23.
2006 5201 2165 5250 Actus
2194 5197 2315 5250 fidei
2345 5197 2412 5248 de
2441 5210 2500 5248 se
2530 5204 2609 5248 est
2640 5197 2965 5260 meritoriuS,
2996 5196 3154 5258 ibid..
3188 5212 3334 5250 num.
3375 5204 3457 5251 14.

1889 5277 1970 5325 2⁴.
2007 5275 2212 5326 Primus
2259 5273 2381 5325 fidei
2425 5279 2573 5324 actus
2611 5279 2691 5324 est
2742 5273 3047 5325 meritorius
3088 5273 3155 5326 de
3198 5287 3458 5340 congruo,

1951 5351 2111 5403 etiam
2136 5351 2351 5416 quando
2380 5356 2617 5414 tempore
2644 5348 2909 5400 antecedit
2938 5349 3160 5416 gratiam
3198 5358 3249 5402 et
3278 5351 3459 5403 citari-

1956 5432 2136 5486 latent,
2166 5439 2311 5478 num.
2346 5429 2423 5475 15.

1952 5502 2087 5564 Quid
2114 5501 2180 5552 de
2206 5501 2393 5552 merito
2423 5499 2490 5552 dc
2520 5497 2810 5564 condigno,
2836 5499 3050 5564 quando
3080 5500 3282 5565 primus
3308 5509 3459 5554 actus

1958 5579 2015 5632 lit
2035 5578 2102 5630 ab
2130 5577 2343 5630 homine
2361 5579 2471 5644 jam
2495 5577 2798 5642 justincat0,
2828 5589 2973 5629 uum.
3005 5581 3082 5630 16.
