<?xml version="1.0" encoding="UTF-8"?>
<!DOCTYPE html PUBLIC "-//W3C//DTD XHTML 1.0 Transitional//EN"
    "http://www.w3.org/TR/xhtml1/DTD/xhtml1-transitional.dtd">
<html xmlns="http://www.w3.org/1999/xhtml" xml:lang="en" lang="en">
 <head>
  <title>
</title>
<meta http-equiv="Content-Type" content="text/html;charset=utf-8" />
  <meta name='ocr-system' content='tesseract 3.04.00' />
  <meta name='ocr-capabilities' content='ocr_page ocr_carea ocr_par ocr_line ocrx_word'/>
</head>
<body>
  <div class='ocr_page' id='page_1' title='image "./rpfranciscisuar00duvagoog_0542.png"; bbox 0 0 3900 6217; ppageno 0'>
   <div class='ocr_carea' id='block_1_1' title="bbox 461 309 2037 5516">
    <p class='ocr_par' dir='ltr' id='par_1_1' title="bbox 464 309 2037 5327">
     <span class='ocr_line' id='line_1_1' title="bbox 470 309 589 373; baseline 0 -1"><span class='ocrx_word' id='word_1_1' title='bbox 470 309 589 373; x_wconf 70' lang='lat'>524</span> 
     </span>
     <span class='ocr_line' id='line_1_2' title="bbox 471 414 2033 497; baseline -0.003 -18"><span class='ocrx_word' id='word_1_2' title='bbox 471 420 678 479; x_wconf 88' lang='lat' dir='ltr'>minus</span> <span class='ocrx_word' id='word_1_3' title='bbox 733 414 1086 497; x_wconf 80' lang='lat' dir='ltr'>generalem</span> <span class='ocrx_word' id='word_1_4' title='bbox 1143 416 1610 497; x_wconf 81' lang='lat' dir='ltr'>inquisitionem</span> <span class='ocrx_word' id='word_1_5' title='bbox 1653 423 1716 479; x_wconf 92' lang='lat' dir='ltr'>et</span> <span class='ocrx_word' id='word_1_6' title='bbox 1769 415 2033 476; x_wconf 89' lang='lat' dir='ltr'>interro-</span> 
     </span>
     <span class='ocr_line' id='line_1_3' title="bbox 471 508 2034 592; baseline -0.001 -20"><span class='ocrx_word' id='word_1_7' title='bbox 471 512 784 592; x_wconf 85' lang='lat' dir='ltr'>gationem</span> <span class='ocrx_word' id='word_1_8' title='bbox 823 508 1044 589; x_wconf 88' lang='lat' dir='ltr'>majori</span> <span class='ocrx_word' id='word_1_9' title='bbox 1083 528 1224 571; x_wconf 90' lang='lat' dir='ltr'>cum</span> <span class='ocrx_word' id='word_1_10' title='bbox 1259 509 1580 591; x_wconf 82' lang='lat' dir='ltr'>diligentia</span> <span class='ocrx_word' id='word_1_11' title='bbox 1620 516 1682 573; x_wconf 83' lang='lat' dir='ltr'>ct</span> <span class='ocrx_word' id='word_1_12' title='bbox 1711 510 2034 572; x_wconf 83' lang='lat' dir='ltr'>adverten-</span> 
     </span>
     <span class='ocr_line' id='line_1_4' title="bbox 471 600 2033 682; baseline -0.003 -18"><span class='ocrx_word' id='word_1_13' title='bbox 471 604 559 664; x_wconf 90' lang='lat' dir='ltr'>tia</span> <span class='ocrx_word' id='word_1_14' title='bbox 585 602 824 680; x_wconf 84' lang='lat' dir='ltr'>facere3</span> <span class='ocrx_word' id='word_1_15' title='bbox 849 600 1016 662; x_wconf 89' lang='lat' dir='ltr'>unde</span> <span class='ocrx_word' id='word_1_16' title='bbox 1047 602 1182 661; x_wconf 85' lang='lat' dir='ltr'>fieri</span> <span class='ocrx_word' id='word_1_17' title='bbox 1210 607 1406 681; x_wconf 91' lang='lat' dir='ltr'>potest</span> <span class='ocrx_word' id='word_1_18' title='bbox 1433 610 1502 662; x_wconf 92' lang='lat' dir='ltr'>ut</span> <span class='ocrx_word' id='word_1_19' title='bbox 1526 600 1798 682; x_wconf 76' lang='lat' dir='ltr'>aliquam</span> <span class='ocrx_word' id='word_1_20' title='bbox 1840 601 2033 681; x_wconf 82' lang='lat' dir='ltr'>majo-</span> 
     </span>
     <span class='ocr_line' id='line_1_5' title="bbox 471 684 2031 776; baseline -0.002 -19"><span class='ocrx_word' id='word_1_21' title='bbox 471 715 603 759; x_wconf 86' lang='lat' dir='ltr'>rem</span> <span class='ocrx_word' id='word_1_22' title='bbox 634 696 918 757; x_wconf 84' lang='lat' dir='ltr'>notitiam</span> <span class='ocrx_word' id='word_1_23' title='bbox 969 684 1400 775; x_wconf 84' lang='lat' dir='ltr'>cousequatur.</span> <span class='ocrx_word' id='word_1_24' title='bbox 1450 696 1752 771; x_wconf 90' lang='lat' dir='ltr'>Secundo,</span> <span class='ocrx_word' id='word_1_25' title='bbox 1801 695 2031 776; x_wconf 89' lang='lat' dir='ltr'>poterit</span> 
     </span>
     <span class='ocr_line' id='line_1_6' title="bbox 473 788 2033 869; baseline -0.002 -17"><span class='ocrx_word' id='word_1_26' title='bbox 473 790 660 853; x_wconf 87' lang='lat' dir='ltr'>etiam</span> <span class='ocrx_word' id='word_1_27' title='bbox 701 791 1000 869; x_wconf 84' lang='lat' dir='ltr'>majorem</span> <span class='ocrx_word' id='word_1_28' title='bbox 1036 789 1386 851; x_wconf 81' lang='lat' dir='ltr'>cautionem</span> <span class='ocrx_word' id='word_1_29' title='bbox 1417 794 1477 851; x_wconf 90' lang='lat' dir='ltr'>et</span> <span class='ocrx_word' id='word_1_30' title='bbox 1500 788 1890 869; x_wconf 83' lang='lat' dir='ltr'>vigilantiam</span> <span class='ocrx_word' id='word_1_31' title='bbox 1915 790 2033 850; x_wconf 87' lang='lat' dir='ltr'>cir-</span> 
     </span>
     <span class='ocr_line' id='line_1_7' title="bbox 472 880 2031 963; baseline -0.001 -18"><span class='ocrx_word' id='word_1_32' title='bbox 472 902 546 945; x_wconf 91' lang='lat' dir='ltr'>ca</span> <span class='ocrx_word' id='word_1_33' title='bbox 571 883 759 944; x_wconf 87' lang='lat' dir='ltr'>talem</span> <span class='ocrx_word' id='word_1_34' title='bbox 788 899 1111 963; x_wconf 89' lang='lat' dir='ltr'>personam</span> <span class='ocrx_word' id='word_1_35' title='bbox 1142 880 1462 958; x_wconf 89' lang='lat' dir='ltr'>adhibere,</span> <span class='ocrx_word' id='word_1_36' title='bbox 1484 881 1867 943; x_wconf 84' lang='lat' dir='ltr'>observando</span> <span class='ocrx_word' id='word_1_37' title='bbox 1888 901 2031 945; x_wconf 90' lang='lat' dir='ltr'>cum</span> 
     </span>
     <span class='ocr_line' id='line_1_8' title="bbox 470 973 2032 1056; baseline 0.001 -20"><span class='ocrx_word' id='word_1_38' title='bbox 470 975 801 1056; x_wconf 85' lang='lat' dir='ltr'>prudentia</span> <span class='ocrx_word' id='word_1_39' title='bbox 829 992 940 1055; x_wconf 90' lang='lat' dir='ltr'>per</span> <span class='ocrx_word' id='word_1_40' title='bbox 970 992 1057 1051; x_wconf 89' lang='lat' dir='ltr'>se,</span> <span class='ocrx_word' id='word_1_41' title='bbox 1099 973 1196 1035; x_wconf 85' lang='lat' dir='ltr'>vel</span> <span class='ocrx_word' id='word_1_42' title='bbox 1225 994 1334 1053; x_wconf 89' lang='lat' dir='ltr'>per</span> <span class='ocrx_word' id='word_1_43' title='bbox 1362 974 1633 1055; x_wconf 83' lang='lat' dir='ltr'>aliquem</span> <span class='ocrx_word' id='word_1_44' title='bbox 1677 975 1896 1051; x_wconf 87' lang='lat' dir='ltr'>alium,</span> <span class='ocrx_word' id='word_1_45' title='bbox 1939 976 2032 1037; x_wconf 82' lang='lat' dir='ltr'>vi-</span> 
     </span>
     <span class='ocr_line' id='line_1_9' title="bbox 471 1065 2033 1149; baseline 0 -20"><span class='ocrx_word' id='word_1_46' title='bbox 471 1076 628 1145; x_wconf 89' lang='lat' dir='ltr'>tam,</span> <span class='ocrx_word' id='word_1_47' title='bbox 661 1068 933 1130; x_wconf 86' lang='lat' dir='ltr'>actiones</span> <span class='ocrx_word' id='word_1_48' title='bbox 965 1074 1027 1129; x_wconf 88' lang='lat' dir='ltr'>et</span> <span class='ocrx_word' id='word_1_49' title='bbox 1066 1065 1252 1129; x_wconf 85' lang='lat' dir='ltr'>verba</span> <span class='ocrx_word' id='word_1_50' title='bbox 1285 1066 1427 1128; x_wconf 85' lang='lat' dir='ltr'>talis</span> <span class='ocrx_word' id='word_1_51' title='bbox 1474 1085 1779 1149; x_wconf 75' lang='lat' dir='ltr'>personae,</span> <span class='ocrx_word' id='word_1_52' title='bbox 1825 1076 1894 1129; x_wconf 91' lang='lat' dir='ltr'>ut</span> <span class='ocrx_word' id='word_1_53' title='bbox 1919 1066 2033 1129; x_wconf 88' lang='lat' dir='ltr'>ali-</span> 
     </span>
     <span class='ocr_line' id='line_1_10' title="bbox 472 1160 2033 1243; baseline 0.001 -22"><span class='ocrx_word' id='word_1_54' title='bbox 472 1180 594 1243; x_wconf 86' lang='lat' dir='ltr'>qua</span> <span class='ocrx_word' id='word_1_55' title='bbox 623 1160 742 1223; x_wconf 86' lang='lat' dir='ltr'>alia</span> <span class='ocrx_word' id='word_1_56' title='bbox 789 1160 1039 1237; x_wconf 89' lang='lat' dir='ltr'>indicia,</span> <span class='ocrx_word' id='word_1_57' title='bbox 1086 1162 1139 1221; x_wconf 87' lang='lat' dir='ltr'>si</span> <span class='ocrx_word' id='word_1_58' title='bbox 1165 1160 1303 1222; x_wconf 88' lang='lat' dir='ltr'>fieri</span> <span class='ocrx_word' id='word_1_59' title='bbox 1345 1167 1576 1243; x_wconf 86' lang='lat' dir='ltr'>potest.</span> <span class='ocrx_word' id='word_1_60' title='bbox 1608 1160 1749 1221; x_wconf 89' lang='lat' dir='ltr'>talis</span> <span class='ocrx_word' id='word_1_61' title='bbox 1793 1162 2033 1241; x_wconf 86' lang='lat' dir='ltr'>peccati</span> 
     </span>
     <span class='ocr_line' id='line_1_11' title="bbox 471 1253 2033 1341; baseline -0.001 -26"><span class='ocrx_word' id='word_1_62' title='bbox 471 1254 772 1329; x_wconf 84' lang='lat' dir='ltr'>inveniat,</span> <span class='ocrx_word' id='word_1_63' title='bbox 809 1254 970 1333; x_wconf 88' lang='lat' dir='ltr'>quod</span> <span class='ocrx_word' id='word_1_64' title='bbox 1002 1254 1253 1333; x_wconf 89' lang='lat' dir='ltr'>quidem</span> <span class='ocrx_word' id='word_1_65' title='bbox 1283 1253 1516 1317; x_wconf 90' lang='lat' dir='ltr'>morale</span> <span class='ocrx_word' id='word_1_66' title='bbox 1557 1254 1697 1331; x_wconf 89' lang='lat' dir='ltr'>erit,</span> <span class='ocrx_word' id='word_1_67' title='bbox 1724 1254 1872 1341; x_wconf 86' lang='lat' dir='ltr'>quia</span> <span class='ocrx_word' id='word_1_68' title='bbox 1902 1254 2033 1315; x_wconf 79' lang='lat' dir='ltr'>11ae-</span> 
     </span>
     <span class='ocr_line' id='line_1_12' title="bbox 470 1348 2025 1429; baseline -0.001 -20"><span class='ocrx_word' id='word_1_69' title='bbox 470 1348 620 1411; x_wconf 84' lang='lat' dir='ltr'>resis</span> <span class='ocrx_word' id='word_1_70' title='bbox 674 1354 882 1408; x_wconf 83' lang='lat' dir='ltr'>mente</span> <span class='ocrx_word' id='word_1_71' title='bbox 938 1354 1235 1429; x_wconf 85' lang='lat' dir='ltr'>concepta</span> <span class='ocrx_word' id='word_1_72' title='bbox 1284 1348 1388 1408; x_wconf 88' lang='lat' dir='ltr'>vix</span> <span class='ocrx_word' id='word_1_73' title='bbox 1435 1348 1738 1409; x_wconf 81' lang='lat' dir='ltr'>contineri</span> <span class='ocrx_word' id='word_1_74' title='bbox 1787 1354 2025 1428; x_wconf 84' lang='lat' dir='ltr'>potest.</span> 
     </span>
     <span class='ocr_line' id='line_1_13' title="bbox 471 1440 2033 1521; baseline 0.002 -21"><span class='ocrx_word' id='word_1_75' title='bbox 471 1440 624 1521; x_wconf 87' lang='lat' dir='ltr'>quin</span> <span class='ocrx_word' id='word_1_76' title='bbox 653 1441 921 1501; x_wconf 86' lang='lat' dir='ltr'>exterius</span> <span class='ocrx_word' id='word_1_77' title='bbox 943 1440 1222 1521; x_wconf 87' lang='lat' dir='ltr'>prodeat.</span> <span class='ocrx_word' id='word_1_78' title='bbox 1251 1440 1481 1516; x_wconf 90' lang='lat' dir='ltr'>Terti0,</span> <span class='ocrx_word' id='word_1_79' title='bbox 1525 1458 1684 1520; x_wconf 81' lang='lat' dir='ltr'>saepe</span> <span class='ocrx_word' id='word_1_80' title='bbox 1725 1440 2033 1521; x_wconf 89' lang='lat' dir='ltr'>contingit</span> 
     </span>
     <span class='ocr_line' id='line_1_14' title="bbox 470 1533 2034 1613; baseline 0.001 -20"><span class='ocrx_word' id='word_1_81' title='bbox 470 1540 543 1593; x_wconf 90' lang='lat' dir='ltr'>ut</span> <span class='ocrx_word' id='word_1_82' title='bbox 578 1534 680 1613; x_wconf 89' lang='lat' dir='ltr'>qui</span> <span class='ocrx_word' id='word_1_83' title='bbox 722 1550 898 1595; x_wconf 87' lang='lat' dir='ltr'>suam</span> <span class='ocrx_word' id='word_1_84' title='bbox 921 1534 1207 1595; x_wconf 84' lang='lat' dir='ltr'>haeresim</span> <span class='ocrx_word' id='word_1_85' title='bbox 1245 1535 1359 1593; x_wconf 89' lang='lat' dir='ltr'>uni</span> <span class='ocrx_word' id='word_1_86' title='bbox 1386 1534 1499 1594; x_wconf 91' lang='lat' dir='ltr'>soli</span> <span class='ocrx_word' id='word_1_87' title='bbox 1537 1533 1800 1596; x_wconf 77' lang='lat' dir='ltr'>latenter</span> <span class='ocrx_word' id='word_1_88' title='bbox 1831 1539 2034 1595; x_wconf 87' lang='lat' dir='ltr'>osten-</span> 
     </span>
     <span class='ocr_line' id='line_1_15' title="bbox 472 1624 2033 1707; baseline 0.003 -20"><span class='ocrx_word' id='word_1_89' title='bbox 472 1626 586 1701; x_wconf 88' lang='lat' dir='ltr'>dit,</span> <span class='ocrx_word' id='word_1_90' title='bbox 617 1624 784 1686; x_wconf 92' lang='lat' dir='ltr'>idem</span> <span class='ocrx_word' id='word_1_91' title='bbox 833 1644 975 1687; x_wconf 91' lang='lat' dir='ltr'>cum</span> <span class='ocrx_word' id='word_1_92' title='bbox 1012 1626 1294 1707; x_wconf 90' lang='lat' dir='ltr'>pluribus</span> <span class='ocrx_word' id='word_1_93' title='bbox 1323 1626 1641 1705; x_wconf 85' lang='lat' dir='ltr'>sigillatim</span> <span class='ocrx_word' id='word_1_94' title='bbox 1690 1632 1750 1687; x_wconf 88' lang='lat' dir='ltr'>et</span> <span class='ocrx_word' id='word_1_95' title='bbox 1799 1628 2033 1691; x_wconf 84' lang='lat' dir='ltr'>occulte</span> 
     </span>
     <span class='ocr_line' id='line_1_16' title="bbox 472 1718 2037 1801; baseline 0.003 -20"><span class='ocrx_word' id='word_1_96' title='bbox 472 1720 680 1794; x_wconf 87' lang='lat' dir='ltr'>faciat,</span> <span class='ocrx_word' id='word_1_97' title='bbox 715 1718 974 1799; x_wconf 88' lang='lat' dir='ltr'>ideoque</span> <span class='ocrx_word' id='word_1_98' title='bbox 1005 1720 1273 1781; x_wconf 83' lang='lat' dir='ltr'>maxime</span> <span class='ocrx_word' id='word_1_99' title='bbox 1297 1720 1543 1799; x_wconf 87' lang='lat' dir='ltr'>expedit</span> <span class='ocrx_word' id='word_1_100' title='bbox 1573 1726 1644 1780; x_wconf 90' lang='lat' dir='ltr'>ut</span> <span class='ocrx_word' id='word_1_101' title='bbox 1671 1721 1898 1801; x_wconf 85' lang='lat' dir='ltr'>singuli</span> <span class='ocrx_word' id='word_1_102' title='bbox 1930 1722 2037 1785; x_wconf 86' lang='lat' dir='ltr'>de-</span> 
     </span>
     <span class='ocr_line' id='line_1_17' title="bbox 471 1812 2036 1895; baseline 0.002 -22"><span class='ocrx_word' id='word_1_103' title='bbox 471 1814 766 1874; x_wconf 74' lang='lat' dir='ltr'>nuntient</span> <span class='ocrx_word' id='word_1_104' title='bbox 780 1835 800 1889; x_wconf 82' lang='lat'>3</span> <span class='ocrx_word' id='word_1_105' title='bbox 824 1832 994 1889; x_wconf 88' lang='lat' dir='ltr'>nam,</span> <span class='ocrx_word' id='word_1_106' title='bbox 1021 1813 1072 1875; x_wconf 88' lang='lat' dir='ltr'>si</span> <span class='ocrx_word' id='word_1_107' title='bbox 1095 1812 1300 1895; x_wconf 89' lang='lat' dir='ltr'>plures</span> <span class='ocrx_word' id='word_1_108' title='bbox 1329 1820 1721 1889; x_wconf 83' lang='lat' dir='ltr'>concurrant,</span> <span class='ocrx_word' id='word_1_109' title='bbox 1746 1813 1888 1877; x_wconf 89' lang='lat' dir='ltr'>licet</span> <span class='ocrx_word' id='word_1_110' title='bbox 1911 1814 2036 1876; x_wconf 85' lang='lat' dir='ltr'>sint</span> 
     </span>
     <span class='ocr_line' id='line_1_18' title="bbox 471 1906 2037 1985; baseline 0.002 -19"><span class='ocrx_word' id='word_1_111' title='bbox 471 1912 655 1970; x_wconf 87' lang='lat' dir='ltr'>testes</span> <span class='ocrx_word' id='word_1_112' title='bbox 700 1906 1042 1985; x_wconf 81' lang='lat' dir='ltr'>singulares</span> <span class='ocrx_word' id='word_1_113' title='bbox 1085 1907 1151 1967; x_wconf 92' lang='lat' dir='ltr'>in</span> <span class='ocrx_word' id='word_1_114' title='bbox 1206 1906 1324 1967; x_wconf 88' lang='lat' dir='ltr'>hoc</span> <span class='ocrx_word' id='word_1_115' title='bbox 1361 1906 1622 1982; x_wconf 84' lang='lat' dir='ltr'>delicte,</span> <span class='ocrx_word' id='word_1_116' title='bbox 1670 1908 1940 1969; x_wconf 89' lang='lat' dir='ltr'>multum</span> <span class='ocrx_word' id='word_1_117' title='bbox 1972 1926 2037 1970; x_wconf 89' lang='lat' dir='ltr'>se</span> 
     </span>
     <span class='ocr_line' id='line_1_19' title="bbox 469 1998 2037 2085; baseline 0.003 -27"><span class='ocrx_word' id='word_1_118' title='bbox 469 2000 712 2085; x_wconf 82' lang='lat' dir='ltr'>juvant,</span> <span class='ocrx_word' id='word_1_119' title='bbox 763 2006 825 2061; x_wconf 91' lang='lat' dir='ltr'>et</span> <span class='ocrx_word' id='word_1_120' title='bbox 864 2000 953 2060; x_wconf 88' lang='lat' dir='ltr'>ita</span> <span class='ocrx_word' id='word_1_121' title='bbox 998 2000 1048 2059; x_wconf 92' lang='lat' dir='ltr'>si</span> <span class='ocrx_word' id='word_1_122' title='bbox 1087 1998 1210 2061; x_wconf 90' lang='lat' dir='ltr'>duo</span> <span class='ocrx_word' id='word_1_123' title='bbox 1246 2002 1547 2076; x_wconf 86' lang='lat' dir='ltr'>existant,</span> <span class='ocrx_word' id='word_1_124' title='bbox 1605 2000 1920 2062; x_wconf 88' lang='lat' dir='ltr'>sufficiunt</span> <span class='ocrx_word' id='word_1_125' title='bbox 1968 2008 2037 2062; x_wconf 89' lang='lat' dir='ltr'>ut</span> 
     </span>
     <span class='ocr_line' id='line_1_20' title="bbox 471 2093 2034 2177; baseline 0.003 -22"><span class='ocrx_word' id='word_1_126' title='bbox 471 2101 688 2155; x_wconf 84' lang='lat' dir='ltr'>contra</span> <span class='ocrx_word' id='word_1_127' title='bbox 725 2113 904 2155; x_wconf 91' lang='lat' dir='ltr'>reum</span> <span class='ocrx_word' id='word_1_128' title='bbox 928 2093 1316 2175; x_wconf 85' lang='lat' dir='ltr'>procedatur,</span> <span class='ocrx_word' id='word_1_129' title='bbox 1348 2102 1409 2158; x_wconf 89' lang='lat' dir='ltr'>et</span> <span class='ocrx_word' id='word_1_130' title='bbox 1448 2101 1518 2155; x_wconf 91' lang='lat' dir='ltr'>ut</span> <span class='ocrx_word' id='word_1_131' title='bbox 1539 2095 1793 2157; x_wconf 88' lang='lat' dir='ltr'>tandem</span> <span class='ocrx_word' id='word_1_132' title='bbox 1825 2096 2034 2177; x_wconf 83' lang='lat' dir='ltr'>aliqua</span> 
     </span>
     <span class='ocr_line' id='line_1_21' title="bbox 471 2183 2035 2268; baseline 0.003 -22"><span class='ocrx_word' id='word_1_133' title='bbox 471 2204 656 2266; x_wconf 86' lang='lat' dir='ltr'>poena</span> <span class='ocrx_word' id='word_1_134' title='bbox 703 2183 1029 2263; x_wconf 87' lang='lat' dir='ltr'>afficiatur,</span> <span class='ocrx_word' id='word_1_135' title='bbox 1072 2188 1313 2248; x_wconf 88' lang='lat' dir='ltr'>etiamsi</span> <span class='ocrx_word' id='word_1_136' title='bbox 1345 2188 1544 2268; x_wconf 88' lang='lat' dir='ltr'>major</span> <span class='ocrx_word' id='word_1_137' title='bbox 1584 2188 1866 2267; x_wconf 89' lang='lat' dir='ltr'>probatio</span> <span class='ocrx_word' id='word_1_138' title='bbox 1905 2207 2035 2251; x_wconf 86' lang='lat' dir='ltr'>non</span> 
     </span>
     <span class='ocr_line' id='line_1_22' title="bbox 473 2280 2035 2359; baseline 0.003 -19"><span class='ocrx_word' id='word_1_139' title='bbox 473 2280 846 2341; x_wconf 88' lang='lat' dir='ltr'>inveniatur.</span> <span class='ocrx_word' id='word_1_140' title='bbox 874 2281 1219 2342; x_wconf 79' lang='lat' dir='ltr'>Praesertim</span> <span class='ocrx_word' id='word_1_141' title='bbox 1249 2281 1396 2359; x_wconf 88' lang='lat' dir='ltr'>quia</span> <span class='ocrx_word' id='word_1_142' title='bbox 1421 2282 1488 2341; x_wconf 87' lang='lat' dir='ltr'>in</span> <span class='ocrx_word' id='word_1_143' title='bbox 1522 2281 1639 2342; x_wconf 90' lang='lat' dir='ltr'>hoc</span> <span class='ocrx_word' id='word_1_144' title='bbox 1681 2282 1905 2343; x_wconf 91' lang='lat' dir='ltr'>delicto</span> <span class='ocrx_word' id='word_1_145' title='bbox 1928 2283 2035 2345; x_wconf 88' lang='lat' dir='ltr'>de·</span> 
     </span>
     <span class='ocr_line' id='line_1_23' title="bbox 471 2372 2033 2453; baseline 0.001 -20"><span class='ocrx_word' id='word_1_146' title='bbox 471 2372 795 2433; x_wconf 87' lang='lat' dir='ltr'>nuntiator</span> <span class='ocrx_word' id='word_1_147' title='bbox 824 2378 1023 2451; x_wconf 81' lang='lat' dir='ltr'>potest</span> <span class='ocrx_word' id='word_1_148' title='bbox 1050 2392 1178 2435; x_wconf 90' lang='lat' dir='ltr'>esse</span> <span class='ocrx_word' id='word_1_149' title='bbox 1209 2374 1398 2449; x_wconf 87' lang='lat' dir='ltr'>testis,</span> <span class='ocrx_word' id='word_1_150' title='bbox 1441 2378 1770 2453; x_wconf 86' lang='lat' dir='ltr'>postquam</span> <span class='ocrx_word' id='word_1_151' title='bbox 1808 2372 2033 2435; x_wconf 89' lang='lat' dir='ltr'>fiscalis</span> 
     </span>
     <span class='ocr_line' id='line_1_24' title="bbox 469 2464 2036 2546; baseline 0.003 -21"><span class='ocrx_word' id='word_1_152' title='bbox 469 2464 919 2525; x_wconf 85' lang='lat' dir='ltr'>accusationem</span> <span class='ocrx_word' id='word_1_153' title='bbox 954 2466 1234 2541; x_wconf 84' lang='lat' dir='ltr'>assumit,</span> <span class='ocrx_word' id='word_1_154' title='bbox 1272 2470 1345 2525; x_wconf 90' lang='lat' dir='ltr'>ut</span> <span class='ocrx_word' id='word_1_155' title='bbox 1372 2466 1641 2525; x_wconf 88' lang='lat' dir='ltr'>sumitur</span> <span class='ocrx_word' id='word_1_156' title='bbox 1680 2484 1754 2526; x_wconf 88' lang='lat' dir='ltr'>ex</span> <span class='ocrx_word' id='word_1_157' title='bbox 1783 2484 1920 2546; x_wconf 90' lang='lat' dir='ltr'>cap.</span> <span class='ocrx_word' id='word_1_158' title='bbox 1949 2466 2036 2529; x_wconf 75' lang='lat' dir='ltr'>In</span> 
     </span>
     <span class='ocr_line' id='line_1_25' title="bbox 470 2556 2035 2639; baseline 0.002 -22"><span class='ocrx_word' id='word_1_159' title='bbox 470 2558 653 2629; x_wconf 78' lang='lat' dir='ltr'>omni,</span> <span class='ocrx_word' id='word_1_160' title='bbox 687 2556 763 2617; x_wconf 89' lang='lat' dir='ltr'>de</span> <span class='ocrx_word' id='word_1_161' title='bbox 793 2557 1076 2617; x_wconf 88' lang='lat' dir='ltr'>Testibus</span> <span class='ocrx_word' id='word_1_162' title='bbox 1096 2603 1116 2634; x_wconf 93' lang='lat'>,</span> <span class='ocrx_word' id='word_1_163' title='bbox 1177 2576 1320 2619; x_wconf 90' lang='lat' dir='ltr'>cum</span> <span class='ocrx_word' id='word_1_164' title='bbox 1367 2558 1465 2617; x_wconf 88' lang='lat' dir='ltr'>his</span> <span class='ocrx_word' id='word_1_165' title='bbox 1513 2577 1651 2639; x_wconf 68' lang='lat' dir='ltr'>quas</span> <span class='ocrx_word' id='word_1_166' title='bbox 1687 2558 1776 2618; x_wconf 88' lang='lat' dir='ltr'>ibi</span> <span class='ocrx_word' id='word_1_167' title='bbox 1814 2564 2035 2620; x_wconf 88' lang='lat' dir='ltr'>notant</span> 
     </span>
     <span class='ocr_line' id='line_1_26' title="bbox 469 2649 2033 2728; baseline 0.001 -17"><span class='ocrx_word' id='word_1_168' title='bbox 469 2649 692 2727; x_wconf 89' lang='lat' dir='ltr'>Felin.,</span> <span class='ocrx_word' id='word_1_169' title='bbox 741 2668 915 2711; x_wconf 89' lang='lat' dir='ltr'>num.</span> <span class='ocrx_word' id='word_1_170' title='bbox 950 2652 990 2711; x_wconf 70' lang='lat'>4</span> <span class='ocrx_word' id='word_1_171' title='bbox 1005 2666 1026 2728; x_wconf 95' lang='lat'>3</span> <span class='ocrx_word' id='word_1_172' title='bbox 1058 2651 1512 2726; x_wconf 67' lang='lat' dir='ltr'>Panormitam„</span> <span class='ocrx_word' id='word_1_173' title='bbox 1559 2657 1621 2712; x_wconf 90' lang='lat' dir='ltr'>et</span> <span class='ocrx_word' id='word_1_174' title='bbox 1665 2650 1810 2726; x_wconf 81' lang='lat' dir='ltr'>alii3</span> <span class='ocrx_word' id='word_1_175' title='bbox 1846 2658 1909 2715; x_wconf 89' lang='lat' dir='ltr'>et</span> <span class='ocrx_word' id='word_1_176' title='bbox 1957 2650 2033 2713; x_wconf 89' lang='lat' dir='ltr'>de</span> 
     </span>
     <span class='ocr_line' id='line_1_27' title="bbox 469 2742 2028 2826; baseline 0.002 -22"><span class='ocrx_word' id='word_1_177' title='bbox 469 2762 585 2805; x_wconf 91' lang='lat' dir='ltr'>usu</span> <span class='ocrx_word' id='word_1_178' title='bbox 627 2742 1038 2805; x_wconf 85' lang='lat' dir='ltr'>testificantur</span> <span class='ocrx_word' id='word_1_179' title='bbox 1081 2744 1448 2821; x_wconf 78' lang='lat' dir='ltr'>Zanchinu5‚</span> <span class='ocrx_word' id='word_1_180' title='bbox 1490 2744 1565 2805; x_wconf 90' lang='lat' dir='ltr'>de</span> <span class='ocrx_word' id='word_1_181' title='bbox 1608 2744 1861 2819; x_wconf 65' lang='lat' dir='ltr'>Haeret„</span> <span class='ocrx_word' id='word_1_182' title='bbox 1892 2764 2028 2826; x_wconf 90' lang='lat' dir='ltr'>cap.</span> 
     </span>
     <span class='ocr_line' id='line_1_28' title="bbox 471 2836 2034 2919; baseline -0.001 -20"><span class='ocrx_word' id='word_1_183' title='bbox 471 2839 550 2900; x_wconf 86' lang='grc'>13</span> <span class='ocrx_word' id='word_1_184' title='bbox 566 2854 587 2915; x_wconf 83' lang='grc'>;</span> <span class='ocrx_word' id='word_1_185' title='bbox 615 2842 676 2899; x_wconf 89' lang='lat' dir='ltr'>et</span> <span class='ocrx_word' id='word_1_186' title='bbox 703 2838 1005 2913; x_wconf 87' lang='lat' dir='ltr'>Simanc.,</span> <span class='ocrx_word' id='word_1_187' title='bbox 1031 2836 1128 2899; x_wconf 90' lang='lat' dir='ltr'>tit.</span> <span class='ocrx_word' id='word_1_188' title='bbox 1161 2840 1260 2911; x_wconf 89' lang='grc'>19,</span> <span class='ocrx_word' id='word_1_189' title='bbox 1289 2855 1467 2898; x_wconf 90' lang='lat' dir='ltr'>num.</span> <span class='ocrx_word' id='word_1_190' title='bbox 1503 2840 1578 2897; x_wconf 86' lang='grc'>17</span> <span class='ocrx_word' id='word_1_191' title='bbox 1595 2852 1616 2914; x_wconf 92' lang='lat'>3</span> <span class='ocrx_word' id='word_1_192' title='bbox 1647 2843 1710 2897; x_wconf 89' lang='lat' dir='ltr'>et</span> <span class='ocrx_word' id='word_1_193' title='bbox 1741 2838 1898 2898; x_wconf 90' lang='lat' dir='ltr'>ratio</span> <span class='ocrx_word' id='word_1_194' title='bbox 1925 2857 2034 2919; x_wconf 90' lang='lat' dir='ltr'>op-</span> 
     </span>
     <span class='ocr_line' id='line_1_29' title="bbox 467 2930 2033 3011; baseline 0.001 -20"><span class='ocrx_word' id='word_1_195' title='bbox 467 2930 621 2992; x_wconf 87' lang='lat' dir='ltr'>tima</span> <span class='ocrx_word' id='word_1_196' title='bbox 649 2936 741 2991; x_wconf 89' lang='lat' dir='ltr'>est</span> <span class='ocrx_word' id='word_1_197' title='bbox 761 2978 780 3007; x_wconf 92' lang='lat'>,</span> <span class='ocrx_word' id='word_1_198' title='bbox 829 2932 976 3011; x_wconf 90' lang='lat' dir='ltr'>quia</span> <span class='ocrx_word' id='word_1_199' title='bbox 1017 2930 1416 2991; x_wconf 88' lang='lat' dir='ltr'>denuntiator</span> <span class='ocrx_word' id='word_1_200' title='bbox 1457 2949 1584 2990; x_wconf 90' lang='lat' dir='ltr'>non</span> <span class='ocrx_word' id='word_1_201' title='bbox 1619 2935 1708 2989; x_wconf 83' lang='lat' dir='ltr'>est</span> <span class='ocrx_word' id='word_1_202' title='bbox 1753 2949 1918 3011; x_wconf 77' lang='lat' dir='ltr'>para,</span> <span class='ocrx_word' id='word_1_203' title='bbox 1962 2937 2033 2992; x_wconf 93' lang='lat' dir='ltr'>ut</span> 
     </span>
     <span class='ocr_line' id='line_1_30' title="bbox 468 3023 2032 3106; baseline 0.002 -21"><span class='ocrx_word' id='word_1_204' title='bbox 468 3042 652 3104; x_wconf 87' lang='lat' dir='ltr'>supra</span> <span class='ocrx_word' id='word_1_205' title='bbox 681 3023 834 3101; x_wconf 82' lang='lat' dir='ltr'>dixi,</span> <span class='ocrx_word' id='word_1_206' title='bbox 871 3043 986 3086; x_wconf 91' lang='lat' dir='ltr'>nec</span> <span class='ocrx_word' id='word_1_207' title='bbox 1030 3024 1254 3106; x_wconf 86' lang='lat' dir='ltr'>quaerit</span> <span class='ocrx_word' id='word_1_208' title='bbox 1289 3024 1684 3086; x_wconf 89' lang='lat' dir='ltr'>commodum</span> <span class='ocrx_word' id='word_1_209' title='bbox 1727 3031 1836 3084; x_wconf 90' lang='lat' dir='ltr'>aut</span> <span class='ocrx_word' id='word_1_210' title='bbox 1874 3026 2032 3089; x_wconf 82' lang='lat' dir='ltr'>inte-</span> 
     </span>
     <span class='ocr_line' id='line_1_31' title="bbox 468 3117 2033 3195; baseline 0.001 -16"><span class='ocrx_word' id='word_1_211' title='bbox 468 3136 630 3179; x_wconf 86' lang='lat' dir='ltr'>resse</span> <span class='ocrx_word' id='word_1_212' title='bbox 674 3136 894 3192; x_wconf 89' lang='lat' dir='ltr'>suum,</span> <span class='ocrx_word' id='word_1_213' title='bbox 945 3123 1008 3177; x_wconf 90' lang='lat' dir='ltr'>et</span> <span class='ocrx_word' id='word_1_214' title='bbox 1061 3117 1198 3177; x_wconf 89' lang='lat' dir='ltr'>ideo</span> <span class='ocrx_word' id='word_1_215' title='bbox 1249 3122 1559 3195; x_wconf 88' lang='lat' dir='ltr'>suspectus</span> <span class='ocrx_word' id='word_1_216' title='bbox 1598 3134 1724 3176; x_wconf 89' lang='lat' dir='ltr'>non</span> <span class='ocrx_word' id='word_1_217' title='bbox 1780 3122 1870 3177; x_wconf 84' lang='lat' dir='ltr'>est</span> <span class='ocrx_word' id='word_1_218' title='bbox 1897 3164 1913 3193; x_wconf 96' lang='lat'>,</span> <span class='ocrx_word' id='word_1_219' title='bbox 1961 3136 2033 3180; x_wconf 93' lang='lat' dir='ltr'>ac</span> 
     </span>
     <span class='ocr_line' id='line_1_32' title="bbox 469 3209 2031 3290; baseline -0.001 -19"><span class='ocrx_word' id='word_1_220' title='bbox 469 3210 728 3290; x_wconf 86' lang='lat' dir='ltr'>proinde</span> <span class='ocrx_word' id='word_1_221' title='bbox 755 3210 1067 3288; x_wconf 87' lang='lat' dir='ltr'>integrum</span> <span class='ocrx_word' id='word_1_222' title='bbox 1096 3215 1186 3270; x_wconf 89' lang='lat' dir='ltr'>est</span> <span class='ocrx_word' id='word_1_223' title='bbox 1212 3210 1636 3270; x_wconf 87' lang='lat' dir='ltr'>testimonium</span> <span class='ocrx_word' id='word_1_224' title='bbox 1661 3209 1814 3287; x_wconf 84' lang='lat' dir='ltr'>ejus.</span> <span class='ocrx_word' id='word_1_225' title='bbox 1841 3210 2031 3283; x_wconf 88' lang='lat' dir='ltr'>Quar-</span> 
     </span>
     <span class='ocr_line' id='line_1_33' title="bbox 467 3300 2030 3381; baseline 0.001 -19"><span class='ocrx_word' id='word_1_226' title='bbox 467 3308 556 3378; x_wconf 91' lang='lat' dir='ltr'>to,</span> <span class='ocrx_word' id='word_1_227' title='bbox 595 3308 688 3362; x_wconf 87' lang='lat' dir='ltr'>cst</span> <span class='ocrx_word' id='word_1_228' title='bbox 715 3300 900 3362; x_wconf 89' lang='lat' dir='ltr'>etiam</span> <span class='ocrx_word' id='word_1_229' title='bbox 931 3300 1168 3381; x_wconf 88' lang='lat' dir='ltr'>optima</span> <span class='ocrx_word' id='word_1_230' title='bbox 1199 3301 1354 3361; x_wconf 86' lang='lat' dir='ltr'>ratio</span> <span class='ocrx_word' id='word_1_231' title='bbox 1394 3306 1455 3361; x_wconf 91' lang='lat' dir='ltr'>et</span> <span class='ocrx_word' id='word_1_232' title='bbox 1490 3319 1718 3379; x_wconf 88' lang='lat' dir='ltr'>magna</span> <span class='ocrx_word' id='word_1_233' title='bbox 1745 3302 2030 3363; x_wconf 83' lang='lat' dir='ltr'>Ecclesiae</span> 
     </span>
     <span class='ocr_line' id='line_1_34' title="bbox 468 3392 2032 3469; baseline 0.002 -16"><span class='ocrx_word' id='word_1_234' title='bbox 468 3394 728 3469; x_wconf 88' lang='lat' dir='ltr'>utilitas,</span> <span class='ocrx_word' id='word_1_235' title='bbox 758 3399 828 3454; x_wconf 89' lang='lat' dir='ltr'>ut</span> <span class='ocrx_word' id='word_1_236' title='bbox 855 3393 1182 3455; x_wconf 83' lang='lat' dir='ltr'>haereticus</span> <span class='ocrx_word' id='word_1_237' title='bbox 1228 3411 1355 3454; x_wconf 89' lang='lat' dir='ltr'>non</span> <span class='ocrx_word' id='word_1_238' title='bbox 1391 3394 1469 3455; x_wconf 84' lang='lat' dir='ltr'>sit</span> <span class='ocrx_word' id='word_1_239' title='bbox 1495 3412 1532 3454; x_wconf 89' lang='lat' dir='ltr'>a</span> <span class='ocrx_word' id='word_1_240' title='bbox 1562 3392 2032 3456; x_wconf 87' lang='lat' dir='ltr'>denuntiatione</span> 
     </span>
     <span class='ocr_line' id='line_1_35' title="bbox 468 3485 2029 3562; baseline 0 -14"><span class='ocrx_word' id='word_1_241' title='bbox 468 3504 738 3562; x_wconf 87' lang='lat' dir='ltr'>securus,</span> <span class='ocrx_word' id='word_1_242' title='bbox 773 3486 1015 3547; x_wconf 87' lang='lat' dir='ltr'>etiamsi</span> <span class='ocrx_word' id='word_1_243' title='bbox 1044 3485 1482 3548; x_wconf 88' lang='lat' dir='ltr'>occultisssime</span> <span class='ocrx_word' id='word_1_244' title='bbox 1511 3504 1653 3546; x_wconf 91' lang='lat' dir='ltr'>cum</span> <span class='ocrx_word' id='word_1_245' title='bbox 1696 3504 1825 3546; x_wconf 90' lang='lat' dir='ltr'>uno</span> <span class='ocrx_word' id='word_1_246' title='bbox 1853 3506 2029 3548; x_wconf 90' lang='lat' dir='ltr'>suam</span> 
     </span>
     <span class='ocr_line' id='line_1_36' title="bbox 468 3578 2033 3655; baseline 0.001 -16"><span class='ocrx_word' id='word_1_247' title='bbox 468 3578 752 3639; x_wconf 82' lang='lat' dir='ltr'>haeresim</span> <span class='ocrx_word' id='word_1_248' title='bbox 787 3578 1219 3655; x_wconf 88' lang='lat' dir='ltr'>communicet,</span> <span class='ocrx_word' id='word_1_249' title='bbox 1251 3598 1332 3639; x_wconf 88' lang='lat' dir='ltr'>ne</span> <span class='ocrx_word' id='word_1_250' title='bbox 1373 3579 1495 3640; x_wconf 92' lang='lat' dir='ltr'>hoc</span> <span class='ocrx_word' id='word_1_251' title='bbox 1536 3579 1720 3640; x_wconf 90' lang='lat' dir='ltr'>modo</span> <span class='ocrx_word' id='word_1_252' title='bbox 1760 3580 2033 3642; x_wconf 88' lang='lat' dir='ltr'>audeant</span> 
     </span>
     <span class='ocr_line' id='line_1_37' title="bbox 468 3670 2023 3748; baseline 0.001 -16"><span class='ocrx_word' id='word_1_253' title='bbox 468 3670 740 3732; x_wconf 83' lang='lat' dir='ltr'>haeretici</span> <span class='ocrx_word' id='word_1_254' title='bbox 783 3670 992 3732; x_wconf 85' lang='lat' dir='ltr'>fideles</span> <span class='ocrx_word' id='word_1_255' title='bbox 1028 3670 1320 3733; x_wconf 90' lang='lat' dir='ltr'>inducere</span> <span class='ocrx_word' id='word_1_256' title='bbox 1367 3672 1433 3732; x_wconf 90' lang='lat' dir='ltr'>in</span> <span class='ocrx_word' id='word_1_257' title='bbox 1479 3690 1654 3732; x_wconf 91' lang='lat' dir='ltr'>suam</span> <span class='ocrx_word' id='word_1_258' title='bbox 1699 3672 1982 3733; x_wconf 83' lang='lat' dir='ltr'>haeresim</span> <span class='ocrx_word' id='word_1_259' title='bbox 2002 3718 2023 3748; x_wconf 93' lang='lat'>,</span> 
     </span>
     <span class='ocr_line' id='line_1_38' title="bbox 469 3765 2027 3845; baseline 0.001 -20"><span class='ocrx_word' id='word_1_260' title='bbox 469 3782 608 3825; x_wconf 89' lang='lat' dir='ltr'>cum</span> <span class='ocrx_word' id='word_1_261' title='bbox 629 3765 887 3845; x_wconf 80' lang='lat' dir='ltr'>singulis</span> <span class='ocrx_word' id='word_1_262' title='bbox 911 3770 1152 3826; x_wconf 86' lang='lat' dir='ltr'>tantum</span> <span class='ocrx_word' id='word_1_263' title='bbox 1183 3765 1498 3843; x_wconf 76' lang='lat' dir='ltr'>sigillatim</span> <span class='ocrx_word' id='word_1_264' title='bbox 1528 3772 1592 3826; x_wconf 90' lang='lat' dir='ltr'>et</span> <span class='ocrx_word' id='word_1_265' title='bbox 1619 3765 2027 3827; x_wconf 87' lang='lat' dir='ltr'>occultissime</span> 
     </span>
     <span class='ocr_line' id='line_1_39' title="bbox 468 3856 2030 3939; baseline 0.001 -22"><span class='ocrx_word' id='word_1_266' title='bbox 468 3858 742 3936; x_wconf 89' lang='lat' dir='ltr'>agendo3</span> <span class='ocrx_word' id='word_1_267' title='bbox 775 3876 922 3937; x_wconf 87' lang='lat' dir='ltr'>ergo</span> <span class='ocrx_word' id='word_1_268' title='bbox 951 3877 1025 3919; x_wconf 86' lang='lat' dir='ltr'>ex</span> <span class='ocrx_word' id='word_1_269' title='bbox 1055 3866 1228 3939; x_wconf 89' lang='lat' dir='ltr'>parte</span> <span class='ocrx_word' id='word_1_270' title='bbox 1251 3856 1400 3919; x_wconf 88' lang='lat' dir='ltr'>boni</span> <span class='ocrx_word' id='word_1_271' title='bbox 1429 3860 1776 3919; x_wconf 88' lang='lat' dir='ltr'>communis</span> <span class='ocrx_word' id='word_1_272' title='bbox 1808 3859 2030 3919; x_wconf 88' lang='lat' dir='ltr'>hones-</span> 
     </span>
     <span class='ocr_line' id='line_1_40' title="bbox 468 3949 2029 4013; baseline 0.001 -2"><span class='ocrx_word' id='word_1_273' title='bbox 468 3951 704 4011; x_wconf 88' lang='lat' dir='ltr'>tissima</span> <span class='ocrx_word' id='word_1_274' title='bbox 741 3969 812 4012; x_wconf 90' lang='lat' dir='ltr'>ac</span> <span class='ocrx_word' id='word_1_275' title='bbox 849 3951 1188 4013; x_wconf 88' lang='lat' dir='ltr'>necessaria</span> <span class='ocrx_word' id='word_1_276' title='bbox 1217 3956 1307 4012; x_wconf 89' lang='lat' dir='ltr'>est</span> <span class='ocrx_word' id='word_1_277' title='bbox 1335 3949 1472 4012; x_wconf 91' lang='lat' dir='ltr'>talis</span> <span class='ocrx_word' id='word_1_278' title='bbox 1495 3952 1900 4013; x_wconf 90' lang='lat' dir='ltr'>denuntiatio.</span> <span class='ocrx_word' id='word_1_279' title='bbox 1937 3952 2029 4012; x_wconf 89' lang='lat' dir='ltr'>Ex</span> 
     </span>
     <span class='ocr_line' id='line_1_41' title="bbox 470 4043 2030 4123; baseline 0.003 -22"><span class='ocrx_word' id='word_1_280' title='bbox 470 4050 642 4121; x_wconf 89' lang='lat' dir='ltr'>parte</span> <span class='ocrx_word' id='word_1_281' title='bbox 689 4060 836 4104; x_wconf 80' lang='lat' dir='ltr'>vero</span> <span class='ocrx_word' id='word_1_282' title='bbox 875 4043 1194 4123; x_wconf 88' lang='lat' dir='ltr'>ipsiusmet</span> <span class='ocrx_word' id='word_1_283' title='bbox 1223 4044 1578 4105; x_wconf 85' lang='lat' dir='ltr'>denunciati</span> <span class='ocrx_word' id='word_1_284' title='bbox 1616 4044 1912 4123; x_wconf 89' lang='lat' dir='ltr'>probatur</span> <span class='ocrx_word' id='word_1_285' title='bbox 1937 4044 2030 4105; x_wconf 91' lang='lat' dir='ltr'>al-</span> 
     </span>
     <span class='ocr_line' id='line_1_42' title="bbox 467 4136 2024 4215; baseline 0.002 -21"><span class='ocrx_word' id='word_1_286' title='bbox 467 4140 602 4195; x_wconf 89' lang='lat' dir='ltr'>tera</span> <span class='ocrx_word' id='word_1_287' title='bbox 624 4152 786 4215; x_wconf 87' lang='lat' dir='ltr'>pars,</span> <span class='ocrx_word' id='word_1_288' title='bbox 819 4136 1042 4215; x_wconf 82' lang='lat' dir='ltr'>prime,</span> <span class='ocrx_word' id='word_1_289' title='bbox 1095 4154 1170 4197; x_wconf 86' lang='lat' dir='ltr'>ex</span> <span class='ocrx_word' id='word_1_290' title='bbox 1217 4138 1459 4197; x_wconf 89' lang='lat' dir='ltr'>ratione</span> <span class='ocrx_word' id='word_1_291' title='bbox 1507 4138 1788 4215; x_wconf 88' lang='lat' dir='ltr'>proxime</span> <span class='ocrx_word' id='word_1_292' title='bbox 1841 4136 2024 4211; x_wconf 87' lang='lat' dir='ltr'>facta,</span> 
     </span>
     <span class='ocr_line' id='line_1_43' title="bbox 469 4220 2029 4307; baseline 0.002 -20"><span class='ocrx_word' id='word_1_293' title='bbox 469 4245 614 4288; x_wconf 89' lang='lat' dir='ltr'>nam</span> <span class='ocrx_word' id='word_1_294' title='bbox 645 4226 762 4288; x_wconf 90' lang='lat' dir='ltr'>hoc</span> <span class='ocrx_word' id='word_1_295' title='bbox 806 4228 990 4289; x_wconf 90' lang='lat' dir='ltr'>modo</span> <span class='ocrx_word' id='word_1_296' title='bbox 1015 4228 1259 4290; x_wconf 88' lang='lat' dir='ltr'>timebit</span> <span class='ocrx_word' id='word_1_297' title='bbox 1303 4228 1501 4307; x_wconf 90' lang='lat' dir='ltr'>magis</span> <span class='ocrx_word' id='word_1_298' title='bbox 1528 4227 1626 4289; x_wconf 87' lang='lat' dir='ltr'>vel</span> <span class='ocrx_word' id='word_1_299' title='bbox 1650 4220 1716 4289; x_wconf 83' lang='lat' dir='ltr'>in</span> <span class='ocrx_word' id='word_1_300' title='bbox 1739 4227 2029 4290; x_wconf 60' lang='lat' dir='ltr'>haeresim</span> 
     </span>
     <span class='ocr_line' id='line_1_44' title="bbox 467 4318 2030 4402; baseline 0.003 -21"><span class='ocrx_word' id='word_1_301' title='bbox 467 4318 617 4396; x_wconf 90' lang='lat' dir='ltr'>labi,</span> <span class='ocrx_word' id='word_1_302' title='bbox 645 4320 742 4380; x_wconf 84' lang='lat' dir='ltr'>vel</span> <span class='ocrx_word' id='word_1_303' title='bbox 767 4322 983 4382; x_wconf 83' lang='lat' dir='ltr'>saltem</span> <span class='ocrx_word' id='word_1_304' title='bbox 1013 4340 1153 4382; x_wconf 91' lang='lat' dir='ltr'>cum</span> <span class='ocrx_word' id='word_1_305' title='bbox 1207 4323 1414 4402; x_wconf 91' lang='lat' dir='ltr'>aliquo</span> <span class='ocrx_word' id='word_1_306' title='bbox 1461 4320 1636 4382; x_wconf 90' lang='lat' dir='ltr'>illam</span> <span class='ocrx_word' id='word_1_307' title='bbox 1680 4323 2030 4385; x_wconf 89' lang='lat' dir='ltr'>communi-</span> 
     </span>
     <span class='ocr_line' id='line_1_45' title="bbox 467 4412 2029 4494; baseline 0.002 -22"><span class='ocrx_word' id='word_1_308' title='bbox 467 4431 634 4487; x_wconf 86' lang='lat' dir='ltr'>care,</span> <span class='ocrx_word' id='word_1_309' title='bbox 665 4412 764 4474; x_wconf 81' lang='lat' dir='ltr'>vel</span> <span class='ocrx_word' id='word_1_310' title='bbox 792 4413 1062 4494; x_wconf 87' lang='lat' dir='ltr'>aliquem</span> <span class='ocrx_word' id='word_1_311' title='bbox 1093 4413 1424 4490; x_wconf 84' lang='lat' dir='ltr'>inducere3</span> <span class='ocrx_word' id='word_1_312' title='bbox 1457 4420 1519 4475; x_wconf 90' lang='lat' dir='ltr'>et</span> <span class='ocrx_word' id='word_1_313' title='bbox 1545 4416 1632 4476; x_wconf 90' lang='lat' dir='ltr'>ita</span> <span class='ocrx_word' id='word_1_314' title='bbox 1668 4416 1885 4476; x_wconf 89' lang='lat' dir='ltr'>saltem</span> <span class='ocrx_word' id='word_1_315' title='bbox 1913 4416 2029 4475; x_wconf 91' lang='lat' dir='ltr'>mi-</span> 
     </span>
     <span class='ocr_line' id='line_1_46' title="bbox 467 4506 2026 4587; baseline 0.003 -22"><span class='ocrx_word' id='word_1_316' title='bbox 467 4522 586 4565; x_wconf 87' lang='lat' dir='ltr'>nus</span> <span class='ocrx_word' id='word_1_317' title='bbox 613 4506 908 4585; x_wconf 80' lang='lat' dir='ltr'>peccabit.</span> <span class='ocrx_word' id='word_1_318' title='bbox 935 4508 1243 4583; x_wconf 89' lang='lat' dir='ltr'>Secund0,</span> <span class='ocrx_word' id='word_1_319' title='bbox 1275 4510 1423 4587; x_wconf 90' lang='lat' dir='ltr'>quia</span> <span class='ocrx_word' id='word_1_320' title='bbox 1452 4508 1639 4567; x_wconf 89' lang='lat' dir='ltr'>etiam</span> <span class='ocrx_word' id='word_1_321' title='bbox 1671 4508 1747 4567; x_wconf 92' lang='lat' dir='ltr'>de</span> <span class='ocrx_word' id='word_1_322' title='bbox 1781 4514 2026 4587; x_wconf 88' lang='lat' dir='ltr'>peccato</span> 
     </span>
     <span class='ocr_line' id='line_1_47' title="bbox 465 4598 2029 4679; baseline 0.001 -20"><span class='ocrx_word' id='word_1_323' title='bbox 465 4598 790 4660; x_wconf 78' lang='lat' dir='ltr'>commisso</span> <span class='ocrx_word' id='word_1_324' title='bbox 814 4600 1066 4659; x_wconf 72' lang='lat' dir='ltr'>fol-tasse</span> <span class='ocrx_word' id='word_1_325' title='bbox 1093 4599 1214 4660; x_wconf 88' lang='lat' dir='ltr'>hoc</span> <span class='ocrx_word' id='word_1_326' title='bbox 1245 4600 1428 4660; x_wconf 90' lang='lat' dir='ltr'>modo</span> <span class='ocrx_word' id='word_1_327' title='bbox 1456 4600 1729 4679; x_wconf 85' lang='lat' dir='ltr'>aliquam</span> <span class='ocrx_word' id='word_1_328' title='bbox 1755 4602 2029 4662; x_wconf 87' lang='lat' dir='ltr'>inveniet</span> 
     </span>
     <span class='ocr_line' id='line_1_48' title="bbox 467 4692 2029 4772; baseline 0.002 -21"><span class='ocrx_word' id='word_1_329' title='bbox 467 4692 840 4752; x_wconf 90' lang='lat' dir='ltr'>medicinam</span> <span class='ocrx_word' id='word_1_330' title='bbox 862 4737 880 4768; x_wconf 94' lang='lat'>,</span> <span class='ocrx_word' id='word_1_331' title='bbox 937 4699 998 4753; x_wconf 89' lang='lat' dir='ltr'>et</span> <span class='ocrx_word' id='word_1_332' title='bbox 1034 4693 1344 4753; x_wconf 83' lang='lat' dir='ltr'>efficacem</span> <span class='ocrx_word' id='word_1_333' title='bbox 1373 4693 1813 4753; x_wconf 82' lang='lat' dir='ltr'>correctionem</span> <span class='ocrx_word' id='word_1_334' title='bbox 1831 4710 1852 4772; x_wconf 94' lang='lat'>3</span> <span class='ocrx_word' id='word_1_335' title='bbox 1879 4712 2029 4754; x_wconf 90' lang='lat' dir='ltr'>nam</span> 
     </span>
     <span class='ocr_line' id='line_1_49' title="bbox 466 4784 2028 4865; baseline 0.001 -20"><span class='ocrx_word' id='word_1_336' title='bbox 466 4790 628 4846; x_wconf 79' lang='lat' dir='ltr'>certe</span> <span class='ocrx_word' id='word_1_337' title='bbox 660 4786 764 4865; x_wconf 89' lang='lat' dir='ltr'>qui</span> <span class='ocrx_word' id='word_1_338' title='bbox 799 4784 992 4847; x_wconf 87' lang='lat' dir='ltr'>semel</span> <span class='ocrx_word' id='word_1_339' title='bbox 1039 4784 1407 4864; x_wconf 88' lang='lat' dir='ltr'>contempsit</span> <span class='ocrx_word' id='word_1_340' title='bbox 1449 4785 1876 4846; x_wconf 82' lang='lat' dir='ltr'>auctoritatem</span> <span class='ocrx_word' id='word_1_341' title='bbox 1917 4786 2028 4847; x_wconf 91' lang='lat' dir='ltr'>Ec·</span> 
     </span>
     <span class='ocr_line' id='line_1_50' title="bbox 466 4878 2027 4957; baseline 0.001 -19"><span class='ocrx_word' id='word_1_342' title='bbox 466 4878 688 4953; x_wconf 78' lang='lat' dir='ltr'>clesiae,</span> <span class='ocrx_word' id='word_1_343' title='bbox 720 4890 782 4939; x_wconf 91' lang='lat' dir='ltr'>et</span> <span class='ocrx_word' id='word_1_344' title='bbox 827 4884 1044 4939; x_wconf 88' lang='lat' dir='ltr'>contra</span> <span class='ocrx_word' id='word_1_345' title='bbox 1073 4878 1244 4938; x_wconf 90' lang='lat' dir='ltr'>illam</span> <span class='ocrx_word' id='word_1_346' title='bbox 1271 4896 1459 4939; x_wconf 89' lang='lat' dir='ltr'>ausus</span> <span class='ocrx_word' id='word_1_347' title='bbox 1499 4884 1589 4939; x_wconf 89' lang='lat' dir='ltr'>est</span> <span class='ocrx_word' id='word_1_348' title='bbox 1631 4880 2027 4957; x_wconf 89' lang='lat' dir='ltr'>pertinaciter</span> 
     </span>
     <span class='ocr_line' id='line_1_51' title="bbox 465 4971 2022 5051; baseline 0 -20"><span class='ocrx_word' id='word_1_349' title='bbox 465 4989 697 5046; x_wconf 86' lang='lat' dir='ltr'>errare,</span> <span class='ocrx_word' id='word_1_350' title='bbox 725 4989 863 5031; x_wconf 89' lang='lat' dir='ltr'>raro</span> <span class='ocrx_word' id='word_1_351' title='bbox 895 4971 1232 5051; x_wconf 88' lang='lat' dir='ltr'>resipiscit,</span> <span class='ocrx_word' id='word_1_352' title='bbox 1276 4977 1338 5032; x_wconf 88' lang='lat' dir='ltr'>et</span> <span class='ocrx_word' id='word_1_353' title='bbox 1380 4972 1459 5032; x_wconf 87' lang='lat' dir='ltr'>ab</span> <span class='ocrx_word' id='word_1_354' title='bbox 1499 4972 1719 5033; x_wconf 84' lang='lat' dir='ltr'>haeresi</span> <span class='ocrx_word' id='word_1_355' title='bbox 1763 4972 2022 5047; x_wconf 88' lang='lat' dir='ltr'>desistit,</span> 
     </span>
     <span class='ocr_line' id='line_1_52' title="bbox 464 5062 2025 5143; baseline 0.003 -22"><span class='ocrx_word' id='word_1_356' title='bbox 464 5062 581 5122; x_wconf 85' lang='lat' dir='ltr'>nisi</span> <span class='ocrx_word' id='word_1_357' title='bbox 611 5081 721 5141; x_wconf 88' lang='lat' dir='ltr'>per</span> <span class='ocrx_word' id='word_1_358' title='bbox 743 5062 1024 5124; x_wconf 88' lang='lat' dir='ltr'>eamdem</span> <span class='ocrx_word' id='word_1_359' title='bbox 1043 5064 1374 5124; x_wconf 82' lang='lat' dir='ltr'>Ecclesiam</span> <span class='ocrx_word' id='word_1_360' title='bbox 1412 5066 1799 5143; x_wconf 85' lang='lat' dir='ltr'>corripiatur,</span> <span class='ocrx_word' id='word_1_361' title='bbox 1831 5070 1892 5125; x_wconf 90' lang='lat' dir='ltr'>et</span> <span class='ocrx_word' id='word_1_362' title='bbox 1913 5064 2025 5125; x_wconf 88' lang='lat' dir='ltr'>ali-</span> 
     </span>
     <span class='ocr_line' id='line_1_53' title="bbox 465 5154 2027 5235; baseline 0.004 -24"><span class='ocrx_word' id='word_1_363' title='bbox 465 5170 586 5234; x_wconf 88' lang='lat' dir='ltr'>quo</span> <span class='ocrx_word' id='word_1_364' title='bbox 614 5154 794 5215; x_wconf 92' lang='lat' dir='ltr'>modo</span> <span class='ocrx_word' id='word_1_365' title='bbox 825 5155 1266 5235; x_wconf 85' lang='lat' dir='ltr'>compellatur3</span> <span class='ocrx_word' id='word_1_366' title='bbox 1309 5174 1456 5235; x_wconf 84' lang='lat' dir='ltr'>ergo</span> <span class='ocrx_word' id='word_1_367' title='bbox 1502 5157 1688 5216; x_wconf 89' lang='lat' dir='ltr'>etiam</span> <span class='ocrx_word' id='word_1_368' title='bbox 1737 5156 1814 5216; x_wconf 88' lang='lat' dir='ltr'>ad</span> <span class='ocrx_word' id='word_1_369' title='bbox 1859 5156 2027 5217; x_wconf 88' lang='lat' dir='ltr'>hunc</span> 
     </span>
     <span class='ocr_line' id='line_1_54' title="bbox 465 5245 1886 5327; baseline 0.001 -22"><span class='ocrx_word' id='word_1_370' title='bbox 465 5245 655 5307; x_wconf 84' lang='lat' dir='ltr'>finem</span> <span class='ocrx_word' id='word_1_371' title='bbox 684 5246 854 5307; x_wconf 88' lang='lat' dir='ltr'>utilis</span> <span class='ocrx_word' id='word_1_372' title='bbox 884 5266 1014 5309; x_wconf 88' lang='lat' dir='ltr'>esse</span> <span class='ocrx_word' id='word_1_373' title='bbox 1047 5252 1243 5327; x_wconf 86' lang='lat' dir='ltr'>potest</span> <span class='ocrx_word' id='word_1_374' title='bbox 1271 5248 1412 5309; x_wconf 90' lang='lat' dir='ltr'>talis</span> <span class='ocrx_word' id='word_1_375' title='bbox 1448 5248 1886 5327; x_wconf 51' lang='lat' dir='ltr'>denuntiatiO„</span> 
     </span>
    </p>

    <p class='ocr_par' dir='ltr' id='par_1_2' title="bbox 461 5336 2030 5516">
     <span class='ocr_line' id='line_1_55' title="bbox 548 5336 2027 5423; baseline 0.001 -23"><span class='ocrx_word' id='word_1_376' title='bbox 548 5342 650 5401; x_wconf 82' lang='grc'>10.</span> <span class='ocrx_word' id='word_1_377' title='bbox 694 5340 802 5404; x_wconf 75' lang='lat' dir='ltr'>Aa</span> <span class='ocrx_word' id='word_1_378' title='bbox 850 5346 1140 5423; x_wconf 75' lang='lat' dir='ltr'>quartam</span> <span class='ocrx_word' id='word_1_379' title='bbox 1182 5342 1478 5404; x_wconf 80' lang='lat' dir='ltr'>rationem</span> <span class='ocrx_word' id='word_1_380' title='bbox 1515 5336 1583 5401; x_wconf 77' lang='lat' dir='ltr'>in</span> <span class='ocrx_word' id='word_1_381' title='bbox 1633 5357 1695 5400; x_wconf 73' lang='lat' dir='ltr'>n.</span> <span class='ocrx_word' id='word_1_382' title='bbox 1731 5340 1792 5400; x_wconf 88' lang='grc'>6.</span> <span class='ocrx_word' id='word_1_383' title='bbox 1822 5338 2027 5401; x_wconf 76' lang='lat' dir='ltr'>——An</span> 
     </span>
     <span class='ocr_line' id='line_1_56' title="bbox 461 5432 2030 5516; baseline -0.002 -20"><span class='ocrx_word' id='word_1_384' title='bbox 461 5434 788 5498; x_wconf 71' lang='lat' dir='ltr'>monendus</span> <span class='ocrx_word' id='word_1_385' title='bbox 847 5435 934 5497; x_wconf 74' lang='lat' dir='ltr'>sit</span> <span class='ocrx_word' id='word_1_386' title='bbox 965 5433 1148 5515; x_wconf 73' lang='lat' dir='ltr'>prius</span> <span class='ocrx_word' id='word_1_387' title='bbox 1179 5436 1499 5516; x_wconf 64' lang='lat' dir='ltr'>promimus</span> <span class='ocrx_word' id='word_1_388' title='bbox 1546 5434 1615 5497; x_wconf 73' lang='lat' dir='ltr'>do</span> <span class='ocrx_word' id='word_1_389' title='bbox 1661 5432 1900 5495; x_wconf 73' lang='lat' dir='ltr'>hoeresi.</span> <span class='ocrx_word' id='word_1_390' title='bbox 1946 5463 2030 5479; x_wconf 89' lang='lat'><em>-</em></span> 
     </span>
    </p>
   </div>
   <div class='ocr_carea' id='block_1_2' title="bbox 943 314 3229 371">
    <p class='ocr_par' dir='ltr' id='par_1_3' title="bbox 943 314 3229 371">
     <span class='ocr_line' id='line_1_57' title="bbox 943 314 3229 371; baseline -0.001 -1"><span class='ocrx_word' id='word_1_391' title='bbox 943 317 1180 371; x_wconf 67' lang='lat' dir='ltr'>mspn&#39;r.</span> <span class='ocrx_word' id='word_1_392' title='bbox 1213 317 1320 369; x_wconf 79' lang='lat' dir='ltr'>XX.</span> <span class='ocrx_word' id='word_1_393' title='bbox 1357 318 1437 369; x_wconf 81' lang='lat' dir='ltr'>DE</span> <span class='ocrx_word' id='word_1_394' title='bbox 1471 316 1758 371; x_wconf 68' lang='lat' dir='ltr'>ammons</span> <span class='ocrx_word' id='word_1_395' title='bbox 1792 314 2102 369; x_wconf 65' lang='lat' dir='ltr'>neem-:81:13</span> <span class='ocrx_word' id='word_1_396' title='bbox 2134 314 2377 369; x_wconf 76' lang='lat' dir='ltr'>CONTRA</span> <span class='ocrx_word' id='word_1_397' title='bbox 2410 314 2705 369; x_wconf 78' lang='lat' dir='ltr'>nAERESEs</span> <span class='ocrx_word' id='word_1_398' title='bbox 2738 316 2818 369; x_wconf 88' lang='lat' dir='ltr'>ET</span> <span class='ocrx_word' id='word_1_399' title='bbox 2849 314 3229 369; x_wconf 78' lang='lat' dir='ltr'>HAERETICOS.</span> 
     </span>
    </p>
   </div>
   <div class='ocr_carea' id='block_1_3' title="bbox 2102 412 3665 5509">
    <p class='ocr_par' dir='ltr' id='par_1_4' title="bbox 2108 412 3665 3751">
     <span class='ocr_line' id='line_1_58' title="bbox 2114 412 3644 495; baseline 0.001 -18"><span class='ocrx_word' id='word_1_400' title='bbox 2114 416 2197 477; x_wconf 88' lang='lat' dir='ltr'>D.</span> <span class='ocrx_word' id='word_1_401' title='bbox 2246 414 2506 479; x_wconf 70' lang='lat' dir='ltr'>Thomas</span> <span class='ocrx_word' id='word_1_402' title='bbox 2548 417 2864 495; x_wconf 75' lang='lat' dir='ltr'>affirmare</span> <span class='ocrx_word' id='word_1_403' title='bbox 2904 412 3454 495; x_wconf 54' lang='lat' dir='ltr'>videtum—Atque</span> <span class='ocrx_word' id='word_1_404' title='bbox 3476 434 3545 477; x_wconf 87' lang='lat' dir='ltr'>ex</span> <span class='ocrx_word' id='word_1_405' title='bbox 3564 417 3644 479; x_wconf 89' lang='lat' dir='ltr'>his</span> 
     </span>
     <span class='ocr_line' id='line_1_59' title="bbox 2112 506 3648 587; baseline 0.004 -20"><span class='ocrx_word' id='word_1_406' title='bbox 2112 506 2454 567; x_wconf 88' lang='lat' dir='ltr'>rationibus</span> <span class='ocrx_word' id='word_1_407' title='bbox 2476 506 2675 567; x_wconf 89' lang='lat' dir='ltr'>soluta</span> <span class='ocrx_word' id='word_1_408' title='bbox 2706 513 2916 569; x_wconf 87' lang='lat' dir='ltr'>manet</span> <span class='ocrx_word' id='word_1_409' title='bbox 2936 508 3250 587; x_wconf 80' lang='lat' dir='ltr'>praecipua</span> <span class='ocrx_word' id='word_1_410' title='bbox 3272 508 3433 569; x_wconf 86' lang='lat' dir='ltr'>ratio</span> <span class='ocrx_word' id='word_1_411' title='bbox 3457 517 3648 587; x_wconf 86' lang='lat' dir='ltr'>quarto</span> 
     </span>
     <span class='ocr_line' id='line_1_60' title="bbox 2111 599 3652 679; baseline 0.003 -20"><span class='ocrx_word' id='word_1_412' title='bbox 2111 599 2245 659; x_wconf 89' lang='lat' dir='ltr'>loco</span> <span class='ocrx_word' id='word_1_413' title='bbox 2284 600 2507 679; x_wconf 86' lang='lat' dir='ltr'>posita,</span> <span class='ocrx_word' id='word_1_414' title='bbox 2537 600 2604 661; x_wconf 89' lang='lat' dir='ltr'>in</span> <span class='ocrx_word' id='word_1_415' title='bbox 2639 618 2816 661; x_wconf 90' lang='lat' dir='ltr'>num.</span> <span class='ocrx_word' id='word_1_416' title='bbox 2848 600 2910 677; x_wconf 84' lang='lat'>6,</span> <span class='ocrx_word' id='word_1_417' title='bbox 2941 618 3077 679; x_wconf 82' lang='lat' dir='ltr'>quae</span> <span class='ocrx_word' id='word_1_418' title='bbox 3114 601 3183 660; x_wconf 90' lang='lat' dir='ltr'>in</span> <span class='ocrx_word' id='word_1_419' title='bbox 3232 600 3354 661; x_wconf 89' lang='lat' dir='ltr'>hoc</span> <span class='ocrx_word' id='word_1_420' title='bbox 3381 600 3652 665; x_wconf 75' lang='lat' dir='ltr'>fundaba-</span> 
     </span>
     <span class='ocr_line' id='line_1_61' title="bbox 2109 692 3655 772; baseline 0.002 -20"><span class='ocrx_word' id='word_1_421' title='bbox 2109 699 2214 752; x_wconf 85' lang='lat' dir='ltr'>tur</span> <span class='ocrx_word' id='word_1_422' title='bbox 2238 741 2254 767; x_wconf 93' lang='lat'>,</span> <span class='ocrx_word' id='word_1_423' title='bbox 2310 694 2475 772; x_wconf 86' lang='lat' dir='ltr'>quod</span> <span class='ocrx_word' id='word_1_424' title='bbox 2515 693 2655 753; x_wconf 89' lang='lat' dir='ltr'>talis</span> <span class='ocrx_word' id='word_1_425' title='bbox 2702 692 3091 753; x_wconf 86' lang='lat' dir='ltr'>denuntiatio</span> <span class='ocrx_word' id='word_1_426' title='bbox 3118 694 3367 755; x_wconf 87' lang='lat' dir='ltr'>inutilis</span> <span class='ocrx_word' id='word_1_427' title='bbox 3396 696 3517 769; x_wconf 65' lang='lat' dir='ltr'>sit:</span> <span class='ocrx_word' id='word_1_428' title='bbox 3558 697 3655 758; x_wconf 80' lang='lat' dir='ltr'>hoc</span> 
     </span>
     <span class='ocr_line' id='line_1_62' title="bbox 2112 784 3653 869; baseline 0.005 -25"><span class='ocrx_word' id='word_1_429' title='bbox 2112 784 2279 845; x_wconf 92' lang='lat' dir='ltr'>enim</span> <span class='ocrx_word' id='word_1_430' title='bbox 2315 784 2541 846; x_wconf 87' lang='lat' dir='ltr'>falsum</span> <span class='ocrx_word' id='word_1_431' title='bbox 2591 804 2718 847; x_wconf 90' lang='lat' dir='ltr'>esse</span> <span class='ocrx_word' id='word_1_432' title='bbox 2770 786 3097 867; x_wconf 89' lang='lat' dir='ltr'>probatum</span> <span class='ocrx_word' id='word_1_433' title='bbox 3128 792 3220 847; x_wconf 87' lang='lat' dir='ltr'>est</span> <span class='ocrx_word' id='word_1_434' title='bbox 3220 832 3255 867; x_wconf 57' lang='lat'><em>„</em></span> <span class='ocrx_word' id='word_1_435' title='bbox 3289 792 3355 847; x_wconf 89' lang='lat' dir='ltr'>et</span> <span class='ocrx_word' id='word_1_436' title='bbox 3406 788 3653 869; x_wconf 82' lang='lat' dir='ltr'>probatio</span> 
     </span>
     <span class='ocr_line' id='line_1_63' title="bbox 2112 877 3655 958; baseline 0.005 -21"><span class='ocrx_word' id='word_1_437' title='bbox 2112 877 2200 937; x_wconf 89' lang='lat' dir='ltr'>ibi</span> <span class='ocrx_word' id='word_1_438' title='bbox 2227 878 2522 958; x_wconf 79' lang='lat' dir='ltr'>adJ&#39;uncta</span> <span class='ocrx_word' id='word_1_439' title='bbox 2564 878 2789 941; x_wconf 85' lang='lat' dir='ltr'>frivola</span> <span class='ocrx_word' id='word_1_440' title='bbox 2818 886 2910 941; x_wconf 91' lang='lat' dir='ltr'>est</span> <span class='ocrx_word' id='word_1_441' title='bbox 2937 895 2959 957; x_wconf 85' lang='lat'>3</span> <span class='ocrx_word' id='word_1_442' title='bbox 2992 897 3139 941; x_wconf 86' lang='lat' dir='ltr'>nam</span> <span class='ocrx_word' id='word_1_443' title='bbox 3169 898 3253 941; x_wconf 85' lang='lat' dir='ltr'>ex</span> <span class='ocrx_word' id='word_1_444' title='bbox 3280 897 3410 941; x_wconf 89' lang='lat' dir='ltr'>uno</span> <span class='ocrx_word' id='word_1_445' title='bbox 3435 888 3655 945; x_wconf 86' lang='lat' dir='ltr'>tantum</span> 
     </span>
     <span class='ocr_line' id='line_1_64' title="bbox 2112 971 3657 1052; baseline 0.003 -20"><span class='ocrx_word' id='word_1_446' title='bbox 2112 972 2311 1052; x_wconf 89' lang='lat' dir='ltr'>capite</span> <span class='ocrx_word' id='word_1_447' title='bbox 2366 971 2713 1034; x_wconf 88' lang='lat' dir='ltr'>ostenditur</span> <span class='ocrx_word' id='word_1_448' title='bbox 2754 972 3059 1035; x_wconf 84' lang='lat' dir='ltr'>inutilitas</span> <span class='ocrx_word' id='word_1_449' title='bbox 3082 1020 3105 1051; x_wconf 92' lang='lat'>,</span> <span class='ocrx_word' id='word_1_450' title='bbox 3152 992 3305 1045; x_wconf 83' lang='lat' dir='ltr'>cum</span> <span class='ocrx_word' id='word_1_451' title='bbox 3356 981 3557 1037; x_wconf 89' lang='lat' dir='ltr'>tamen</span> <span class='ocrx_word' id='word_1_452' title='bbox 3592 996 3657 1042; x_wconf 85' lang='lat' dir='ltr'>ex</span> 
     </span>
     <span class='ocr_line' id='line_1_65' title="bbox 2112 1067 3659 1144; baseline 0.005 -17"><span class='ocrx_word' id='word_1_453' title='bbox 2112 1067 2328 1129; x_wconf 89' lang='lat' dir='ltr'>multis</span> <span class='ocrx_word' id='word_1_454' title='bbox 2367 1068 2507 1129; x_wconf 88' lang='lat' dir='ltr'>aliis</span> <span class='ocrx_word' id='word_1_455' title='bbox 2548 1086 2674 1129; x_wconf 90' lang='lat' dir='ltr'>non</span> <span class='ocrx_word' id='word_1_456' title='bbox 2725 1074 2975 1129; x_wconf 88' lang='lat' dir='ltr'>tantum</span> <span class='ocrx_word' id='word_1_457' title='bbox 3002 1070 3243 1131; x_wconf 86' lang='lat' dir='ltr'>utilitas</span> <span class='ocrx_word' id='word_1_458' title='bbox 3270 1116 3291 1144; x_wconf 92' lang='lat'>‚</span> <span class='ocrx_word' id='word_1_459' title='bbox 3344 1071 3453 1133; x_wconf 88' lang='lat' dir='ltr'>sed</span> <span class='ocrx_word' id='word_1_460' title='bbox 3494 1072 3659 1133; x_wconf 86' lang='lat' dir='ltr'>etiam</span> 
     </span>
     <span class='ocr_line' id='line_1_66' title="bbox 2113 1159 3661 1227; baseline 0.003 -6"><span class='ocrx_word' id='word_1_461' title='bbox 2113 1159 2361 1221; x_wconf 88' lang='lat' dir='ltr'>moralis</span> <span class='ocrx_word' id='word_1_462' title='bbox 2412 1162 2737 1223; x_wconf 88' lang='lat' dir='ltr'>necessitas</span> <span class='ocrx_word' id='word_1_463' title='bbox 2776 1162 3155 1223; x_wconf 87' lang='lat' dir='ltr'>inveniatur.</span> <span class='ocrx_word' id='word_1_464' title='bbox 3212 1162 3299 1225; x_wconf 87' lang='lat' dir='ltr'>Ut</span> <span class='ocrx_word' id='word_1_465' title='bbox 3347 1168 3551 1225; x_wconf 88' lang='lat' dir='ltr'>autem</span> <span class='ocrx_word' id='word_1_466' title='bbox 3592 1165 3661 1227; x_wconf 85' lang='lat' dir='ltr'>ad</span> 
     </span>
     <span class='ocr_line' id='line_1_67' title="bbox 2112 1252 3662 1335; baseline 0.002 -21"><span class='ocrx_word' id='word_1_467' title='bbox 2112 1253 2465 1315; x_wconf 88' lang='lat' dir='ltr'>testimonia</span> <span class='ocrx_word' id='word_1_468' title='bbox 2505 1252 2593 1314; x_wconf 90' lang='lat' dir='ltr'>ibi</span> <span class='ocrx_word' id='word_1_469' title='bbox 2639 1254 2893 1315; x_wconf 91' lang='lat' dir='ltr'>inducta</span> <span class='ocrx_word' id='word_1_470' title='bbox 2936 1254 3431 1335; x_wconf 85' lang='lat' dir='ltr'>respondeamus</span> <span class='ocrx_word' id='word_1_471' title='bbox 3458 1300 3478 1330; x_wconf 93' lang='lat'>,</span> <span class='ocrx_word' id='word_1_472' title='bbox 3518 1256 3662 1317; x_wconf 83' lang='lat' dir='ltr'>deci-</span> 
     </span>
     <span class='ocr_line' id='line_1_68' title="bbox 2112 1346 3663 1423; baseline 0.004 -18"><span class='ocrx_word' id='word_1_473' title='bbox 2112 1346 2257 1408; x_wconf 86' lang='lat' dir='ltr'>dere</span> <span class='ocrx_word' id='word_1_474' title='bbox 2294 1364 2539 1409; x_wconf 88' lang='lat' dir='ltr'>nccesse</span> <span class='ocrx_word' id='word_1_475' title='bbox 2570 1353 2661 1407; x_wconf 88' lang='lat' dir='ltr'>est</span> <span class='ocrx_word' id='word_1_476' title='bbox 2690 1366 2769 1408; x_wconf 90' lang='lat' dir='ltr'>an</span> <span class='ocrx_word' id='word_1_477' title='bbox 2802 1348 2883 1407; x_wconf 90' lang='lat' dir='ltr'>sit</span> <span class='ocrx_word' id='word_1_478' title='bbox 2920 1348 3371 1423; x_wconf 82' lang='lat' dir='ltr'>necessarium,</span> <span class='ocrx_word' id='word_1_479' title='bbox 3400 1354 3541 1411; x_wconf 86' lang='lat' dir='ltr'>ante</span> <span class='ocrx_word' id='word_1_480' title='bbox 3565 1349 3663 1411; x_wconf 87' lang='lat' dir='ltr'>hu-</span> 
     </span>
     <span class='ocr_line' id='line_1_69' title="bbox 2108 1438 3660 1518; baseline 0.003 -21"><span class='ocrx_word' id='word_1_481' title='bbox 2108 1438 2380 1518; x_wconf 87' lang='lat' dir='ltr'>jusmodi</span> <span class='ocrx_word' id='word_1_482' title='bbox 2423 1438 2999 1515; x_wconf 87' lang='lat' dir='ltr'>denuntiationem,</span> <span class='ocrx_word' id='word_1_483' title='bbox 3040 1446 3349 1501; x_wconf 87' lang='lat' dir='ltr'>secretam</span> <span class='ocrx_word' id='word_1_484' title='bbox 3398 1442 3660 1503; x_wconf 85' lang='lat' dir='ltr'>monitio·</span> 
     </span>
     <span class='ocr_line' id='line_1_70' title="bbox 2114 1532 3659 1613; baseline 0.002 -21"><span class='ocrx_word' id='word_1_485' title='bbox 2114 1549 2260 1592; x_wconf 89' lang='lat' dir='ltr'>nem</span> <span class='ocrx_word' id='word_1_486' title='bbox 2286 1550 2393 1593; x_wconf 88' lang='lat' dir='ltr'>seu</span> <span class='ocrx_word' id='word_1_487' title='bbox 2421 1532 2863 1595; x_wconf 84' lang='lat' dir='ltr'>correctionem</span> <span class='ocrx_word' id='word_1_488' title='bbox 2886 1532 3265 1612; x_wconf 77' lang='lat' dir='ltr'>praemittere</span> <span class='ocrx_word' id='word_1_489' title='bbox 3274 1549 3297 1613; x_wconf 91' lang='lat'>3</span> <span class='ocrx_word' id='word_1_490' title='bbox 3328 1551 3477 1593; x_wconf 88' lang='lat' dir='ltr'>nam</span> <span class='ocrx_word' id='word_1_491' title='bbox 3506 1534 3659 1595; x_wconf 79' lang='lat' dir='ltr'>divus</span> 
     </span>
     <span class='ocr_line' id='line_1_71' title="bbox 2113 1622 3658 1706; baseline 0.001 -20"><span class='ocrx_word' id='word_1_492' title='bbox 2113 1622 2399 1699; x_wconf 76' lang='lat' dir='ltr'>ThomaS,</span> <span class='ocrx_word' id='word_1_493' title='bbox 2434 1625 2598 1686; x_wconf 91' lang='lat' dir='ltr'>dicta</span> <span class='ocrx_word' id='word_1_494' title='bbox 2630 1626 2967 1706; x_wconf 75' lang='lat' dir='ltr'>quaestione</span> <span class='ocrx_word' id='word_1_495' title='bbox 2998 1628 3100 1701; x_wconf 78' lang='lat'>35,</span> <span class='ocrx_word' id='word_1_496' title='bbox 3131 1626 3315 1687; x_wconf 89' lang='lat' dir='ltr'>artic.</span> <span class='ocrx_word' id='word_1_497' title='bbox 3350 1629 3416 1700; x_wconf 82' lang='lat'>7,</span> <span class='ocrx_word' id='word_1_498' title='bbox 3445 1634 3658 1705; x_wconf 87' lang='lat' dir='ltr'>partem</span> 
     </span>
     <span class='ocr_line' id='line_1_72' title="bbox 2115 1718 3656 1797; baseline 0.003 -18"><span class='ocrx_word' id='word_1_499' title='bbox 2115 1718 2526 1781; x_wconf 86' lang='lat' dir='ltr'>affirmantem</span> <span class='ocrx_word' id='word_1_500' title='bbox 2562 1718 2778 1780; x_wconf 88' lang='lat' dir='ltr'>docere</span> <span class='ocrx_word' id='word_1_501' title='bbox 2818 1718 3105 1797; x_wconf 86' lang='lat' dir='ltr'>videtur3</span> <span class='ocrx_word' id='word_1_502' title='bbox 3150 1718 3306 1781; x_wconf 90' lang='lat' dir='ltr'>dicit</span> <span class='ocrx_word' id='word_1_503' title='bbox 3351 1718 3548 1792; x_wconf 87' lang='lat' dir='ltr'>enim,</span> <span class='ocrx_word' id='word_1_504' title='bbox 3574 1740 3656 1783; x_wconf 88' lang='lat' dir='ltr'>re-</span> 
     </span>
     <span class='ocr_line' id='line_1_73' title="bbox 2117 1812 3663 1893; baseline 0.003 -23"><span class='ocrx_word' id='word_1_505' title='bbox 2117 1812 2415 1890; x_wconf 87' lang='lat' dir='ltr'>gulariter</span> <span class='ocrx_word' id='word_1_506' title='bbox 2450 1812 2701 1893; x_wconf 86' lang='lat' dir='ltr'>quidem</span> <span class='ocrx_word' id='word_1_507' title='bbox 2746 1829 2871 1871; x_wconf 92' lang='lat' dir='ltr'>non</span> <span class='ocrx_word' id='word_1_508' title='bbox 2909 1829 3043 1874; x_wconf 88' lang='lat' dir='ltr'>esse</span> <span class='ocrx_word' id='word_1_509' title='bbox 3074 1814 3496 1873; x_wconf 80' lang='lat' dir='ltr'>necessarium</span> <span class='ocrx_word' id='word_1_510' title='bbox 3520 1812 3663 1875; x_wconf 84' lang='lat' dir='ltr'>hanc</span> 
     </span>
     <span class='ocr_line' id='line_1_74' title="bbox 2116 1905 3663 1989; baseline 0.001 -22"><span class='ocrx_word' id='word_1_511' title='bbox 2116 1906 2525 1989; x_wconf 87' lang='lat' dir='ltr'>monitionem</span> <span class='ocrx_word' id='word_1_512' title='bbox 2559 1906 2933 1985; x_wconf 68' lang='lat' dir='ltr'>praemittere</span> <span class='ocrx_word' id='word_1_513' title='bbox 2977 1906 3043 1966; x_wconf 87' lang='lat' dir='ltr'>in</span> <span class='ocrx_word' id='word_1_514' title='bbox 3088 1905 3209 1969; x_wconf 89' lang='lat' dir='ltr'>hoc</span> <span class='ocrx_word' id='word_1_515' title='bbox 3256 1906 3511 1983; x_wconf 90' lang='lat' dir='ltr'>delicto,</span> <span class='ocrx_word' id='word_1_516' title='bbox 3538 1908 3663 1987; x_wconf 85' lang='lat' dir='ltr'>quia</span> 
     </span>
     <span class='ocr_line' id='line_1_75' title="bbox 2116 1996 3663 2079; baseline 0.003 -20"><span class='ocrx_word' id='word_1_517' title='bbox 2116 2016 2245 2059; x_wconf 91' lang='lat' dir='ltr'>non</span> <span class='ocrx_word' id='word_1_518' title='bbox 2283 2004 2376 2059; x_wconf 88' lang='lat' dir='ltr'>est</span> <span class='ocrx_word' id='word_1_519' title='bbox 2403 2016 2541 2079; x_wconf 87' lang='lat' dir='ltr'>spes</span> <span class='ocrx_word' id='word_1_520' title='bbox 2583 1998 2819 2059; x_wconf 82' lang='lat' dir='ltr'>fructus</span> <span class='ocrx_word' id='word_1_521' title='bbox 2847 2015 2864 2059; x_wconf 73' lang='grc' dir='ltr'>ε</span> <span class='ocrx_word' id='word_1_522' title='bbox 2910 1996 2994 2063; x_wconf 82' lang='lat' dir='ltr'>Si</span> <span class='ocrx_word' id='word_1_523' title='bbox 3024 2005 3248 2073; x_wconf 74' lang='lat' dir='ltr'>tamen,</span> <span class='ocrx_word' id='word_1_524' title='bbox 3282 2000 3513 2079; x_wconf 88' lang='lat' dir='ltr'>inquit,</span> <span class='ocrx_word' id='word_1_525' title='bbox 3536 2006 3663 2063; x_wconf 73' lang='lat' dir='ltr'>essee</span> 
     </span>
     <span class='ocr_line' id='line_1_76' title="bbox 2115 2092 3663 2173; baseline 0.001 -20"><span class='ocrx_word' id='word_1_526' title='bbox 2115 2094 2301 2166; x_wconf 80' lang='lat' dir='ltr'>firma</span> <span class='ocrx_word' id='word_1_527' title='bbox 2328 2108 2463 2173; x_wconf 72' lang='lat' dir='ltr'>spes</span> <span class='ocrx_word' id='word_1_528' title='bbox 2500 2093 2659 2173; x_wconf 75' lang='lat' dir='ltr'>quod</span> <span class='ocrx_word' id='word_1_529' title='bbox 2687 2092 3009 2157; x_wconf 64' lang='lat' dir='ltr'>haereticus</span> <span class='ocrx_word' id='word_1_530' title='bbox 3037 2094 3255 2155; x_wconf 74' lang='lat' dir='ltr'>statim</span> <span class='ocrx_word' id='word_1_531' title='bbox 3304 2100 3459 2157; x_wconf 69' lang='lat' dir='ltr'>esset</span> <span class='ocrx_word' id='word_1_532' title='bbox 3498 2112 3663 2155; x_wconf 79' lang='lat' dir='ltr'>emcn-</span> 
     </span>
     <span class='ocr_line' id='line_1_77' title="bbox 2116 2184 3661 2269; baseline 0.003 -24"><span class='ocrx_word' id='word_1_533' title='bbox 2116 2186 2373 2259; x_wconf 78' lang='lat' dir='ltr'>dandus,</span> <span class='ocrx_word' id='word_1_534' title='bbox 2412 2184 2839 2265; x_wconf 69' lang='lat' dir='ltr'>praemittenda</span> <span class='ocrx_word' id='word_1_535' title='bbox 2879 2191 3032 2249; x_wconf 74' lang='lat' dir='ltr'>esset</span> <span class='ocrx_word' id='word_1_536' title='bbox 3076 2185 3332 2269; x_wconf 79' lang='lat' dir='ltr'>privata</span> <span class='ocrx_word' id='word_1_537' title='bbox 3372 2191 3661 2251; x_wconf 76' lang='lat' dir='ltr'>correctio.</span> 
     </span>
     <span class='ocr_line' id='line_1_78' title="bbox 2116 2276 3662 2357; baseline 0.001 -20"><span class='ocrx_word' id='word_1_538' title='bbox 2116 2276 2292 2338; x_wconf 90' lang='lat' dir='ltr'>Unde</span> <span class='ocrx_word' id='word_1_539' title='bbox 2339 2285 2784 2357; x_wconf 89' lang='lat' dir='ltr'>consequenter</span> <span class='ocrx_word' id='word_1_540' title='bbox 2824 2279 3012 2339; x_wconf 86' lang='lat' dir='ltr'>sentit</span> <span class='ocrx_word' id='word_1_541' title='bbox 3039 2277 3233 2357; x_wconf 79' lang='lat' dir='ltr'>quod,</span> <span class='ocrx_word' id='word_1_542' title='bbox 3266 2279 3322 2338; x_wconf 89' lang='lat' dir='ltr'>si</span> <span class='ocrx_word' id='word_1_543' title='bbox 3362 2278 3505 2339; x_wconf 89' lang='lat' dir='ltr'>talis</span> <span class='ocrx_word' id='word_1_544' title='bbox 3550 2297 3662 2341; x_wconf 89' lang='lat' dir='ltr'>cor-</span> 
     </span>
     <span class='ocr_line' id='line_1_79' title="bbox 2115 2369 3664 2450; baseline 0.002 -20"><span class='ocrx_word' id='word_1_545' title='bbox 2115 2371 2308 2430; x_wconf 88' lang='lat' dir='ltr'>rectio</span> <span class='ocrx_word' id='word_1_546' title='bbox 2353 2369 2499 2446; x_wconf 88' lang='lat' dir='ltr'>fiat,</span> <span class='ocrx_word' id='word_1_547' title='bbox 2552 2377 2615 2432; x_wconf 90' lang='lat' dir='ltr'>et</span> <span class='ocrx_word' id='word_1_548' title='bbox 2660 2372 2979 2450; x_wconf 84' lang='lat' dir='ltr'>proximus</span> <span class='ocrx_word' id='word_1_549' title='bbox 3028 2371 3445 2447; x_wconf 88' lang='lat' dir='ltr'>emendetur,</span> <span class='ocrx_word' id='word_1_550' title='bbox 3495 2378 3664 2433; x_wconf 82' lang='lat' dir='ltr'>cesset</span> 
     </span>
     <span class='ocr_line' id='line_1_80' title="bbox 2115 2461 3665 2544; baseline 0.001 -21"><span class='ocrx_word' id='word_1_551' title='bbox 2115 2461 2411 2541; x_wconf 87' lang='lat' dir='ltr'>obligatio</span> <span class='ocrx_word' id='word_1_552' title='bbox 2439 2462 2846 2525; x_wconf 89' lang='lat' dir='ltr'>denuntiandi</span> <span class='ocrx_word' id='word_1_553' title='bbox 2870 2480 2889 2541; x_wconf 96' lang='lat'>3</span> <span class='ocrx_word' id='word_1_554' title='bbox 2922 2463 3049 2525; x_wconf 87' lang='lat' dir='ltr'>imo</span> <span class='ocrx_word' id='word_1_555' title='bbox 3081 2466 3271 2525; x_wconf 89' lang='lat' dir='ltr'>etiam</span> <span class='ocrx_word' id='word_1_556' title='bbox 3313 2464 3491 2544; x_wconf 82' lang='lat' dir='ltr'>sequi</span> <span class='ocrx_word' id='word_1_557' title='bbox 3517 2464 3665 2525; x_wconf 80' lang='lat' dir='ltr'>vide-</span> 
     </span>
     <span class='ocr_line' id='line_1_81' title="bbox 2113 2554 3660 2635; baseline 0.003 -20"><span class='ocrx_word' id='word_1_558' title='bbox 2113 2562 2217 2616; x_wconf 91' lang='lat' dir='ltr'>tur</span> <span class='ocrx_word' id='word_1_559' title='bbox 2246 2554 2409 2635; x_wconf 89' lang='lat' dir='ltr'>quod</span> <span class='ocrx_word' id='word_1_560' title='bbox 2431 2557 2563 2635; x_wconf 84' lang='lat' dir='ltr'>jam</span> <span class='ocrx_word' id='word_1_561' title='bbox 2607 2575 2731 2617; x_wconf 93' lang='lat' dir='ltr'>non</span> <span class='ocrx_word' id='word_1_562' title='bbox 2768 2558 2848 2617; x_wconf 91' lang='lat' dir='ltr'>sit</span> <span class='ocrx_word' id='word_1_563' title='bbox 2867 2556 3039 2617; x_wconf 89' lang='lat' dir='ltr'>licita</span> <span class='ocrx_word' id='word_1_564' title='bbox 3079 2558 3475 2619; x_wconf 87' lang='lat' dir='ltr'>denuntiatio</span> <span class='ocrx_word' id='word_1_565' title='bbox 3496 2580 3515 2631; x_wconf 83' lang='lat'><em>3</em></span> <span class='ocrx_word' id='word_1_566' title='bbox 3542 2565 3660 2619; x_wconf 88' lang='lat' dir='ltr'>tum</span> 
     </span>
     <span class='ocr_line' id='line_1_82' title="bbox 2112 2649 3660 2733; baseline 0.001 -24"><span class='ocrx_word' id='word_1_567' title='bbox 2112 2651 2261 2731; x_wconf 86' lang='lat' dir='ltr'>quia</span> <span class='ocrx_word' id='word_1_568' title='bbox 2293 2649 2444 2711; x_wconf 89' lang='lat' dir='ltr'>alias</span> <span class='ocrx_word' id='word_1_569' title='bbox 2477 2650 2781 2711; x_wconf 87' lang='lat' dir='ltr'>inutiliter</span> <span class='ocrx_word' id='word_1_570' title='bbox 2808 2656 2870 2711; x_wconf 90' lang='lat' dir='ltr'>et</span> <span class='ocrx_word' id='word_1_571' title='bbox 2906 2652 3038 2712; x_wconf 90' lang='lat' dir='ltr'>sine</span> <span class='ocrx_word' id='word_1_572' title='bbox 3062 2671 3244 2713; x_wconf 88' lang='lat' dir='ltr'>causa</span> <span class='ocrx_word' id='word_1_573' title='bbox 3275 2653 3660 2733; x_wconf 73' lang='lat' dir='ltr'>praemittere-</span> 
     </span>
     <span class='ocr_line' id='line_1_83' title="bbox 2114 2743 3659 2827; baseline 0.001 -23"><span class='ocrx_word' id='word_1_574' title='bbox 2114 2749 2219 2805; x_wconf 90' lang='lat' dir='ltr'>tur</span> <span class='ocrx_word' id='word_1_575' title='bbox 2256 2743 2555 2805; x_wconf 89' lang='lat' dir='ltr'>correctio</span> <span class='ocrx_word' id='word_1_576' title='bbox 2579 2760 2599 2821; x_wconf 90' lang='lat'>3</span> <span class='ocrx_word' id='word_1_577' title='bbox 2626 2749 2763 2804; x_wconf 89' lang='lat' dir='ltr'>tum</span> <span class='ocrx_word' id='word_1_578' title='bbox 2795 2744 2983 2808; x_wconf 88' lang='lat' dir='ltr'>etiam</span> <span class='ocrx_word' id='word_1_579' title='bbox 3002 2746 3297 2825; x_wconf 85' lang='lat' dir='ltr'>quiajam</span> <span class='ocrx_word' id='word_1_580' title='bbox 3326 2746 3581 2807; x_wconf 83' lang='lat' dir='ltr'>cessavit</span> <span class='ocrx_word' id='word_1_581' title='bbox 3598 2745 3659 2827; x_wconf 80' lang='lat' dir='ltr'>fi·</span> 
     </span>
     <span class='ocr_line' id='line_1_84' title="bbox 2114 2836 3659 2913; baseline 0.001 -16"><span class='ocrx_word' id='word_1_582' title='bbox 2114 2836 2212 2897; x_wconf 90' lang='lat' dir='ltr'>nis</span> <span class='ocrx_word' id='word_1_583' title='bbox 2242 2836 2755 2913; x_wconf 87' lang='lat' dir='ltr'>denuntiationis,</span> <span class='ocrx_word' id='word_1_584' title='bbox 2779 2844 2841 2898; x_wconf 90' lang='lat' dir='ltr'>et</span> <span class='ocrx_word' id='word_1_585' title='bbox 2868 2838 2953 2897; x_wconf 87' lang='lat' dir='ltr'>ita</span> <span class='ocrx_word' id='word_1_586' title='bbox 2973 2838 3105 2899; x_wconf 89' lang='lat' dir='ltr'>sine</span> <span class='ocrx_word' id='word_1_587' title='bbox 3125 2858 3313 2901; x_wconf 88' lang='lat' dir='ltr'>causa</span> <span class='ocrx_word' id='word_1_588' title='bbox 3342 2838 3516 2901; x_wconf 84' lang='lat' dir='ltr'>fieret</span> <span class='ocrx_word' id='word_1_589' title='bbox 3536 2856 3659 2899; x_wconf 84' lang='lat' dir='ltr'>cum</span> 
     </span>
     <span class='ocr_line' id='line_1_85' title="bbox 2112 2930 3655 3011; baseline -0.001 -21"><span class='ocrx_word' id='word_1_590' title='bbox 2112 2934 2490 2992; x_wconf 89' lang='lat' dir='ltr'>nocumento</span> <span class='ocrx_word' id='word_1_591' title='bbox 2531 2930 2799 3010; x_wconf 86' lang='lat' dir='ltr'>proximi</span> <span class='ocrx_word' id='word_1_592' title='bbox 2842 2932 2907 2991; x_wconf 92' lang='lat' dir='ltr'>in</span> <span class='ocrx_word' id='word_1_593' title='bbox 2934 2930 3133 3008; x_wconf 84' lang='lat' dir='ltr'>fama,</span> <span class='ocrx_word' id='word_1_594' title='bbox 3164 2938 3228 2993; x_wconf 89' lang='lat' dir='ltr'>et</span> <span class='ocrx_word' id='word_1_595' title='bbox 3272 2931 3416 3011; x_wconf 77' lang='lat' dir='ltr'>aliis</span> <span class='ocrx_word' id='word_1_596' title='bbox 3450 2932 3655 3005; x_wconf 90' lang='lat' dir='ltr'>bonis;</span> 
     </span>
     <span class='ocr_line' id='line_1_86' title="bbox 2113 3022 3661 3102; baseline -0.001 -19"><span class='ocrx_word' id='word_1_597' title='bbox 2113 3029 2175 3083; x_wconf 92' lang='lat' dir='ltr'>et</span> <span class='ocrx_word' id='word_1_598' title='bbox 2220 3023 2310 3083; x_wconf 79' lang='lat' dir='ltr'>ita</span> <span class='ocrx_word' id='word_1_599' title='bbox 2344 3022 2621 3083; x_wconf 89' lang='lat' dir='ltr'>sentiunt</span> <span class='ocrx_word' id='word_1_600' title='bbox 2671 3025 2859 3084; x_wconf 87' lang='lat' dir='ltr'>etiam</span> <span class='ocrx_word' id='word_1_601' title='bbox 2908 3022 3127 3102; x_wconf 76' lang='lat' dir='ltr'>CaJet.,</span> <span class='ocrx_word' id='word_1_602' title='bbox 3174 3025 3337 3098; x_wconf 71' lang='lat' dir='ltr'>Sot„</span> <span class='ocrx_word' id='word_1_603' title='bbox 3371 3026 3560 3085; x_wconf 86' lang='lat' dir='ltr'>Castr.</span> <span class='ocrx_word' id='word_1_604' title='bbox 3606 3028 3661 3083; x_wconf 90' lang='lat' dir='ltr'>et</span> 
     </span>
     <span class='ocr_line' id='line_1_87' title="bbox 2112 3114 3653 3195; baseline -0.001 -18"><span class='ocrx_word' id='word_1_605' title='bbox 2112 3116 2320 3193; x_wconf 88' lang='lat' dir='ltr'>Cano,</span> <span class='ocrx_word' id='word_1_606' title='bbox 2368 3114 2518 3177; x_wconf 88' lang='lat' dir='ltr'>locis</span> <span class='ocrx_word' id='word_1_607' title='bbox 2559 3134 2746 3195; x_wconf 86' lang='lat' dir='ltr'>supra</span> <span class='ocrx_word' id='word_1_608' title='bbox 2782 3116 3007 3191; x_wconf 79' lang='lat' dir='ltr'>citatiS,</span> <span class='ocrx_word' id='word_1_609' title='bbox 3052 3134 3117 3177; x_wconf 90' lang='lat' dir='ltr'>n.</span> <span class='ocrx_word' id='word_1_610' title='bbox 3152 3119 3229 3188; x_wconf 86' lang='lat'>7;</span> <span class='ocrx_word' id='word_1_611' title='bbox 3278 3122 3344 3176; x_wconf 91' lang='lat' dir='ltr'>et</span> <span class='ocrx_word' id='word_1_612' title='bbox 3392 3118 3653 3189; x_wconf 67' lang='lat' dir='ltr'>Navarr„</span> 
     </span>
     <span class='ocr_line' id='line_1_88' title="bbox 2110 3208 3653 3287; baseline 0.001 -19"><span class='ocrx_word' id='word_1_613' title='bbox 2110 3208 2177 3269; x_wconf 93' lang='lat' dir='ltr'>in</span> <span class='ocrx_word' id='word_1_614' title='bbox 2209 3209 2409 3283; x_wconf 91' lang='lat' dir='ltr'>Sum.,</span> <span class='ocrx_word' id='word_1_615' title='bbox 2441 3227 2495 3271; x_wconf 92' lang='lat' dir='ltr'>c.</span> <span class='ocrx_word' id='word_1_616' title='bbox 2532 3210 2633 3284; x_wconf 90' lang='grc'>18,</span> <span class='ocrx_word' id='word_1_617' title='bbox 2660 3227 2724 3268; x_wconf 91' lang='lat' dir='ltr'>n.</span> <span class='ocrx_word' id='word_1_618' title='bbox 2758 3208 2880 3286; x_wconf 79' lang='lat'>563</span> <span class='ocrx_word' id='word_1_619' title='bbox 2911 3217 2974 3272; x_wconf 90' lang='lat' dir='ltr'>et</span> <span class='ocrx_word' id='word_1_620' title='bbox 3013 3208 3339 3287; x_wconf 84' lang='lat' dir='ltr'>Abulens.,</span> <span class='ocrx_word' id='word_1_621' title='bbox 3368 3212 3537 3271; x_wconf 84' lang='lat' dir='ltr'>Matt.</span> <span class='ocrx_word' id='word_1_622' title='bbox 3568 3209 3653 3277; x_wconf 85' lang='grc'>18,</span> 
     </span>
     <span class='ocr_line' id='line_1_89' title="bbox 2111 3300 3655 3381; baseline -0.003 -18"><span class='ocrx_word' id='word_1_623' title='bbox 2111 3320 2171 3381; x_wconf 86' lang='lat' dir='ltr'>q.</span> <span class='ocrx_word' id='word_1_624' title='bbox 2205 3302 2311 3375; x_wconf 84' lang='lat'>97,</span> <span class='ocrx_word' id='word_1_625' title='bbox 2337 3300 2417 3361; x_wconf 89' lang='lat' dir='ltr'>ad</span> <span class='ocrx_word' id='word_1_626' title='bbox 2458 3307 2786 3378; x_wconf 85' lang='lat' dir='ltr'>octavum3</span> <span class='ocrx_word' id='word_1_627' title='bbox 2818 3306 2879 3361; x_wconf 90' lang='lat' dir='ltr'>et</span> <span class='ocrx_word' id='word_1_628' title='bbox 2918 3300 3221 3362; x_wconf 81' lang='lat' dir='ltr'>fundatur</span> <span class='ocrx_word' id='word_1_629' title='bbox 3246 3302 3387 3363; x_wconf 84' lang='lat' dir='ltr'>hoec</span> <span class='ocrx_word' id='word_1_630' title='bbox 3433 3305 3655 3362; x_wconf 83' lang='lat' dir='ltr'>senten·</span> 
     </span>
     <span class='ocr_line' id='line_1_90' title="bbox 2110 3392 3655 3473; baseline 0 -20"><span class='ocrx_word' id='word_1_631' title='bbox 2110 3394 2199 3453; x_wconf 90' lang='lat' dir='ltr'>tia</span> <span class='ocrx_word' id='word_1_632' title='bbox 2223 3394 2285 3453; x_wconf 92' lang='lat' dir='ltr'>in</span> <span class='ocrx_word' id='word_1_633' title='bbox 2310 3392 2680 3455; x_wconf 85' lang='lat' dir='ltr'>testimoniis</span> <span class='ocrx_word' id='word_1_634' title='bbox 2721 3412 2904 3473; x_wconf 88' lang='lat' dir='ltr'>supra</span> <span class='ocrx_word' id='word_1_635' title='bbox 2936 3392 3240 3473; x_wconf 76' lang='lat' dir='ltr'>allegatiS,</span> <span class='ocrx_word' id='word_1_636' title='bbox 3280 3400 3343 3457; x_wconf 88' lang='lat' dir='ltr'>et</span> <span class='ocrx_word' id='word_1_637' title='bbox 3372 3393 3655 3473; x_wconf 84' lang='lat' dir='ltr'>praecipue</span> 
     </span>
     <span class='ocr_line' id='line_1_91' title="bbox 2110 3484 3651 3565; baseline -0.002 -19"><span class='ocrx_word' id='word_1_638' title='bbox 2110 3487 2176 3546; x_wconf 92' lang='lat' dir='ltr'>in</span> <span class='ocrx_word' id='word_1_639' title='bbox 2226 3486 2445 3547; x_wconf 91' lang='lat' dir='ltr'>ordine</span> <span class='ocrx_word' id='word_1_640' title='bbox 2483 3484 2799 3545; x_wconf 85' lang='lat' dir='ltr'>charitatis</span> <span class='ocrx_word' id='word_1_641' title='bbox 2820 3530 2841 3560; x_wconf 90' lang='lat'>,</span> <span class='ocrx_word' id='word_1_642' title='bbox 2884 3504 3023 3565; x_wconf 84' lang='lat' dir='ltr'>quae</span> <span class='ocrx_word' id='word_1_643' title='bbox 3066 3486 3344 3565; x_wconf 89' lang='lat' dir='ltr'>postulat</span> <span class='ocrx_word' id='word_1_644' title='bbox 3372 3492 3443 3547; x_wconf 91' lang='lat' dir='ltr'>ut</span> <span class='ocrx_word' id='word_1_645' title='bbox 3477 3502 3651 3545; x_wconf 88' lang='lat' dir='ltr'>reme-</span> 
     </span>
     <span class='ocr_line' id='line_1_92' title="bbox 2112 3577 3650 3641; baseline -0.003 -2"><span class='ocrx_word' id='word_1_646' title='bbox 2112 3579 2286 3639; x_wconf 91' lang='lat' dir='ltr'>dium</span> <span class='ocrx_word' id='word_1_647' title='bbox 2354 3577 2725 3640; x_wconf 88' lang='lat' dir='ltr'>adhibeatur</span> <span class='ocrx_word' id='word_1_648' title='bbox 2774 3597 2919 3639; x_wconf 90' lang='lat' dir='ltr'>cum</span> <span class='ocrx_word' id='word_1_649' title='bbox 2978 3578 3243 3641; x_wconf 89' lang='lat' dir='ltr'>minimo</span> <span class='ocrx_word' id='word_1_650' title='bbox 3304 3582 3650 3641; x_wconf 77' lang='lat' dir='ltr'>nocumento</span> 
     </span>
     <span class='ocr_line' id='line_1_93' title="bbox 2112 3670 3069 3751; baseline 0 -20"><span class='ocrx_word' id='word_1_651' title='bbox 2112 3672 2401 3751; x_wconf 84' lang='lat' dir='ltr'>proximi,</span> <span class='ocrx_word' id='word_1_652' title='bbox 2434 3670 2640 3751; x_wconf 90' lang='lat' dir='ltr'>quoad</span> <span class='ocrx_word' id='word_1_653' title='bbox 2676 3670 2813 3731; x_wconf 90' lang='lat' dir='ltr'>fieri</span> <span class='ocrx_word' id='word_1_654' title='bbox 2850 3678 3069 3751; x_wconf 88' lang='lat' dir='ltr'>potest.</span> 
     </span>
    </p>

    <p class='ocr_par' dir='ltr' id='par_1_5' title="bbox 2102 3763 3649 5509">
     <span class='ocr_line' id='line_1_94' title="bbox 2194 3763 3649 3848; baseline -0.001 -23"><span class='ocrx_word' id='word_1_655' title='bbox 2194 3768 2292 3826; x_wconf 84' lang='grc'>11.</span> <span class='ocrx_word' id='word_1_656' title='bbox 2338 3764 2699 3848; x_wconf 66' lang='lat' dir='ltr'>Neyandum</span> <span class='ocrx_word' id='word_1_657' title='bbox 2739 3766 2952 3845; x_wconf 74' lang='lat' dir='ltr'>potius</span> <span class='ocrx_word' id='word_1_658' title='bbox 2981 3765 3095 3827; x_wconf 81' lang='lat' dir='ltr'>alii</span> <span class='ocrx_word' id='word_1_659' title='bbox 3143 3767 3415 3829; x_wconf 74' lang='lat' dir='ltr'>credunt.</span> <span class='ocrx_word' id='word_1_660' title='bbox 3450 3763 3649 3825; x_wconf 72' lang='lat' dir='ltr'>-Ju-</span> 
     </span>
     <span class='ocr_line' id='line_1_95' title="bbox 2112 3854 3647 3923; baseline -0.005 -3"><span class='ocrx_word' id='word_1_661' title='bbox 2112 3856 2336 3921; x_wconf 73' lang='lat' dir='ltr'>dicium</span> <span class='ocrx_word' id='word_1_662' title='bbox 2370 3856 2638 3920; x_wconf 77' lang='lat' dir='ltr'>auctoris</span> <span class='ocrx_word' id='word_1_663' title='bbox 2676 3854 3029 3921; x_wconf 73' lang='lat' dir='ltr'>concilians.</span> <span class='ocrx_word' id='word_1_664' title='bbox 3068 3892 3147 3901; x_wconf 97' lang='lat'><strong>—</strong></span> <span class='ocrx_word' id='word_1_665' title='bbox 3178 3858 3346 3923; x_wconf 75' lang='lat' dir='ltr'>Unde</span> <span class='ocrx_word' id='word_1_666' title='bbox 3384 3856 3647 3921; x_wconf 72' lang='lat' dir='ltr'>habeatur</span> 
     </span>
     <span class='ocr_line' id='line_1_96' title="bbox 2102 3948 3645 4031; baseline -0.003 -18"><span class='ocrx_word' id='word_1_667' title='bbox 2102 3956 2469 4031; x_wconf 59' lang='lat' dir='ltr'>paeceptum</span> <span class='ocrx_word' id='word_1_668' title='bbox 2494 3994 2514 4025; x_wconf 90' lang='lat'>,</span> <span class='ocrx_word' id='word_1_669' title='bbox 2561 3951 2631 4011; x_wconf 77' lang='lat' dir='ltr'>in</span> <span class='ocrx_word' id='word_1_670' title='bbox 2672 3948 2888 4011; x_wconf 75' lang='lat' dir='ltr'>hoeresi</span> <span class='ocrx_word' id='word_1_671' title='bbox 2931 3948 3319 4013; x_wconf 75' lang='lat' dir='ltr'>omittendam</span> <span class='ocrx_word' id='word_1_672' title='bbox 3366 3948 3645 4031; x_wconf 55' lang='lat' dir='ltr'>privatam</span> 
     </span>
     <span class='ocr_line' id='line_1_97' title="bbox 2109 4040 3640 4104; baseline -0.003 -1"><span class='ocrx_word' id='word_1_673' title='bbox 2109 4042 2515 4104; x_wconf 73' lang='lat' dir='ltr'>monitionem.</span> <span class='ocrx_word' id='word_1_674' title='bbox 2528 4074 2611 4089; x_wconf 93' lang='lat'><em>-</em></span> <span class='ocrx_word' id='word_1_675' title='bbox 2631 4040 3043 4102; x_wconf 89' lang='lat' dir='ltr'>Nihilominus</span> <span class='ocrx_word' id='word_1_676' title='bbox 3072 4042 3405 4103; x_wconf 91' lang='lat' dir='ltr'>dicendum</span> <span class='ocrx_word' id='word_1_677' title='bbox 3425 4046 3513 4101; x_wconf 90' lang='lat' dir='ltr'>est</span> <span class='ocrx_word' id='word_1_678' title='bbox 3536 4054 3640 4099; x_wconf 87' lang='lat' dir='ltr'>non</span> 
     </span>
     <span class='ocr_line' id='line_1_98' title="bbox 2110 4130 3642 4214; baseline -0.005 -17"><span class='ocrx_word' id='word_1_679' title='bbox 2110 4154 2240 4198; x_wconf 88' lang='lat' dir='ltr'>csse</span> <span class='ocrx_word' id='word_1_680' title='bbox 2281 4134 2718 4208; x_wconf 89' lang='lat' dir='ltr'>necessarium,</span> <span class='ocrx_word' id='word_1_681' title='bbox 2743 4133 2870 4194; x_wconf 89' lang='lat' dir='ltr'>imo</span> <span class='ocrx_word' id='word_1_682' title='bbox 2904 4152 3102 4214; x_wconf 82' lang='lat' dir='ltr'>neque</span> <span class='ocrx_word' id='word_1_683' title='bbox 3150 4135 3302 4196; x_wconf 89' lang='lat' dir='ltr'>utile</span> <span class='ocrx_word' id='word_1_684' title='bbox 3350 4130 3642 4195; x_wconf 86' lang='lat' dir='ltr'>correctio-</span> 
     </span>
     <span class='ocr_line' id='line_1_99' title="bbox 2110 4225 3642 4309; baseline -0.005 -19"><span class='ocrx_word' id='word_1_685' title='bbox 2110 4248 2255 4290; x_wconf 90' lang='lat' dir='ltr'>nem</span> <span class='ocrx_word' id='word_1_686' title='bbox 2288 4228 2591 4309; x_wconf 88' lang='lat' dir='ltr'>privatam</span> <span class='ocrx_word' id='word_1_687' title='bbox 2619 4228 3015 4309; x_wconf 70' lang='lat' dir='ltr'>praemittere,</span> <span class='ocrx_word' id='word_1_688' title='bbox 3044 4247 3116 4289; x_wconf 90' lang='lat' dir='ltr'>ac</span> <span class='ocrx_word' id='word_1_689' title='bbox 3143 4235 3466 4308; x_wconf 88' lang='lat' dir='ltr'>propterea</span> <span class='ocrx_word' id='word_1_690' title='bbox 3486 4225 3642 4286; x_wconf 89' lang='lat' dir='ltr'>omit-</span> 
     </span>
     <span class='ocr_line' id='line_1_100' title="bbox 2108 4316 3642 4400; baseline -0.005 -18"><span class='ocrx_word' id='word_1_691' title='bbox 2108 4320 2361 4383; x_wconf 87' lang='lat' dir='ltr'>tendam</span> <span class='ocrx_word' id='word_1_692' title='bbox 2398 4340 2529 4383; x_wconf 88' lang='lat' dir='ltr'>esse</span> <span class='ocrx_word' id='word_1_693' title='bbox 2566 4338 2830 4400; x_wconf 88' lang='lat' dir='ltr'>semper.</span> <span class='ocrx_word' id='word_1_694' title='bbox 2872 4320 2961 4382; x_wconf 89' lang='lat' dir='ltr'>lta</span> <span class='ocrx_word' id='word_1_695' title='bbox 2990 4320 3211 4381; x_wconf 80' lang='lat' dir='ltr'>docent</span> <span class='ocrx_word' id='word_1_696' title='bbox 3242 4328 3513 4382; x_wconf 90' lang='lat' dir='ltr'>auctores</span> <span class='ocrx_word' id='word_1_697' title='bbox 3534 4316 3642 4399; x_wconf 89' lang='lat' dir='ltr'>ple·</span> 
     </span>
     <span class='ocr_line' id='line_1_101' title="bbox 2109 4410 3643 4493; baseline -0.005 -20"><span class='ocrx_word' id='word_1_698' title='bbox 2109 4414 2284 4493; x_wconf 90' lang='lat' dir='ltr'>rique</span> <span class='ocrx_word' id='word_1_699' title='bbox 2310 4431 2496 4493; x_wconf 88' lang='lat' dir='ltr'>supra</span> <span class='ocrx_word' id='word_1_700' title='bbox 2538 4410 2809 4491; x_wconf 84' lang='lat' dir='ltr'>allegati,</span> <span class='ocrx_word' id='word_1_701' title='bbox 2835 4412 3177 4492; x_wconf 60' lang='lat' dir='ltr'>praesertim</span> <span class='ocrx_word' id='word_1_702' title='bbox 3206 4412 3296 4474; x_wconf 93' lang='lat' dir='ltr'>illi</span> <span class='ocrx_word' id='word_1_703' title='bbox 3322 4414 3428 4493; x_wconf 90' lang='lat' dir='ltr'>qui</span> <span class='ocrx_word' id='word_1_704' title='bbox 3455 4414 3643 4473; x_wconf 89' lang='lat' dir='ltr'>contra</span> 
     </span>
     <span class='ocr_line' id='line_1_102' title="bbox 2106 4504 3639 4585; baseline -0.003 -20"><span class='ocrx_word' id='word_1_705' title='bbox 2106 4505 2425 4565; x_wconf 72' lang='lat' dir='ltr'>haereticos</span> <span class='ocrx_word' id='word_1_706' title='bbox 2447 4504 2845 4585; x_wconf 89' lang='lat' dir='ltr'>scripserunt,</span> <span class='ocrx_word' id='word_1_707' title='bbox 2870 4510 2933 4565; x_wconf 91' lang='lat' dir='ltr'>et</span> <span class='ocrx_word' id='word_1_708' title='bbox 2958 4505 3025 4565; x_wconf 92' lang='lat' dir='ltr'>in</span> <span class='ocrx_word' id='word_1_709' title='bbox 3049 4504 3403 4585; x_wconf 86' lang='lat' dir='ltr'>particulari</span> <span class='ocrx_word' id='word_1_710' title='bbox 3428 4505 3498 4563; x_wconf 90' lang='lat' dir='ltr'>de</span> <span class='ocrx_word' id='word_1_711' title='bbox 3522 4517 3639 4581; x_wconf 88' lang='lat' dir='ltr'>pec-</span> 
     </span>
     <span class='ocr_line' id='line_1_103' title="bbox 2108 4596 3639 4677; baseline -0.001 -19"><span class='ocrx_word' id='word_1_712' title='bbox 2108 4604 2243 4658; x_wconf 86' lang='lat' dir='ltr'>cato</span> <span class='ocrx_word' id='word_1_713' title='bbox 2291 4596 2541 4659; x_wconf 82' lang='lat' dir='ltr'>haeresis</span> <span class='ocrx_word' id='word_1_714' title='bbox 2583 4598 2946 4677; x_wconf 85' lang='lat' dir='ltr'>loquuntur,</span> <span class='ocrx_word' id='word_1_715' title='bbox 2978 4598 3205 4677; x_wconf 89' lang='lat' dir='ltr'>quibus</span> <span class='ocrx_word' id='word_1_716' title='bbox 3244 4596 3402 4659; x_wconf 87' lang='lat' dir='ltr'>adde</span> <span class='ocrx_word' id='word_1_717' title='bbox 3440 4596 3639 4657; x_wconf 77' lang='lat' dir='ltr'>Areva-</span> 
     </span>
     <span class='ocr_line' id='line_1_104' title="bbox 2106 4684 3636 4765; baseline -0.007 -15"><span class='ocrx_word' id='word_1_718' title='bbox 2106 4689 2366 4765; x_wconf 89' lang='lat' dir='ltr'>lensem,</span> <span class='ocrx_word' id='word_1_719' title='bbox 2398 4695 2665 4750; x_wconf 86' lang='lat' dir='ltr'>tractatu</span> <span class='ocrx_word' id='word_1_720' title='bbox 2694 4688 2770 4750; x_wconf 92' lang='lat' dir='ltr'>de</span> <span class='ocrx_word' id='word_1_721' title='bbox 2798 4688 3065 4751; x_wconf 85' lang='lat' dir='ltr'>Correct.</span> <span class='ocrx_word' id='word_1_722' title='bbox 3096 4690 3393 4765; x_wconf 86' lang='lat' dir='ltr'>fraterna,</span> <span class='ocrx_word' id='word_1_723' title='bbox 3422 4684 3636 4749; x_wconf 88' lang='lat' dir='ltr'>conclu-</span> 
     </span>
     <span class='ocr_line' id='line_1_105' title="bbox 2108 4782 3637 4862; baseline -0.004 -20"><span class='ocrx_word' id='word_1_724' title='bbox 2108 4782 2279 4844; x_wconf 89' lang='lat' dir='ltr'>sione</span> <span class='ocrx_word' id='word_1_725' title='bbox 2308 4785 2369 4859; x_wconf 85' lang='lat'>6,</span> <span class='ocrx_word' id='word_1_726' title='bbox 2400 4784 2509 4862; x_wconf 87' lang='lat' dir='ltr'>qui</span> <span class='ocrx_word' id='word_1_727' title='bbox 2551 4783 2713 4842; x_wconf 90' lang='lat' dir='ltr'>hanc</span> <span class='ocrx_word' id='word_1_728' title='bbox 2745 4782 2819 4843; x_wconf 91' lang='lat' dir='ltr'>de</span> <span class='ocrx_word' id='word_1_729' title='bbox 2848 4782 3137 4844; x_wconf 82' lang='lat' dir='ltr'>haeretico</span> <span class='ocrx_word' id='word_1_730' title='bbox 3160 4783 3493 4845; x_wconf 88' lang='lat' dir='ltr'>doctrinam</span> <span class='ocrx_word' id='word_1_731' title='bbox 3516 4792 3637 4838; x_wconf 88' lang='lat' dir='ltr'>con-</span> 
     </span>
     <span class='ocr_line' id='line_1_106' title="bbox 2104 4874 3633 4955; baseline -0.006 -18"><span class='ocrx_word' id='word_1_732' title='bbox 2104 4876 2314 4938; x_wconf 88' lang='lat' dir='ltr'>firmat</span> <span class='ocrx_word' id='word_1_733' title='bbox 2342 4894 2419 4937; x_wconf 88' lang='lat' dir='ltr'>ex</span> <span class='ocrx_word' id='word_1_734' title='bbox 2460 4876 2780 4955; x_wconf 90' lang='lat' dir='ltr'>Scriptura</span> <span class='ocrx_word' id='word_1_735' title='bbox 2806 4881 2868 4936; x_wconf 89' lang='lat' dir='ltr'>et</span> <span class='ocrx_word' id='word_1_736' title='bbox 2907 4876 3189 4936; x_wconf 86' lang='lat' dir='ltr'>Patribus</span> <span class='ocrx_word' id='word_1_737' title='bbox 3216 4896 3233 4949; x_wconf 85' lang='lat'>3</span> <span class='ocrx_word' id='word_1_738' title='bbox 3280 4882 3343 4937; x_wconf 90' lang='lat' dir='ltr'>et</span> <span class='ocrx_word' id='word_1_739' title='bbox 3366 4874 3633 4938; x_wconf 84' lang='lat' dir='ltr'>Salmcro-</span> 
     </span>
     <span class='ocr_line' id='line_1_107' title="bbox 2105 4962 3633 5049; baseline -0.003 -20"><span class='ocrx_word' id='word_1_740' title='bbox 2105 4988 2275 5043; x_wconf 89' lang='lat' dir='ltr'>nem,</span> <span class='ocrx_word' id='word_1_741' title='bbox 2302 4976 2455 5030; x_wconf 83' lang='lat' dir='ltr'>tom.</span> <span class='ocrx_word' id='word_1_742' title='bbox 2487 4970 2527 5030; x_wconf 77' lang='grc'>4</span> <span class='ocrx_word' id='word_1_743' title='bbox 2562 4968 2628 5028; x_wconf 94' lang='lat' dir='ltr'>in</span> <span class='ocrx_word' id='word_1_744' title='bbox 2666 4968 2927 5047; x_wconf 68' lang='lat' dir='ltr'>Evang„</span> <span class='ocrx_word' id='word_1_745' title='bbox 2960 4987 3020 5049; x_wconf 89' lang='lat' dir='ltr'>p.</span> <span class='ocrx_word' id='word_1_746' title='bbox 3058 4970 3119 5035; x_wconf 84' lang='lat'>3.</span> <span class='ocrx_word' id='word_1_747' title='bbox 3151 4973 3332 5031; x_wconf 87' lang='lat' dir='ltr'>tract.</span> <span class='ocrx_word' id='word_1_748' title='bbox 3368 4972 3457 5041; x_wconf 81' lang='grc'>11,</span> <span class='ocrx_word' id='word_1_749' title='bbox 3485 4962 3633 5043; x_wconf 76' lang='lat' dir='ltr'>§De-</span> 
     </span>
     <span class='ocr_line' id='line_1_108' title="bbox 2104 5056 3629 5141; baseline -0.003 -18"><span class='ocrx_word' id='word_1_750' title='bbox 2104 5064 2263 5125; x_wconf 76' lang='lat' dir='ltr'>inde.</span> <span class='ocrx_word' id='word_1_751' title='bbox 2320 5062 2539 5123; x_wconf 87' lang='lat' dir='ltr'>Merito</span> <span class='ocrx_word' id='word_1_752' title='bbox 2588 5060 2776 5123; x_wconf 85' lang='lat' dir='ltr'>variis</span> <span class='ocrx_word' id='word_1_753' title='bbox 2829 5060 3170 5122; x_wconf 83' lang='lat' dir='ltr'>rationibus</span> <span class='ocrx_word' id='word_1_754' title='bbox 3231 5060 3347 5122; x_wconf 81' lang='lat' dir='ltr'>hoc</span> <span class='ocrx_word' id='word_1_755' title='bbox 3406 5056 3629 5141; x_wconf 84' lang='lat' dir='ltr'>probare</span> 
     </span>
     <span class='ocr_line' id='line_1_109' title="bbox 2106 5143 3629 5234; baseline -0.009 -20"><span class='ocrx_word' id='word_1_756' title='bbox 2106 5155 2393 5215; x_wconf 87' lang='lat' dir='ltr'>nituntur</span> <span class='ocrx_word' id='word_1_757' title='bbox 2439 5154 2717 5234; x_wconf 73' lang='lat' dir='ltr'>praedicti</span> <span class='ocrx_word' id='word_1_758' title='bbox 2760 5160 3059 5226; x_wconf 81' lang='lat' dir='ltr'>auctoreS,</span> <span class='ocrx_word' id='word_1_759' title='bbox 3092 5152 3355 5232; x_wconf 90' lang='lat' dir='ltr'>sumptis</span> <span class='ocrx_word' id='word_1_760' title='bbox 3395 5169 3463 5212; x_wconf 84' lang='lat' dir='ltr'>ex</span> <span class='ocrx_word' id='word_1_761' title='bbox 3493 5143 3629 5227; x_wconf 78' lang='lat' dir='ltr'>peri-</span> 
     </span>
     <span class='ocr_line' id='line_1_110' title="bbox 2106 5239 3626 5319; baseline -0.006 -12"><span class='ocrx_word' id='word_1_762' title='bbox 2106 5245 2246 5308; x_wconf 89' lang='lat' dir='ltr'>culo</span> <span class='ocrx_word' id='word_1_763' title='bbox 2290 5246 2660 5319; x_wconf 78' lang='lat' dir='ltr'>infectioniS,</span> <span class='ocrx_word' id='word_1_764' title='bbox 2696 5252 2758 5307; x_wconf 91' lang='lat' dir='ltr'>et</span> <span class='ocrx_word' id='word_1_765' title='bbox 2804 5264 2879 5306; x_wconf 86' lang='lat' dir='ltr'>ex</span> <span class='ocrx_word' id='word_1_766' title='bbox 2927 5244 3289 5305; x_wconf 86' lang='lat' dir='ltr'>difficultate</span> <span class='ocrx_word' id='word_1_767' title='bbox 3342 5239 3626 5305; x_wconf 83' lang='lat' dir='ltr'>efficaciter</span> 
     </span>
     <span class='ocr_line' id='line_1_111' title="bbox 2106 5324 3624 5416; baseline -0.005 -16"><span class='ocrx_word' id='word_1_768' title='bbox 2106 5345 2168 5400; x_wconf 90' lang='lat' dir='ltr'>et</span> <span class='ocrx_word' id='word_1_769' title='bbox 2192 5358 2333 5401; x_wconf 91' lang='lat' dir='ltr'>cum</span> <span class='ocrx_word' id='word_1_770' title='bbox 2354 5338 2579 5400; x_wconf 83' lang='lat' dir='ltr'>effectu</span> <span class='ocrx_word' id='word_1_771' title='bbox 2606 5336 2977 5400; x_wconf 89' lang='lat' dir='ltr'>emendandi</span> <span class='ocrx_word' id='word_1_772' title='bbox 3006 5336 3363 5399; x_wconf 66' lang='lat' dir='ltr'>haereticum</span> <span class='ocrx_word' id='word_1_773' title='bbox 3396 5351 3497 5416; x_wconf 86' lang='lat' dir='ltr'>per</span> <span class='ocrx_word' id='word_1_774' title='bbox 3520 5324 3624 5407; x_wconf 80' lang='lat' dir='ltr'>pri·</span> 
     </span>
     <span class='ocr_line' id='line_1_112' title="bbox 2107 5417 3620 5509; baseline -0.002 -17"><span class='ocrx_word' id='word_1_775' title='bbox 2107 5438 2318 5494; x_wconf 81' lang='lat' dir='ltr'>vatam</span> <span class='ocrx_word' id='word_1_776' title='bbox 2358 5431 2809 5509; x_wconf 90' lang='lat' dir='ltr'>monitionem3</span> <span class='ocrx_word' id='word_1_777' title='bbox 2839 5431 2992 5493; x_wconf 90' lang='lat' dir='ltr'>item</span> <span class='ocrx_word' id='word_1_778' title='bbox 3019 5449 3093 5492; x_wconf 82' lang='lat' dir='ltr'>cx</span> <span class='ocrx_word' id='word_1_779' title='bbox 3126 5428 3347 5492; x_wconf 89' lang='lat' dir='ltr'>morali</span> <span class='ocrx_word' id='word_1_780' title='bbox 3388 5417 3620 5509; x_wconf 68' lang='lat' dir='ltr'>periculo</span> 
     </span>
    </p>
   </div>
   <div class='ocr_carea' id='block_1_4' title="bbox 3814 0 3822 4035">
    <p class='ocr_par' dir='ltr' id='par_1_6' title="bbox 3814 0 3822 4035">
     <span class='ocr_line' id='line_1_113' title="bbox 3814 0 3822 4035; baseline 0 0"><span class='ocrx_word' id='word_1_781' title='bbox 3814 0 3822 4035; x_wconf 95' lang='lat' dir='ltr'> </span> 
     </span>
    </p>
   </div>
   <div class='ocr_carea' id='block_1_5' title="bbox 3816 4610 3820 5651">
    <p class='ocr_par' dir='ltr' id='par_1_7' title="bbox 3816 4610 3820 5651">
     <span class='ocr_line' id='line_1_114' title="bbox 3816 4610 3820 5651; baseline 0 0"><span class='ocrx_word' id='word_1_782' title='bbox 3816 4610 3820 5651; x_wconf 95' lang='lat' dir='ltr'> </span> 
     </span>
    </p>
   </div>
  </div>
 </body>
</html>
