3900 6217
750 375 918 429 SECT.
957 376 1016 429 n.
1053 374 1217 439 Quot·
1249 372 1388 428 sim·
1421 373 1665 429 GRADL'S
1701 372 2121 427 almumalmum
2158 376 2666 438 PRoPosmoNn'M.
2704 378 2837 429 ETC.

187 496 318 539 sam
339 481 401 539 et
421 475 799 539 haereticam.
830 474 1004 549 Quod
1033 494 1072 537 a
1109 476 1432 556 posteriori
1473 475 1740 550 declaro,

185 572 324 651 quia
351 570 648 649 quaelibet
684 570 1018 649 propositio
1042 569 1357 645 haeretica,
1381 588 1522 631 cum
1555 570 1739 650 perti-

183 665 358 725 nacia
401 664 653 739 credita,
709 663 786 723 ad
833 663 1294 743 corruptionem
1349 666 1538 725 totius
1597 664 1741 725 fidei

179 758 426 833 suflicit,
457 764 525 817 ut
569 774 786 819 omnes
829 760 1122 833 fatentur,
1173 764 1237 819 et
1280 777 1468 838 supra
1505 764 1741 819 tactum

179 858 286 925 ost,
337 856 406 909 et
459 850 644 911 latius
697 850 763 911 iu
819 850 1080 911 materia
1135 851 1210 913 de
1247 851 1480 925 Gratia,
1539 850 1580 911 l.
1639 853 1738 924 ss,

181 964 224 1007 r.
257 948 330 1020 73
387 964 428 1005 a
455 945 648 1024 priori
688 950 894 1007 autem
939 945 1310 1019 declaratur,
1343 947 1491 1025 quia
1536 946 1743 1006 omnis

177 1040 516 1118 propositio
545 1037 622 1099 de
671 1036 816 1113 fide,
851 1044 1157 1117 quatenus
1206 1038 1344 1099 talis
1389 1044 1504 1114 est,
1569 1056 1744 1117 aeque

177 1138 350 1193 certa
393 1140 512 1205 est,
542 1131 688 1211 quia
715 1131 1006 1193 innititur
1043 1136 1257 1213 primae
1305 1133 1572 1208 veritati,
1610 1150 1747 1212 quae

177 1226 240 1285 in
267 1224 568 1287 maximis
591 1230 654 1285 et
681 1225 746 1285 in
789 1224 1068 1287 minimis
1097 1244 1270 1305 aeque
1297 1243 1488 1285 verax
1517 1232 1626 1286 est.
1673 1226 1749 1285 Et

179 1318 314 1379 ideo
345 1336 526 1397 aeque
553 1330 794 1379 eertum
819 1318 1024 1379 reddit
1050 1318 1368 1380 hominem
1421 1318 1498 1379 de
1547 1320 1748 1379 omui-

178 1412 284 1472 bus
317 1428 466 1490 quae
503 1410 796 1485 affirmat,
827 1428 1236 1491 quaeeumque
1265 1412 1370 1473 illa
1395 1412 1542 1487 sint,
1573 1411 1751 1471 dum·

177 1504 360 1565 modo
413 1504 712 1565 revelatio
763 1522 936 1583 oeque
987 1505 1056 1564 in
1111 1504 1356 1584 singula
1409 1506 1620 1580 cadat,
1683 1510 1752 1564 ut

179 1616 364 1676 supra
411 1598 606 1657 etiam
659 1597 862 1657 visum
917 1604 1044 1674 est3
1102 1616 1251 1677 ergo
1301 1603 1362 1659 et
1414 1598 1750 1678 propositio

179 1692 496 1767 haeretica,
540 1698 844 1771 quatenus
873 1691 1138 1754 destruit
1165 1710 1620 1772 quamcumque
1647 1712 1748 1753 ve-

177 1786 428 1847 ritatem
459 1784 629 1858 fidei,
678 1784 956 1863 ejusdem
981 1785 1210 1864 gradus
1239 1786 1462 1849 erroris
1489 1791 1550 1847 et
1587 1785 1751 1848 falsi·

179 1880 320 1941 tatis
347 1886 470 1941 est.

249 1974 312 2033 8.
357 1972 621 2037 Notatio
641 1989 758 2056 pro
777 1970 1270 2037 subdistinctione
1297 1973 1742 2038 Turrecremat.

183 2100 252 2111 -
311 2066 616 2138 Quocirca
664 2065 1010 2127 notandum
1059 2072 1190 2140 est,
1251 2066 1415 2127 eirca
1481 2067 1744 2146 priorem

180 2159 436 2221 modum
473 2158 898 2238 distinguendi
946 2158 1153 2238 plures
1205 2160 1432 2238 gradus
1477 2163 1746 2240 proposi·

179 2254 421 2313 tionum
475 2252 644 2328 fidei,
703 2252 828 2312 duo
857 2270 1224 2314 concurrere
1276 2254 1339 2314 in
1391 2254 1502 2315 tali
1541 2254 1744 2334 aliqua

181 2345 626 2424 propositione,
659 2351 728 2406 ut
777 2346 946 2407 credi
987 2348 1199 2425 possit,
1247 2354 1308 2408 et
1358 2348 1599 2422 debeat,
1631 2349 1746 2409 sci·

181 2438 340 2513 lieet,
386 2438 744 2501 testificatio
775 2438 1008 2512 divina,
1041 2445 1102 2499 et
1141 2439 1494 2519 applicatiO,
1526 2459 1632 2501 seu
1681 2447 1749 2501 ut

183 2532 564 2595 sufficienter
589 2538 994 2612 proponatur.
1021 2532 1300 2593 Primum
1335 2538 1426 2593 cst
1453 2552 1562 2613 per
1590 2554 1654 2595 se
1688 2550 1748 2597 et

183 2624 444 2687 lormale
463 2624 532 2685 in
557 2626 976 2705 propositione
999 2625 1168 2701 fidei,
1207 2633 1268 2687 et
1309 2626 1462 2687 illud
1491 2634 1582 2688 est
1603 2630 1752 2689 sim-

187 2717 342 2797 plex,
389 2726 584 2796 atque
620 2718 803 2779 unius
842 2724 1086 2779 tantum
1139 2720 1394 2781 rationis
1444 2723 1510 2781 in
1548 2724 1749 2782 omni-

189 2812 294 2873 bus
348 2810 502 2871 fidei
546 2810 1089 2890 propositionibus,
1139 2812 1492 2875 Secundum
1539 2822 1748 2877 autem

195 2912 280 2967 est
307 2906 484 2985 quasi
523 2924 634 2985 per
664 2905 965 2980 accidens,
1006 2912 1068 2967 et
1122 2914 1418 2987 tanquam
1481 2910 1750 2971 conditio

201 2998 528 3061 necessaria
557 3018 632 3061 ex
687 3005 855 3077 parte
891 3004 1126 3076 nostra3
1183 3008 1244 3062 et
1291 3020 1369 3063 ex
1416 3002 1531 3063 hae
1579 3011 1750 3083 parte

195 3091 660 3169 distinguuntur
703 3091 782 3153 ab
816 3091 936 3152 illis
983 3092 1334 3157 auctoribus
1379 3096 1552 3157 varia
1601 3098 1752 3175 dog·

188 3191 348 3245 mata
395 3184 585 3260 fidei3
641 3203 788 3245 nam
835 3185 1118 3264 quaedam
1157 3193 1304 3248 sunt
1330 3188 1602 3249 revelata
1643 3210 1752 3251 ex·

185 3296 384 3357 presse
449 3278 518 3339 in
579 3278 894 3357 Scriptura
909 3300 928 3354 ;
983 3277 1104 3341 alia
1164 3298 1274 3359 per
1328 3281 1752 3345 definitionem

187 3370 506 3447 Ecclesiae3
559 3372 681 3432 alia
731 3390 842 3451 per
897 3372 1289 3435 traditionem
1339 3376 1750 3455 Apostolicam

189 3465 620 3527 sufficientem.
653 3466 740 3527 De
779 3466 1282 3545 quibus·.1·egulis
1320 3471 1600 3549 superius
1629 3473 1754 3531 die-

189 3566 322 3619 tum
363 3568 484 3635 est,
513 3566 578 3619 et
598 3577 699 3621 eas
725 3578 888 3621 nune
907 3567 1182 3638 repetere
1207 3561 1286 3621 ad
1323 3562 1750 3641 explicandam

188 3652 670 3732 propositionem
740 3653 1096 3715 haereticam
1139 3673 1268 3716 non
1327 3662 1422 3715 est
1471 3674 1750 3719 necessa-

187 3748 384 3819 rium3
417 3764 566 3809 nam
597 3764 996 3827 quocumque
1025 3766 1102 3809 ex
1155 3748 1280 3809 illis
1331 3750 1530 3811 modis
1585 3770 1756 3813 reve·

191 3838 336 3901 latio
361 3840 578 3901 divina
607 3839 988 3902 sufficienter
1021 3843 1334 3921 proposita
1388 3845 1489 3920 sit,
1530 3845 1757 3906 sufficit

193 3941 260 3993 ut
327 3934 666 4014 propositio
719 3934 796 3995 de
859 3933 982 3995 fide
1021 3953 1268 4015 semper
1312 3938 1392 3999 sit
1439 3938 1754 4018 aequaliter

193 4034 380 4104 certa,
427 4036 490 4089 et
547 4028 688 4089 ideo
749 4028 1082 4107 propositio
1147 4032 1458 4093 contraria
1509 4049 1752 4110 semper

196 4128 278 4181 est
345 4120 663 4200 aequaliter
715 4120 1048 4197 haeretiea,
1121 4142 1511 4203 quocumque
1567 4124 1751 4185 modo

195 4222 534 4293 opponatur
551 4215 769 4293 primae
791 4214 1063 4292 veritati,
1093 4217 1184 4277 sic
1229 4217 1328 4279 vel
1367 4217 1546 4279 ahter
1585 4218 1749 4279 sufli-

191 4308 422 4371 eleuter
449 4309 800 4389 propositae.

281 4404 333 4464 9.
361 4400 618 4468 Notatio
663 4418 780 4483 pro
829 4403 1320 4469 subdistinctione
1363 4406 1445 4467 Ι).
1483 4407 1746 4469 leomoe.

191 4496 460 4562 -Circa
509 4494 706 4557 alium
741 4494 994 4557 modum
1023 4497 1449 4576 distinguendi
1479 4500 1750 4579 proposi-

195 4589 382 4651 tiones
409 4587 556 4651 fidei
583 4606 662 4649 ex
683 4589 757 4649 D.
786 4588 1024 4649 Thema
1047 4590 1467 4670 desumptum,
1493 4596 1746 4655 adverto

197 4700 314 4743 non
357 4683 520 4759 sumi
577 4701 658 4743 ex
707 4681 954 4743 formali
1001 4684 1244 4745 ratione
1297 4683 1469 4761 fidei,
1518 4686 1624 4747 sed
1671 4705 1742 4747 ex

201 4778 466 4854 materia,
503 4776 604 4837 vel
641 4794 718 4837 ex
773 4775 900 4837 fine
945 4777 1022 4837 ad
1075 4796 1300 4856 quem,
1342 4797 1450 4839 seu
1502 4788 1748 4859 propter

279 4889 374 4933 em
399 4889 510 4950 per
531 4888 598 4931 se
626 4871 830 4949 primo
849 4869 1162 4931 revelatur
1182 4870 1334 4931 fides
1357 4872 1744 4951 hominibus;

179 4887 336 5027 {xta
359 4972 452 5027 ost
481 4965 653 5029 enim
688 4964 864 5039 fides,
896 4970 964 5023 ut
1007 4984 1117 5044 per
1163 4964 1332 5027 illam
1369 4970 1604 5045 possint
1639 4968 1746 5029 ho-

177 5058 388 5121 .mines
452 5060 532 5123 ad
595 5072 894 5121 aeternam
944 5056 1206 5119 salutem
1251 5061 1578 5138 pervenire
1605 5106 1625 5136 ,
1685 5068 1748 5123 et

207 5149 332 5211 ideo
363 5153 680 5230 mysteria,
707 5169 976 5229 quorum
1025 5153 1296 5229 cognitio
1347 5160 1478 5213 erat
1521 5172 1631 5233 per
1681 5175 1744 5217 se

209 5247 530 5305 necessaria
607 5244 688 5305 ad
737 5244 1186 5307 beatitudinem
1232 5249 1740 5326 consequendam,

211 5337 476 5399 dicuutur
499 5337 679 5417 quasi
711 5337 938 5399 directe
989 5349 1052 5399 et
1105 5358 1217 5417 per
1261 5359 1324 5401 se
1375 5341 1577 5419 primo
1615 5362 1746 5403 ere-

211 5428 369 5509 dim
413 5431 539 5493 alia
587 5448 760 5503 vero,
792 5449 932 5511 quae
983 5432 1320 5493 secuudum
1363 5450 1428 5493 se
1481 5442 1750 5513 spectata

215 5522 486 5589 inferiora
507 5531 680 5599 sunt,
705 5531 768 5585 et
813 5543 980 5585 mere
1030 5524 1328 5602 humana,
1390 5532 1600 5587 tamen
1645 5546 1752 5608 per

507 5646 615 5693 111.

3270 378 3389 437 4⁶5

1825 476 2203 538 occasionem
2228 477 2499 539 revelata
2538 484 2683 539 sunt
2714 496 2827 539 seu
2870 478 3113 555 scripta,
3174 480 3390 541 dieun-

1825 575 1928 629 tur
1984 569 2281 631 indirecte
2328 572 2419 632 vel
2471 570 2836 633 secundario
2891 571 2966 630 ad
3006 570 3192 632 fidem
3252 592 3389 652 per-

1823 663 2058 739 tinere3
2104 664 2512 727 nihilominus
2545 673 2753 725 tamen
2810 667 2877 724 iu
2930 665 3219 727 omnibus
3244 666 3387 743 illis,

1825 757 2137 835 supposita
2178 758 2575 832 revelatione,
2634 764 2723 819 est
2770 758 3027 837 aequalis
3081 761 3389 821 certitudo

1823 855 1886 909 et
1907 851 2158 925 veritas,
2190 858 2253 912 et
2292 852 2431 913 ideo
2460 853 2663 913 omnis
2707 852 3041 931 propositio
3081 856 3390 915 contraria

1828 948 1918 1003 est
1939 961 2113 1022 oeqne
2132 943 2439 1005 haeretica.

1909 1037 2006 1095 10.
2034 1034 2290 1099 Notatio
2314 1054 2424 1116 pro
2446 1039 2937 1101 subdistinctione
2960 1036 3260 1101 Cordubae.
3312 1072 3389 1085 --

1827 1129 2105 1207 Denique
2192 1130 2355 1191 circa
2406 1130 2601 1191 alium
2658 1130 2913 1191 modum
2970 1132 3387 1213 distinguendi

1829 1223 2315 1302 propositionem
2372 1223 2705 1285 mediatam
2762 1224 2859 1285 vel
2938 1224 3385 1299 immediatam,

1830 1316 2084 1377 adverto
2129 1334 2203 1375 ex
2260 1316 2442 1377 dictis
2500 1317 2781 1397 superius
2812 1364 2831 1391 ‚
2899 1317 3139 1378 duobus
3194 1320 3390 1379 modis

1831 1412 2188 1488 contingere
2218 1429 2417 1490 posse,
2464 1418 2537 1470 ut
2576 1430 2701 1471 una
2732 1413 3065 1491 proposit-io
3100 1416 3164 1473 in
3199 1412 3391 1475 altera

1829 1503 2102 1564 revelata
2175 1504 2611 1565 contineatur:
2666 1522 2791 1565 uuo
2842 1505 3048 1581 modo,
3093 1513 3387 1585 tanquam

1829 1596 1898 1657 in
1952 1614 2021 1657 re
2061 1597 2317 1657 omniuo
2370 1598 2587 1657 eadem
2650 1616 2790 1658 cum
2838 1597 2968 1671 illa,
3012 1598 3111 1659 vel
3172 1598 3385 1659 saltem

1829 1697 2127 1769 tanquam
2172 1708 2315 1768 pars
2364 1689 2451 1749 ibi
2486 1696 2779 1751 contenta
2804 1691 2949 1752 licet
2971 1690 3251 1766 confuse,
3298 1712 3389 1755 se-

1829 1784 2109 1844 cundum
2148 1789 2428 1843 nostrum
2486 1784 2741 1843 modum
2792 1786 3211 1864 concipiendi;
3266 1787 3388 1847 alio

1829 1877 2057 1953 modo,
2117 1882 2415 1955 tanquam
2470 1876 2615 1955 quid
2674 1876 3057 1952 distinctum,
3112 1876 3210 1939 vel
3254 1886 3387 1941 tan-

1827 1988 2017 2050 quam
2045 1970 2299 2029 effeetus
2336 1970 2401 2029 in
2432 1987 2635 2031 causa.
2675 1970 2842 2031 Sicut
2869 1970 2935 2030 in
2966 1970 3082 2031 hac
3116 1974 3389 2051 proposi-

1828 2062 1996 2123 tione
2025 2062 2381 2124 immediate
2422 2062 2691 2123 revelata
2723 2084 2737 2123 ε
2778 2060 3059 2126 Christus
3079 2070 3170 2127 est
3196 2066 3388 2142 homo,

1829 2156 2113 2216 mediate
2141 2174 2249 2215 seu
2300 2156 2529 2215 virtute
2592 2154 2723 2215 hoec
2757 2156 3027 2217 revelata
3055 2166 3335 2219 censetur
3367 2180 3385 2220 ε

1831 2246 2117 2313 Christus
2156 2252 2246 2309 cst
2304 2246 2586 2310 ritibilie.
2618 2248 2950 2329 Loquendo
3004 2266 3151 2328 ergo
3190 2252 3392 2331 primo

1829 2344 2013 2403 modo
2042 2342 2118 2403 de
2152 2344 2569 2422 propositione
2624 2344 2889 2404 mediate
2936 2343 3228 2421 revelata,
3290 2364 3389 2407 ve-

1829 2455 1971 2497 rum
2020 2442 2111 2498 est
2160 2437 2641 2515 propositionem
2698 2436 2791 2497 1111
2842 2438 3213 2499 contrariam
3262 2456 3391 2499 esse

1829 2531 2209 2605 haereticam,
2263 2531 2409 2610 quia
2444 2530 2801 2610 propositio,
2852 2531 2939 2591 sic
2976 2531 3266 2607 revelata,
3299 2538 3389 2591 est

1831 2624 2191 2704 simpliciter
2235 2625 2309 2684 de
2348 2623 2493 2699 fide,
2540 2629 2609 2683 ut
2636 2624 2917 2702 superius
2942 2622 3094 2698 dixi,
3138 2623 3293 2703 disp.
3328 2626 3388 2699 3,

1831 2724 1979 2779 sect.
2018 2722 2115 2790 11,
2142 2736 2179 2777 a
2206 2736 2383 2792 num,
2414 2720 2473 2789 53
2508 2726 2569 2777 et
2604 2717 2761 2777 ratio
2791 2724 2902 2791 est,
2927 2717 3076 2795 quia
3102 2715 3249 2777 licet
3286 2718 3391 2777 illa

1831 2812 2189 2891 propositio,
2230 2812 2429 2890 quoad
2460 2829 2593 2884 noS,
2642 2816 2703 2870 et
2752 2810 3087 2870 seeundum
3139 2811 3390 2871 modum

1831 2911 2113 2966 nostrum
2192 2903 2578 2983 concipiendi
2626 2902 2922 2976 confuse,
2967 2902 3206 2962 dicatur
3257 2922 3392 2963 me-

1831 2998 1998 3058 diate
2040 2997 2349 3073 revelata,
2386 3003 2595 3057 tamen
2632 2995 2699 3055 in
2736 3014 2803 3055 re
2836 2995 2997 3055 cadit
3039 3014 3145 3055 seu
3180 3002 3393 3057 exten-

1833 3089 2003 3150 ditur
2053 3090 2346 3151 revelatio
2394 3090 2471 3150 ad
2529 3089 2725 3167 ipsam
2776 3089 2967 3149 etiam
3008 3089 3385 3150 immediate.

1830 3186 1909 3245 Et
1937 3186 2005 3245 in
2032 3185 2147 3245 hoe
2196 3203 2377 3245 sensu
2436 3184 2678 3243 videtur
2750 3181 2939 3242 etiam
3006 3180 3247 3241 locutus
3320 3184 3388 3242 D.

1833 3280 2102 3339 Thomas
2130 3278 2193 3337 in
2224 3277 2421 3337 citatis
2443 3276 2592 3336 locis
2628 3276 2707 3336 de
2726 3275 3143 3355 propositione
3164 3276 3391 3335 directe

1835 3371 1932 3431 vel
1960 3371 2256 3430 indirecte
2286 3369 2361 3429 de
2386 3368 2529 3443 tide,
2567 3374 2636 3427 ut
2667 3374 2831 3447 patet
2863 3386 2935 3426 ex
2968 3366 3074 3427 illo
3106 3369 3391 3447 exemplo

1833 3482 1959 3543 quo
1993 3465 2211 3536 utitur,
2258 3462 2465 3522 dicens
2506 3460 2667 3521 lianc
2698 3478 2823 3522 esse
2860 3460 3089 3520 directe
3122 3462 3197 3519 dc>
3222 3461 3342 3521 fide
3377 3476 3393 3522 ε

1837 3555 2177 3638 Scriptura
2205 3554 2413 3617 divina
2444 3560 2533 3617 est
2580 3554 2818 3615 verbum
2868 3553 2983 3615 Dei
3023 3554 3397 3629 infallibitoe

1837 3650 1999 3709 hanc
2051 3668 2196 3709 vero
2234 3665 2249 3709 ε
2292 3649 2475 3711 Isaac
2527 3649 2651 3725 suit
2699 3646 2871 3725 filim
2924 3646 3211 3720 Abrakoe,
3242 3647 3337 3707 vel
3374 3670 3387 3707 :

1841 3744 2061 3807 Tobios
2123 3743 2327 3805 habuit
2388 3742 2629 3816 cadem,
2674 3759 2802 3799 esse
2862 3746 3097 3799 tantam
3145 3740 3223 3800 de
3270 3739 3394 3800 tide

1835 3838 2181 3912 indirecte3
2254 3842 2493 3897 constat
2550 3836 2717 3896 euim
2778 3834 2938 3895 hanc
2992 3833 3391 3911 posteriorem

1835 3930 2141 3992 contineri
2190 3930 2255 3989 in
2288 3930 2487 4009 prima
2515 3934 2809 4006 tanquam
2858 3932 3095 4005 partem
3124 3926 3191 3985 in
3236 3932 3389 3999 toto,

1833 4030 1896 4084 et
1956 4042 2085 4085 esse
2138 4022 2495 4083 immediate
2537 4040 2573 4081 a
2636 4022 2757 4081 Deo
2813 4020 3171 4094 revelatam,
3234 4021 3393 4081 sicut

1833 4118 1952 4179 fuit
2031 4116 2387 4178 immediate
2451 4115 2675 4193 scripta
2750 4132 2789 4175 a
2836 4114 3133 4192 scriptore
3180 4131 3391 4188 sacro,

1833 4211 2062 4289 Spiritu
2100 4212 2323 4271 Sancto
2372 4208 2663 4283 dictante,
2718 4226 2826 4268 seu
2882 4207 3224 4287 specialiter
3278 4226 3389 4287 gu-

1832 4303 2155 4365 bernante.
2186 4303 2270 4363 At
2302 4320 2446 4363 vero
2488 4300 2797 4381 loquendo
2844 4298 2921 4359 de
2976 4300 3391 4379 propositione

1831 4404 2077 4460 tantum
2131 4398 2453 4477 posteriori
2510 4396 2694 4457 modo
2764 4392 3031 4455 mediate
3094 4394 3387 4469 revelata,

1831 4493 1985 4553 etin
2022 4510 2087 4555 se
2126 4510 2253 4553 non
2281 4490 2536 4551 definita
2572 4507 2683 4569 per
2722 4486 3079 4564 Ecclesiam,
3108 4486 3393 4566 probabi·

1829 4586 1949 4645 lius
1991 4591 2083 4647 est
2131 4585 2283 4647 illud
2322 4600 2449 4645 non
2494 4582 2771 4645 sufficere
2800 4587 2869 4641 ut
2912 4581 3219 4641 contraria
3254 4600 3393 4661 pro·

1825 4679 2049 4759 positio
2104 4680 2185 4739 sit
2236 4677 2595 4757 simpliciter
2646 4674 2936 4736 haeretica
2966 4720 2986 4749 ,
3038 4674 3335 4733 nimirum
3368 4720 3388 4749 ,

1827 4773 1977 4853 quia
2018 4771 2173 4834 illud
2232 4790 2357 4831 non
2417 4769 2641 4831 sufficit
2711 4774 2781 4829 ut
2846 4767 3015 4828 talis'
3054 4768 3392 4847 propositio

1827 4868 1906 4927 sit
1956 4866 2313 4945 simpliciter
2370 4864 2445 4925 de
2500 4864 2621 4923 fide
2646 4908 2667 4939 ,
2714 4862 2821 4923 sed
2894 4868 3141 4921 tantum
3224 4868 3391 4921 certa

1831 4959 2200 5038 Theologica
2264 4956 2633 5019 certitudine
2662 5001 2680 5031 ,
2734 4962 2804 5015 ut
2871 4955 3111 5015 notavit
3158 4954 3387 5015 Gerson

1827 5054 1892 5113 in
1934 5053 2083 5113 locis
2134 5050 2397 5113 citandis
2429 5055 2655 5131 puncto
2682 5048 2986 5128 sequenti,
3018 5047 3127 5107 ubi
3152 5054 3387 5127 partem

1825 5146 1987 5207 hauc
2026 5144 2407 5209 commodius
2458 5141 2903 5223 explicabimus
2952 5146 3016 5203 et
3068 5140 3393 5203 confirma-

1824 5242 2051 5302 bimus.

1913 5337 2014 5396 11.
2049 5334 2138 5395 De
2177 5330 2586 5414 propositione
2614 5347 2880 5393 erronea.
2916 5362 2997 5376 —
3022 5329 3092 5389 ln
3124 5328 3392 5391 secundo

1833 5429 2033 5508 gradu
2090 5425 2541 5487 damnabilium
2588 5424 3077 5503 propositionum
3102 5470 3121 5499 ,
3172 5440 3393 5501 propo·

1801 5518 2008 5587 'nitur
2046 5520 2381 5606 propositio
2416 5534 2689 5595 erronea,
2754 5536 2859 5577 scu
2918 5534 3089 5579 error
3131 5516 3195 5577 ia
3244 5516 3391 5595 fide,-

2993 5626 3071 5683 30
