3900 6217
811 456 981 509 SECT.
1018 457 1142 509 vm.
1181 457 1261 509 AN
1296 458 1457 511 PAPA
1492 457 1629 511 SINE
1664 455 1945 509 coNano
1979 457 2076 510 sn·
2110 457 2312 509 cmm
2345 454 2590 507 REGULA
2624 454 2804 509 mum.
3282 451 3390 514 161

171 549 487 611 tissimum
506 560 609 613 est
627 554 864 634 Papam
882 573 1013 619 esse
1030 575 1215 637 supra
1231 555 1357 617 tale
1384 555 1721 617 Concilium
1728 577 1747 631 3

170 644 305 723 quia
342 642 782 709 infallibilitas
822 667 935 709 nec
980 649 1297 711 invenitur
1340 648 1571 710 directe
1613 667 1753 729 pro-

170 738 343 797 missa
394 738 515 799 tali
570 740 890 819 Concilio,
936 758 1051 804 nec
1098 741 1455 821 delegabilis
1506 748 1597 805 est
1616 758 1635 818 3
1690 747 1754 803 et

170 838 415 911 propter
472 834 731 912 reliqua
776 853 915 915 quae
965 836 1033 896 iu
1084 836 1173 897 eis
1222 835 1419 897 videri
1467 842 1745 915 possunt.

169 925 287 1003 Ego
332 931 563 987 autem
612 927 889 992 breviter
935 948 1153 991 censeo
1200 929 1357 991 illud
1406 930 1749 993 Concilium

172 1036 287 1079 non
316 1036 457 1079 ese
486 1020 784 1098 regulam
810 1021 980 1097 fidei,
1020 1024 1167 1102 quia
1204 1022 1421 1085 saltem
1449 1023 1583 1102 ejus
1607 1040 1752 1083 auc-

174 1111 381 1171 toritas
422 1112 789 1175 infallibilis
828 1122 922 1177 est
968 1116 1085 1177 sub
1124 1116 1439 1196 opinione,
1490 1123 1553 1179 et
1600 1114 1751 1196 quia

170 1222 289 1265 non
316 1204 517 1265 habet
564 1206 1065 1285 jurisdictionem
1096 1210 1173 1271 ad
1203 1208 1601 1289 obligandam
1642 1212 1749 1271 Ec-

170 1297 411 1359 clesiam
490 1307 647 1362 ante
722 1302 1275 1365 confirmationem.
1341 1302 1750 1365 Nihilominus

168 1399 373 1453 tamen
400 1394 991 1472 probabilissimum
1014 1415 1233 1459 censeo
1262 1414 1390 1457 non
1416 1398 1749 1476 permissu-

164 1504 301 1547 rum
326 1486 561 1563 Deum,
598 1495 671 1551 nt
699 1489 823 1551 tale
864 1489 1207 1552 Concilium
1235 1490 1513 1569 legitime
1540 1508 1750 1570 proce-

164 1578 367 1641 dendo
388 1589 592 1657 erret,
622 1584 839 1663 utique
866 1582 1148 1647 faciendo
1191 1584 1359 1663 quod
1404 1584 1472 1645 in
1517 1602 1583 1646 se
1632 1592 1746 1662 est,

162 1691 289 1735 non
313 1680 453 1735 tam
482 1682 749 1755 propter
785 1677 991 1757 ipsum
1020 1695 1208 1758 quam
1251 1685 1503 1757 propter
1542 1680 1749 1740 Ponti·

166 1765 365 1843 ficem,
420 1770 583 1847 quia
614 1777 778 1831 esset
824 1787 1054 1851 magna
1083 1762 1455 1851 perplexitas
1504 1778 1567 1833 et
1614 1790 1747 1833 ma·-

168 1878 359 1939 gunm
384 1862 767 1925 scandalum
794 1864 1095 1941 Ecclesiae,
1122 1864 1175 1925 si
1205 1864 1484 1926 Pontifex
1515 1873 1576 1926 et
1590 1866 1747 1927 Con-

170 1953 373 2015 cilium
410 1954 593 2017 inter
626 1974 695 2017 se
741 1956 1163 2019 dissentirent.
1212 1958 1387 2021 Unde
1414 1976 1453 2019 a
1500 1958 1745 2021 fortiori

172 2052 403 2108 constat
430 2048 741 2128 generale
780 2050 1123 2111 Concilium
1160 2050 1463 2111 definiens
1508 2050 1749 2113 duobus

170 2140 401 2201 ultimis
451 2142 691 2218 modis,
722 2142 987 2218 scilicet,
1019 2142 1117 2203 vel
1142 2150 1362 2205 contra
1394 2144 1745 2207 instructio-

170 2251 311 2293 nem
340 2232 696 2311 Potitianis,
715 2235 967 2314 qnando
984 2234 1153 2297 illam
1177 2236 1367 2311 misit,
1393 2239 1584 2297 etiam
1603 2254 1747 2298 con-

168 2328 582 2389 sentientibus
624 2328 869 2408 legatis,
912 2328 1010 2390 vel
1046 2329 1167 2390 illis
1216 2328 1743 2407 dissentientibus,

169 2421 413 2481 etiamsi
462 2421 947 2483 instructionem
995 2440 1125 2483 non
1186 2421 1553 2498 habuerint,
1618 2441 1745 2485 non

170 2530 295 2575 esse
320 2513 617 2593 regulam
646 2513 821 2589 fidei,
844 2513 951 2575 sed
982 2532 1159 2595 posse
1184 2532 1411 2587 errare,
1441 2516 1590 2594 quia
1616 2534 1743 2575 non

172 2606 451 2685 procedit
475 2606 789 2687 legitime,
816 2608 923 2671 sed
950 2614 1209 2688 utroque
1238 2608 1422 2669 modo
1460 2626 1498 2669 a
1542 2610 1742 2690 capite

172 2700 501 2765 discordat.

258 2797 619 2859 Decea-imm
662 2798 737 2859 de
770 2797 1073 2875 Pontifiee
1102 2798 1453 2874 uberiorem,
1481 2798 1615 2862 vide
1640 2800 1742 2861 ia-

188 2891 313 2965 srss,
334 2890 635 2967 disputat
665 2892 765 2951 10.

770 3092 989 3145 sterio
1022 3093 1149 3146 vul.

194 3240 401 3303 etrum
432 3240 737 3305 Summus
761 3242 1057 3318 Pontifex
1098 3242 1280 3305 etiam
1313 3242 1442 3306 sine
1474 3242 1741 3307 Concilio

349 3332 628 3413 onerati
656 3334 744 3397 sit
768 3336 1129 3413 infallibilis
1155 3335 1367 3415 remila
1390 3336 1535 3412 fidei
1554 3337 1583 3397 ἓ

254 3522 307 3578 1.
370 3518 734 3581 Distiuotio.
761 3520 1221 3584 —Iastituisse
1272 3520 1577 3585 Gari-stum
1616 3544 1739 3587 mo·

166 3614 487 3675 maaian
525 3613 857 3690 B'eolesioe,
906 3621 993 3677 est
1039 3616 1108 3677 de
1144 3615 1285 3692 fide.
1325 3647 1409 3661 -
1436 3614 1517 3677 De
1554 3616 1738 3679 Sum·

164 3724 263 3765 mo
304 3706 623 3767 Pontifioe
673 3705 897 3787 duplex
944 3716 1035 3768 est
1092 3706 1411 3785 potissima
1464 3708 1734 3789 disputa·

160 3804 259 3875 tio,
318 3816 463 3859 una
514 3798 599 3859 de
654 3798 955 3877 dignitate
995 3813 1057 3862 et
1099 3801 1373 3881 primatu
1428 3800 1596 3879 ejus,
1649 3821 1732 3865 an

157 3892 337 3953 fuerit
382 3909 469 3954 cx
526 3891 915 3954 institutione
950 3892 1197 3965 Christi,
1251 3901 1315 3955 et
1354 3912 1729 3975 consequen-

160 3990 243 4047 ter
286 3987 371 4045 sit
427 3984 509 4047 de
558 3984 698 4064 jure
746 3985 1002 4047 divino:
1058 3987 1163 4049 sed
1212 3986 1342 4050 hoec
1392 4006 1533 4069 pars
1582 4008 1727 4070 sup-

160 4078 453 4158 ponenda
494 4078 705 4159 potius
731 4097 899 4141 nunc
935 4089 1029 4142 est
1077 4098 1269 4160 quam
1313 4081 1721 4161 disputanda,

158 4173 295 4251 quia
318 4189 551 4234 revera
578 4190 707 4233 non
727 4178 819 4233 est
838 4170 945 4251 huj
954 4190 1025 4233 us
1052 4172 1170 4235 loci
1195 4177 1443 4255 propria
1461 4179 1476 4213 ¹
1485 4219 1508 4250 ,
1523 4193 1723 4258 neque

158 4264 329 4327 datur
354 4265 663 4345 temporis
691 4265 1129 4345 commoditas3
1148 4268 1274 4347 legi
1296 4286 1443 4349 ergo
1466 4278 1723 4349 possunt

160 4358 317 4419 citati
330 4364 649 4434 auctores,
669 4359 1007 4438 praesertim
1028 4360 1504 4438 Turrecremat„
1527 4362 1715 4441 Cano,

164 4458 219 4511 et
238 4450 684 4528 Bellarminus,
706 4459 769 4513 et
784 4452 1133 4531 Cajetanus,
1166 4454 1234 4515 in
1257 4472 1465 4535 opusc.
1498 4456 1575 4517 de
1602 4457 1719 4519 hac

164 4562 247 4605 te.
296 4546 431 4607 Nos
472 4563 633 4624 ergo
684 4547 1097 4626 supponimus
1143 4553 1444 4628 tanquam
1481 4550 1559 4612 de
1596 4551 1719 4614 fide.

158 4647 419 4716 certmn,
449 4638 765 4701 Christum
797 4641 1126 4701 Dominum
1154 4642 1488 4705 instituisse
1510 4643 1718 4707 Eccle-

158 4733 307 4793 siam
326 4750 536 4807 snam,
556 4738 630 4792 nt
652 4741 809 4795 esset
830 4752 955 4795 nna
978 4734 1313 4813 spiritualis
1337 4737 1715 4815 respublica,

156 4823 385 4887 habens
416 4826 888 4889 monarchicum
916 4827 1224 4905 regimen,
1263 4828 1429 4909 quod
1458 4830 1720 4910 ipsemet

160 4917 431 4981 Christus
456 4920 526 4981 in
566 4920 745 4981 Petro
773 4918 1115 4996 inchoavit,
1144 4930 1217 4983 ut
1260 4930 1557 5002 perpetuo
1600 4924 1715 4985 dn·

160 5022 319 5073 raret
336 5016 405 5075 in
426 5014 879 5075 successoribus
906 5016 1064 5094 ejus.
1098 5016 1187 5075 Ita
1212 5023 1451 5078 constat
1468 5035 1546 5079 ex
1574 5036 1715 5099 pro-

164 5105 447 5167 missione
478 5104 732 5182 Christi,
760 5106 987 5168 Matth.
1028 5109 1146 5168 16:
1181 5108 1386 5189 Super
1424 5110 1579 5174 hano
1612 5128 1716 5191 pe-

168 5202 321 5259 trem
345 5199 647 5275 ‘edificabo
662 5200 1013 5263 Ecclesiam
1046 5220 1233 5265 meam
1248 5227 1277 5275 ,-
1302 5220 1450 5263 nam
1477 5210 1569 5265 est
1587 5222 1719 5266 mo-

169 5288 371 5353 taliter
412 5293 681 5369 evidens,
724 5312 837 5374 per
886 5292 1066 5355 illum
1114 5295 1483 5375 articulum,
1536 5298 1711 5374 hano,

256 5484 271 5515 ¹
304 5478 449 5541 Vide
468 5479 515 5541 l.
548 5485 578 5542 1
608 5480 1001 5545 Defensionis
1026 5482 1195 5557 fidei,
1222 5502 1273 5546 c.
1306 5486 1407 5564 10,
1436 5492 1500 5547 et
1526 5484 1713 5558 infra,

176 5569 329 5651 disp.
363 5575 457 5649 ¹0,
482 5581 623 5635 sect.
656 5576 713 5635 3.

472 5698 577 5749 ni.

1832 556 2082 617 Petrum
2108 556 2458 635 designasse
2485 576 2504 631 3
2533 555 2910 635 praemiserat
2936 556 3103 617 euim
3139 574 3156 619 ε
3196 558 3294 621 Ta
3338 577 3401 622 es

1832 648 2099 722 Petrus;
2124 656 2189 711 et
2226 649 2436 711 statim
2465 648 2788 729 subjungit
2818 665 2836 710 z
2867 650 2959 711 Bt
2986 656 3180 729 portoe
3206 652 3398 730 inferi

1831 761 1947 803 non
1972 744 2380 821 praevalebunt
2405 744 2689 806 adversus
2713 760 2864 817 eam,
2891 742 3245 821 significans
3263 764 3399 825 per-

1834 836 2202 913 petuitatem
2249 835 2494 899 aedificii
2536 835 2776 897 fundati
2819 825 2886 896 in
2937 836 3045 897 illa
3097 844 3292 917 petra,
3337 844 3399 900 et

1830 935 2278 1008 consequenter
2335 929 2506 990 illam
2546 934 2784 1008 petram
2835 928 2963 991 sore
3004 936 3391 1010 perpetuam,

1832 1024 2054 1084 nonin
2081 1041 2364 1104 persona,
2396 1022 2500 1083 sed
2529 1021 2590 1081 in
2630 1022 2926 1083 cathedra
2965 1028 3028 1083 ct
3073 1025 3396 1086 successio·

1831 1135 1935 1178 ne.
1975 1118 2048 1178 Et
2071 1118 2162 1179 illi
2186 1116 2404 1179 eodem
2435 1115 2619 1177 modo
2645 1117 2850 1178 statim
2882 1118 3184 1196 promisit,
3217 1137 3396 1197 pecu·

1831 1208 1975 1271 liari
2003 1216 2066 1271 et
2091 1209 2393 1289 singulari
2421 1208 2805 1287 excellentia,
2849 1209 3054 1272 claves
3093 1211 3393 1287 Ecclesiae,

1829 1304 2042 1366 dicens
2070 1319 2086 1363 t
2121 1302 2264 1367 Tibi
2295 1304 2440 1365 dabo
2465 1302 2659 1366 claves
2681 1305 2855 1382 requi
2883 1303 3180 1365 coelormn.
3218 1307 3396 1367 Deni-

1829 1414 1976 1477 que,
2019 1396 2488 1476 promissionem
2535 1395 2700 1457 hanc
2737 1414 2927 1475 prope
2971 1398 3392 1459 ascensionem

1830 1508 2008 1551 suam
2043 1490 2318 1551 Christus
2345 1488 2652 1569 implevit,
2683 1489 2864 1551 Joan.
2908 1492 3012 1563 2¹,
3045 1489 3256 1552 dicens
3292 1493 3399 1554 Pe·

1828 1590 1964 1645 tro:
1995 1583 2188 1645 Pasce
2223 1600 2434 1661 cynos,
2479 1587 2541 1643 et
2569 1604 2584 1641 ι
2608 1582 2802 1645 Pasce
2829 1601 2962 1645 oves·
2983 1602 3165 1657 meas,
3193 1583 3256 1645 id
3279 1592 3394 1661 est,

1824 1694 1973 1755 rege
2016 1680 2078 1736 et
2116 1675 2399 1752 guberna
2427 1674 2574 1752 (hoe
2599 1674 2771 1735 enim
2808 1674 2872 1735 in
2909 1675 3217 1737 similibus
3251 1677 3398 1739 locis

1823 1767 2136 1847 significat
2162 1767 2419 1829 verbum
2445 1768 2728 1847 pascendi
2755 1768 2820 1827 in
2855 1768 3192 1846 Scriptura,
3217 1771 3400 1848 juxta

1826 1861 2102 1939 phrasim
2133 1858 2527 1939 hebraicam)
2569 1868 2770 1921 totum
2799 1877 3052 1940 gregem
3089 1880 3326 1939 meum,
3359 1882 3398 1927 a

1830 1953 2095 2015 minimo
2125 1971 2319 2032 usque
2341 1952 2422 2015 ad
2458 1971 2782 2032 magnum,
2832 1953 2942 2031 qui
2975 1972 3084 2033 per
3119 1973 3314 2035 agnos
3334 1964 3398 2019 et

1826 2066 1972 2109 oves
2011 2046 2437 2125 significatum
2477 2048 2708 2125 itaque,
2747 2066 2822 2109 ex
2851 2050 3260 2111 consonantia
3285 2050 3396 2111 ho-

1826 2158 1970 2203 rum
2002 2141 2303 2215 locorum,
2348 2146 2412 2201 et
2438 2140 2771 2202 verborum
2803 2142 3201 2221 proprietate,
3234 2150 3396 2205 etex

1826 2234 1917 2294 rei
1967 2234 2352 2309 necessitate,
2393 2240 2457 2295 et
2499 2233 2774 2295 materiae
2817 2234 3119 2312 gravitate
3143 2281 3161 2309 ,
3208 2243 3270 2297 et
3314 2254 3393 2297 ex

1826 2327 2144 2388 communi
2173 2344 2356 2387 seusu
2384 2345 2457 2387 ac
2502 2326 2834 2387 traditione
2869 2326 3153 2389 Ecclesiae
3191 2336 3254 2390 et
3283 2330 3394 2391 Pa·

1826 2426 1997 2481 trum
2016 2419 2325 2495 omnium,
2357 2426 2598 2481 constat
2621 2420 2928 2481 Christum
2947 2420 3034 2481 ibi
3059 2422 3396 2485 instituisse

1824 2515 2162 2594 primatum
2185 2514 2466 2575 Ecclesiae
2487 2514 2554 2575 in
2582 2532 2848 2595 persona
2869 2515 3056 2590 Petri,
3079 2521 3148 2576 ut
3171 2517 3237 2577 in
3260 2535 3394 2577 suc-

1822 2605 2164 2668 cessoribus
2193 2607 2329 2685 ejus
2354 2613 2648 2685 perpetuo
2667 2606 2954 2679 duraret;
2975 2615 3038 2669 et
3059 2608 3150 2669 ita
3176 2614 3265 2671 est
3293 2609 3394 2671 hic

1820 2696 2117 2759 artic-ulus
2133 2698 2458 2773 tenendus,
2474 2716 2602 2760 nou
2617 2699 2817 2761 solum
2833 2706 3131 2781 tanquam
3147 2702 3223 2763 de
3241 2700 3388 2779 fide,

1821 2792 1929 2853 sed
1954 2796 2254 2872 tanquam
2291 2811 2490 2855 unum
2515 2812 2590 2855 ex
2620 2794 2948 2874 praecipuis
2971 2795 3392 2859 fundamentis

1822 2885 1994 2961 fidei,
2015 2891 2077 2946 et
2101 2885 2374 2947 maxime
2393 2887 2806 2948 necessarium
2835 2887 2914 2948 ad
2946 2886 3246 2950 tollendas
3267 2890 3392 2951 hae·

1823 2997 1990 3039 reses
2023 2987 2084 3039 et
2111 2978 2468 3055 schismata,
2497 2989 2568 3041 nt
2594 2980 2764 3041 citati
2785 2988 3066 3043 auctores
3095 2981 3388 3045 latissime

1824 3078 2317 3154 prosequuntur,
2347 3073 2670 3135 referendo
2694 3073 2905 3135 Patres
2929 3092 3082 3154 quos
3121 3075 3393 3139 breviter

1823 3172 1884 3229 et
1900 3167 2142 3227 erudite
2171 3164 2407 3244 colligit
2435 3165 2769 3227 Maidouat.
2817 3168 2886 3227 in
2924 3174 3255 3249 utrumque
3300 3171 3387 3231 lo·

1821 3276 1962 3323 cum
1987 3258 2206 3321 Matth.
2239 3265 2302 3320 et
2327 3258 2536 3334 Joan.,
2570 3260 2718 3320 satis
2741 3267 3028 3323 accurate
3062 3261 3170 3323 illa
3205 3280 3388 3343 expo-

1823 3352 2052 3415 nendo·

1898 3448 1960 3506 2.
2005 3445 2402 3509 Recensentur
2440 3446 2632 3509 varice
2671 3445 3002 3522 Pontifieis
3037 3453 3379 3525 potestates.

1816 3570 1898 3585 -
1925 3538 2206 3601 Proesens
2225 3538 2474 3617 questio
2499 3543 2586 3599 est
2613 3538 2804 3601 solum
2833 3540 2901 3599 de
2931 3546 3220 3617 potestate
3247 3544 3385 3623 defi-

1816 3632 2044 3693 niendi.
2074 3664 2151 3675 —-
2179 3630 2391 3691 Altera
2421 3647 2564 3709 pars
2601 3630 2789 3711 hujus
2826 3630 3260 3711 disputationis
3289 3647 3384 3700 cst

1818 3722 1895 3784 de
1948 3728 2246 3802 potestate
2297 3722 2631 3799 pontificis,
2680 3742 2818 3802 quae
2865 3723 3042 3803 plura
3099 3727 3380 3791 membra

1812 3814 2240 3895 complectitur
2278 3815 2356 3877 ad
2393 3816 2594 3875 varias
2641 3818 2930 3877 materias
2967 3820 3375 3900 pcrtinentia3

1808 3908 1999 3972 habet
2025 3910 2197 3970 enim
2223 3926 2579 3988 supremam
2619 3915 2982 3989 potestatem
3003 3912 3376 3992 jurisdictio-

1806 4003 1905 4065 nis
1932 4004 2000 4062 in
2038 4001 2173 4063 foro
2207 4002 2661 4077 sacramentali,
2710 4001 2786 4063 dc
2833 4022 2956 4083 qua
2998 4005 3236 4067 dictum
3279 4016 3374 4069 est

1804 4096 1873 4157 in
1902 4096 2163 4157 materia
2193 4095 2270 4154 de
2301 4096 2694 4170 Paenitentia,
2740 4096 2975 4175 disput.
3025 4099 3139 4176 163
3185 4099 3373 4162 habet

1804 4188 2030 4251 deinde
2065 4205 2418 4268 supremam
2453 4188 2952 4265 jurisdictionem
2999 4190 3066 4251 in
3111 4198 3369 4255 externo

1801 4281 1936 4343 foro
1961 4279 2266 4360 spirituali
2293 4285 2354 4341 et
2390 4278 2818 4357 ecclesiastico,
2850 4300 2989 4361 quae
3023 4280 3371 4362 legislativa

1804 4380 1920 4450 est,
1950 4392 2058 4435 seu
2099 4372 2419 4447 directiva,
2451 4379 2514 4433 et
2560 4382 3008 4453 consequenter
3055 4376 3244 4438 etiam
3274 4388 3368 4440 est

1803 4468 2242 4549 dispensativa,
2275 4472 2338 4527 et
2370 4466 2446 4527 de
2487 4466 2596 4527 illa
2623 4468 3024 4528 tractavimus
3072 4469 3140 4530 in
3171 4477 3365 4551 mate-

1801 4560 1896 4622 ria
1936 4560 2014 4620 de
2056 4559 2346 4639 Legibus,
2386 4557 2498 4619 lib.
2543 4562 2606 4635 4,
2654 4578 2692 4621 a
2719 4560 3042 4640 princip10,
3083 4568 3145 4623 et
3179 4562 3290 4624 lib.
3327 4570 3364 4629 3

1798 4652 2185 4715 Defensionis
2221 4650 2390 4727 fidei,
2426 4670 2464 4712 a
2491 4668 2625 4731 cap.
2663 4654 2725 4727 6,
2765 4660 2828 4713 et
2864 4653 3062 4714 multa
3099 4654 3166 4715 iu
3210 4663 3366 4719 trac·

1798 4752 1932 4807 tatu
1958 4747 2035 4807 de
2055 4745 2237 4817 Vota,
2265 4744 2424 4805 libro
2440 4752 2636 4821 sexto,
2660 4747 2854 4827 capite
2870 4764 3059 4823 nono,
3083 4754 3146 4809 et
3159 4748 3236 4810 de
3255 4749 3291 4810 J
3297 4768 3364 4811 u-

1797 4844 2103 4913 ramento,
2134 4837 2292 4899 libro
2319 4840 2614 4915 secunde,
2646 4840 2846 4919 capite
2889 4841 3206 4919 trigesimo
3220 4858 3243 4919 3
3275 4852 3366 4905 est

1796 4934 1984 4995 etiam
2032 4937 2300 5012 potestas
2337 4932 2612 4991 coactiva
2633 4976 2654 5007 ,
2696 4932 2773 4992 de
2815 4950 2937 5011 qua
2979 4933 3044 4995 in
3075 4941 3244 4996 tomo
3283 4938 3362 4999 de

1795 5025 2106 5101 Censoris,
2131 5025 2544 5103 disputatione
2574 5024 2797 5104 prima,
2840 5032 2989 5086 sect.
3022 5030 3084 5102 2,
3124 5030 3361 5093 dictum

1796 5126 1911 5179 est.
1942 5117 2311 5179 Extenditur
2333 5119 2521 5177 etiam
2545 5117 2624 5177 ad
2653 5118 3136 5197 dispensandum
3161 5123 3362 5187 indul-

1797 5211 2150 5290 gentiarum
2179 5210 2564 5285 thesaurum,
2587 5210 2742 5270 utin
2763 5215 2930 5271 tomo
2955 5211 3030 5273 de
3053 5214 3361 5277 Poeniten-

1798 5307 1911 5378 tia,
1945 5303 2105 5382 disp.
2139 5303 2240 5377 39,
2271 5302 2649 5363 declaratum
2680 5308 2793 5363 est.
2827 5301 3036 5363 Solum
3083 5323 3232 5384 ergo
3257 5328 3359 5369 su..

1798 5401 2004 5477 perest
2035 5394 2366 5455 dicendum
2401 5396 2478 5455 de
2504 5400 2802 5473 potestate
2841 5394 3205 5475 deliniendi,
3249 5418 3360 5464 seu

1798 5487 2060 5551 docendi
2110 5487 2442 5549 Ecclesiam
2496 5506 2635 5548 cum
2689 5487 3128 5552 infallibilitate
3145 5535 3168 5567 ,
3219 5512 3358 5574 qnae

1797 5582 2048 5667 propria
2077 5588 2169 5643 est
2194 5582 2380 5665 hujus
2402 5579 2520 5643 loci
2529 5596 2551 5662 5
2583 5587 2645 5642 ct
2671 5582 2817 5665 quia
2839 5582 2916 5643 de
2944 5583 3260 5663 Pontifice,
3287 5597 3358 5657 ut

2963 5698 3032 5759 lt
