3900 6217
675 412 842 474 sset.
879 413 963 474 lv.
1001 423 1082 473 AN
1117 415 1506 476 minumus
1535 413 1738 474 neers
1773 409 2111 472 ntvtuswn
2146 417 2209 472 m
2243 412 2658 482 mellitissimi,
2694 409 2829 472 erc.

375 539 654 583 qrum-um.
688 522 916 596 Primo,
951 520 1095 600 quia
1119 521 1226 583 illa
1276 522 1588 584 distinctio
1617 527 1710 582 cst

453 614 713 676 aterialis
745 615 814 675 in
858 614 1076 676 ordine
1113 615 1194 676 ad
1237 616 1706 689 infidelitatem3

503 715 520 744 *
559 708 654 769 illi
710 726 950 770 errores
1001 709 1238 787 possint
1281 709 1578 787 distingui
1613 709 1714 769 vel

606 820 682 862 ex
708 801 896 862 rebus
923 802 1214 880 opinatis,
1246 802 1346 863 vel
1373 802 1716 863 formaliter

545 895 663 954 ..lei
686 893 998 967 humanae,
1029 895 1084 954 si
1119 913 1197 956 ex
1217 895 1456 956 diverso
1486 895 1712 955 huma-

433 1007 494 1047 ,ο
515 988 647 1062 fiat,
676 987 1086 1048 nihilominus
1107 993 1238 1048 tota
1269 988 1374 1048 illa
1396 989 1717 1048 diversitas

325 1080 660 1155 materialis,
703 1087 766 1140 et
815 1079 1092 1158 physica,
1149 1099 1278 1141 non
1325 1080 1604 1142 formalis
1658 1087 1719 1140 et

213 1174 416 1238 moralis
453 1173 518 1232 in
561 1173 802 1234 ratione
830 1172 1234 1244 infidelitatis,
1277 1181 1348 1234 ut
1387 1179 1624 1234 constat
1650 1173 1716 1232 in

207 1266 418 1330 diversis
467 1265 810 1326 haeresibus
855 1264 1024 1326 circa
1074 1267 1492 1342 Trinitatem,
1543 1266 1718 1329 verbi

209 1361 388 1440 gratia,
409 1358 504 1419 vel
532 1358 1072 1435 incarnationem3
1113 1376 1262 1419 nam
1301 1364 1548 1443 peccata
1574 1365 1718 1419 sunt

205 1453 438 1532 ejusdem
487 1451 713 1531 speciei
765 1451 838 1512 in
903 1437 1154 1512 iisdem
1179 1452 1476 1512 materiis.
1543 1451 1718 1512 Unde

208 1549 360 1608 etiam
399 1543 464 1606 fit
507 1546 678 1606 utin
729 1543 839 1604 illo
865 1561 1047 1604 sensu
1085 1561 1214 1604 non
1259 1545 1450 1624 possit
1496 1543 1718 1604 divisio

205 1657 306 1701 esse
347 1638 690 1700 doctrinalis
750 1644 815 1699 ct
865 1636 1180 1699 sufficiens
1200 1683 1222 1712 ,
1287 1637 1434 1717 quia
1483 1655 1720 1698 errores

205 1739 378 1792 contra
417 1729 604 1793 fidem
647 1738 902 1810 possunt
947 1731 1016 1791 in
1052 1730 1370 1791 infinitum
1423 1729 1719 1810 multipli-

203 1825 324 1898 cari,
351 1829 414 1882 ut
451 1841 600 1884 eum
627 1822 996 1900 Augustino,
1036 1823 1146 1884 lib.
1177 1822 1256 1883 de
1289 1823 1612 1899 Haeresib.,
1652 1825 1720 1886 in

203 1918 322 1992 fine,
345 1916 494 1978 dixit
521 1917 598 1977 D.
621 1916 916 1991 Thomas,
943 1916 1009 1976 d.
1031 1935 1094 1996 q.
1129 1919 1230 1993 10,
1257 1923 1378 1977 art.
1411 1918 1473 1976 5.

263 2011 311 2070 2.
349 2007 601 2074 Eva-5⁸⁸0.
632 2037 716 2054 -··
735 2009 1138 2072 Emluditwr.
1169 2041 1248 2054 -—
1279 2009 1454 2082 Quod
1493 2009 1544 2069 si
1582 2009 1722 2088 quis

199 2105 348 2179 dicat,
377 2104 510 2166 licet
543 2105 660 2166 hoc
685 2105 770 2166 sit
793 2120 1012 2164 verum
1041 2104 1118 2164 de
1145 2103 1460 2166 erroribus
1486 2105 1552 2164 in
1583 2121 1719 2182 spe·

197 2201 288 2272 cie,
313 2215 476 2277 posse
503 2205 720 2258 tamen
753 2197 832 2258 ad
862 2197 1146 2276 quaedam
1175 2197 1492 2276 generalia
1517 2199 1720 2277 capita

195 2291 388 2366 reduci,
405 2290 600 2352 etiam
618 2290 734 2352 hoc
755 2291 940 2350 modo
959 2308 1086 2350 non
1105 2290 1484 2352 sufficienter
1503 2292 1720 2352 viden·

196 2392 276 2446 tur
297 2383 392 2444 illa
418 2385 542 2446 tria
565 2384 772 2463 capita
807 2383 1164 2454 numerari;
1191 2385 1338 2463 quia
1365 2391 1592 2464 praeter
1616 2384 1724 2445 illa

195 2485 264 2538 est
279 2477 634 2552 athcismus,
651 2476 762 2555 qui
777 2493 1053 2538 maxima
1069 2475 1400 2538 infidelitas
1423 2484 1519 2538 est
1527 2492 1547 2553 3
1574 2477 1724 2538 item

195 2572 286 2632 erit
296 2570 620 2649 aliquando
637 2569 1276 2632 Antichristianismus
1289 2569 1368 2629 ab
1387 2568 1726 2630 Antichris-

195 2671 262 2736 to,
281 2665 378 2741 qui
399 2682 522 2726 non
539 2662 748 2724 solum
763 2662 1160 2724 christianam
1183 2661 1400 2738 fidem,
1414 2663 1518 2724 sed
1537 2671 1728 2724 etium

196 2775 462 2837 paganam
523 2763 938 2836 persequetur
975 2763 1230 2826 sectam,
1269 2762 1334 2816 et
1361 2755 1566 2835 legem
1613 2756 1722 2817 Ju-

197 2853 428 2912 daeorum
475 2869 606 2912 non
659 2849 960 2926 servabit;
1000 2851 1119 2911 erit
1167 2867 1316 2929 ergo
1361 2849 1531 2908 aliud
1583 2848 1724 2909 infi-

201 2943 426 3004 delitatis
447 2959 690 3021 genus:
720 2943 848 3004 imo
875 2942 1023 3004 addi
1051 2947 1248 3021 potest
1265 2960 1420 3021 pura
1441 2942 1724 3020 quaedam

197 3035 512 3112 infidelitas,
570 3053 717 3114 quas
765 3035 1190 3115 philosophica
1211 3035 1334 3096 dici
1383 3041 1612 3114 potest,
1651 3040 1724 3094 ut

198 3128 290 3190 erit
313 3129 374 3190 in
401 3130 508 3190 illo
527 3130 646 3208 qui
677 3147 796 3190 nec
820 3129 1134 3206 Paganus,
1171 3147 1289 3190 nec
1311 3128 1588 3204 Judaeus,
1609 3145 1726 3189 nee

191 3223 530 3284 Christianus
554 3239 690 3284 esse
707 3220 882 3297 velit,
906 3221 1014 3284 sed
1033 3227 1280 3284 tantum
1301 3237 1502 3282 unum
1527 3222 1722 3282 Deum

193 3315 390 3378 ratione
415 3315 754 3394 cognitum
783 3314 968 3376 colat.
1014 3313 1226 3376 Altera
1262 3331 1408 3374 vero
1432 3331 1575 3394 pars
1603 3313 1724 3376 mi-

193 3409 328 3468 noris
369 3409 444 3469 de
469 3409 874 3470 distinctione
901 3407 1150 3471 formali
1185 3413 1376 3488 patet,
1409 3408 1558 3488 qnia
1594 3425 1722 3468 non

195 3499 470 3562 invenitur
487 3501 662 3562 inter
685 3501 794 3564 ina
824 3501 1128 3578 membra,
1156 3509 1229 3563 ut
1251 3511 1464 3582 postea
1490 3500 1726 3564 videbi-

193 3611 324 3656 mus.

256 3691 306 3750 3.
349 3691 567 3753 Prima
599 3689 858 3754 assertio
875 3714 897 3750 .·
929 3687 1352 3770 paqanismua
1375 3687 1730 3768 judaismus

195 3789 240 3847 et
261 3787 494 3848 ltoeresis
543 3785 822 3866 apposite
857 3780 1133 3844 dividunt
1169 3781 1615 3861 infidelitatem,
1644 3811 1728 3826 —

197 3877 577 3940 Nihilominus
627 3877 964 3938 dicendum
1015 3881 1106 3937 est
1155 3875 1558 3956 partitionem
1595 3893 1730 3937 esse

194 3973 456 4050 optimam
491 3977 558 4033 et
613 3969 1051 4032 necessariam.
1105 3969 1198 4030 Ita
1235 3968 1426 4030 tradit
1463 3969 1532 4030 D.
1565 3969 1728 4030 Tho·

195 4081 323 4142 mas,
371 4067 532 4128 dicto
581 4063 851 4126 articulo
903 4062 1148 4143 quinto,
1207 4068 1269 4124 et
1317 4063 1730 4124 communiter

196 4157 452 4238 Theologi
463 4176 486 4237 ;
537 4157 858 4237 habetque
897 4156 1124 4218 divisio
1153 4155 1627 4217 fundamentum
1660 4155 1730 4215 in

199 4249 506 4330 Scriptura:
541 4269 699 4314 nam
729 4248 982 4325 Paulus,
1027 4251 1056 4310 1
1091 4248 1172 4309 ad
1193 4247 1472 4310 Corinth.
1505 4251 1566 4325 1,
1622 4247 1732 4310 illa

197 4345 444 4408 membra
475 4345 842 4423 distinguit,
889 4343 1046 4405 dum
1073 4343 1154 4405 de
1193 4343 1422 4404 Christi
1446 4343 1732 4423 passione

197 4436 322 4500 dicit
351 4457 500 4516 esse,
525 4439 776 4504 Jadoeie
797 4436 1178 4512 scandalunt,
1203 4442 1262 4500 et
1286 4437 1563 4518 pentibus
1578 4436 1732 4501 stul·

197 4532 401 4604 titiam,
451 4540 518 4598 et
563 4534 744 4613 prius
775 4531 1041 4594 haeraeoe
1093 4535 1382 4610 posuerat
1402 4574 1424 4605 ,
1482 4535 1548 4591 et
1596 4529 1736 4590 aliis

199 4621 320 4686 locis
341 4626 700 4706 frequenter
741 4624 850 4686 illa
889 4624 1014 4686 tria
1037 4629 1111 4685 ut
1157 4623 1452 4684 distincta
1491 4639 1736 4704 ponun-

199 4719 305 4778 tur:
329 4717 510 4782 habet
533 4719 734 4782 etiam
757 4717 1240 4779 fundamentum
1277 4716 1346 4776 in
1374 4734 1490 4778 usu
1531 4715 1736 4777 Eccle-

201 4809 308 4884 siae,
335 4831 477 4876 nam
505 4814 578 4876 in
605 4812 714 4874 die
739 4813 1126 4886 parasceves,
1149 4809 1366 4872 volens
1387 4828 1502 4891 pro
1517 4809 1738 4872 infide·

203 4899 336 4965 libus
377 4924 580 4982 orare,
623 4906 910 4968 distincte
953 4911 1094 4967 orat
1117 4923 1231 4986 pro
1271 4903 1598 4982 haereticis,
1627 4923 1740 4985 pa-

203 4998 352 5072 ganis
373 5007 432 5062 et
454 5000 732 5078 Judaeis3
761 5005 826 5061 et
851 5000 920 5060 in
957 4998 1230 5060 Concilio
1256 4998 1588 5078 Ephesino,
1639 5005 1734 5059 to·-

205 5106 290 5152 mo
309 5095 526 5172 primo,
555 5095 760 5174 capite
783 5100 978 5168 sexto,
1008 5091 1172 5173 quod
1197 5092 1474 5154 continet
1501 5093 1736 5154 librum

207 5187 510 5248 secundum
539 5188 618 5248 D.
658 5185 872 5265 Cyrilli
909 5184 1317 5246 Alexandrini
1355 5185 1430 5244 dc
1456 5184 1626 5260 Fide,
1655 5185 1736 5245 ad

207 5277 442 5356 reginas,
471 5280 538 5340 in
567 5280 794 5342 ultima
821 5279 956 5358 ejus
997 5278 1288 5352 sessione,
1331 5283 1457 5338 tres
1481 5277 1606 5338 illoe
1639 5278 1737 5339 in-

207 5367 498 5435 fidelitates
521 5377 960 5436 numerantur.
1001 5372 1298 5432 Damasus
1325 5369 1516 5432 etiam
1547 5371 1738 5450 Papa,

210 5459 264 5522 in
287 5463 660 5530 meessione
698 5465 846 5530 fidei
879 5465 962 5526 ad
992 5464 1324 5526 Paulinum
1351 5462 1738 5525 Thessaloni·

213 5573 448 5638 oensem,
499 5559 668 5622 dixit
706 5559 1024 5624 hoeretieos
1071 5557 1234 5627 male
1283 5557 1620 5620 sentientes
1659 5555 1738 5618 de

3224 405 3344 478 tis

1788 519 1946 580 Filio
1978 527 2087 580 aut
2114 518 2343 598 Spiritu
2394 521 2616 582 Sancto
2667 535 2807 579 cum
2854 519 3111 598 paganis
3148 523 3209 580 et
3248 521 3355 582 Ju-

1791 613 1944 673 daeis
1996 613 2245 682 sentire,
2277 613 2385 673 ubi
2415 619 2625 692 aperte
2652 613 2829 691 ponit
2861 612 2971 672 illa
3012 613 3130 672 tria
3158 631 3352 675 mem-

1791 708 1947 778 hra;
1988 713 2051 768 et
2078 707 2205 768 fere
2244 707 2461 767 eadem
2488 707 2829 786 {distinguit
2868 708 3250 784 Augustinus
3288 709 3356 768 in

1795 801 2073 862 oratione
2104 817 2291 880 quam
2340 803 2581 880 scripsit
2620 807 2833 862 contra
2872 800 3140 875 Judaeos,
3170 819 3359 880 paga-

1795 912 1908 954 nos
1964 901 2027 955 et
2071 895 2369 972 Arianos3
2420 900 2483 955 et
2536 895 2605 956 in
2654 893 2935 955 Patribus
2984 899 3131 955 sunt
3183 897 3357 955 varia

1797 987 2091 1066 opuscula
2140 987 2423 1047 distincte
2450 988 2617 1048 edita
2645 993 2859 1048 contra
2881 987 2994 1047 has
3027 987 3360 1048 infidelita-

1797 1088 1911 1142 tes.
1947 1082 2251 1143 Praeterea
2266 1080 2487 1141 divisio
2518 1080 2648 1142 haec
2667 1081 2894 1141 virtute
2920 1081 3273 1142 continetur
3292 1083 3357 1142 in

1790 1175 1933 1253 jure
1960 1174 2127 1234 civili
2172 1180 2233 1235 et
2270 1175 2603 1247 canonico;
2656 1191 2801 1234 nam
2830 1173 2894 1233 in
2922 1173 3165 1248 Codice,
3200 1175 3359 1235 libro

1797 1270 2023 1347 primo,
2054 1268 2239 1328 titulo
2266 1274 2506 1341 octavo,
2538 1267 2927 1342 duodecim0‚
2959 1275 3022 1328 et
3050 1270 3359 1348 sequenti-

1797 1361 1933 1437 bus,
1956 1361 2237 1422 distincte
2261 1361 2592 1421 traduntur
2616 1360 2782 1440 leges
2822 1360 2899 1421 ad
2932 1360 3067 1421 haec
3105 1363 3224 1421 tria
3256 1379 3361 1442 ge·

1799 1471 1950 1514 nera
1978 1452 2328 1515 infidelium
2360 1453 2762 1533 pertinentes,
2788 1459 2851 1514 et
2877 1453 3043 1515 idem
3081 1453 3361 1515 observa·

1801 1554 1948 1606 runt
1974 1546 2141 1626 leges
2180 1547 2491 1626 Hispaniae
2526 1546 2592 1607 in
2644 1553 2815 1625 parte
2850 1547 3133 1625 septima,
3178 1548 3361 1608 titulo

1799 1642 1881 1700 24
1907 1646 1971 1700 et
1996 1639 2427 1719 sequentihus;
2460 1640 2661 1702 solum
2694 1638 3013 1714 differunt,
3044 1640 3190 1720 quia
3229 1640 3362 1702 loco

1801 1751 2186 1812 paganorum
2212 1733 2459 1795 Mauros
2496 1740 2875 1814 proponunt,
2906 1734 3016 1812 qui
3036 1733 3152 1794 sub
3176 1752 3363 1814 paga-

1801 1827 1899 1887 nis
1925 1827 2347 1902 continentur,
2378 1833 2441 1888 et
2482 1826 2647 1888 idem
2693 1825 2821 1888 fere
2850 1825 3177 1888 observant
3219 1829 3363 1906 jura

1799 1919 2116 1993 canonica,
2136 1918 2279 1979 libr.
2300 1921 2339 1980 5
2364 1921 2623 1996 Decret.,
2644 1927 2707 1981 et
2724 1919 3024 1982 Clement.
3058 1919 3256 1980 titulis
3284 1921 3360 1982 dc

1800 2009 2132 2073 IIoereticis
2160 2018 2221 2072 et
2247 2009 2635 2076 Sari-aconis.

1877 2107 1939 2164 4.
1984 2104 2315 2167 Pra’dictoe
2328 2106 2643 2168 divisionis
2665 2107 2935 2170 rationes
2957 2109 3148 2172 varice
3168 2127 3364 2172 mora-

1797 2197 1906 2260 les.
1939 2229 2021 2244 --
2046 2197 2234 2260 Ratio
2258 2198 2385 2260 alia
2413 2199 2759 2280 theoloqica.
2795 2231 2878 2246 —-
2894 2203 2980 2261 Ex
3004 2201 3225 2280 quibus
3249 2204 3366 2264 im·

1799 2291 2021 2370 primis
2072 2291 2235 2351 facio
2278 2293 2755 2372 conjecturam:
2788 2293 3152 2357 divisionem
3202 2295 3366 2357 hane

1801 2386 1870 2446 in
1903 2382 2206 2463 principio
2255 2384 2460 2444 datam
2492 2403 2625 2446 esse
2670 2387 2997 2448 doctrinali
3043 2389 3228 2450 modo
3278 2389 3367 2471 (ut

1804 2478 1893 2540 sic
1922 2477 2169 2557 dicam),
2222 2477 2322 2540 vel
2349 2481 2537 2539 etiam
2570 2479 2859 2559 Jurifflco,
2905 2490 3155 2562 propter
3200 2501 3365 2545 com-

1805 2571 2168 2632 moditatem
2226 2571 2463 2634 ferendi
2507 2573 2674 2650 leges
2721 2575 3097 2654 pertinentes
3132 2577 3230 2638 vel
3286 2577 3366 2638 ad

1807 2681 2021 2743 poenas
2070 2663 2440 2740 infidelium,
2483 2665 2584 2726 vel
2629 2665 2705 2728 ad
2760 2685 2977 2729 eorum
3024 2669 3363 2731 distinctio-

1802 2775 1971 2833 nem,
1994 2763 2301 2835 quatenus
2334 2758 2562 2819 subditi
2593 2766 2769 2820 crant
2794 2761 3176 2840 principibus
3208 2763 3370 2823 cliri-

1803 2851 2054 2924 stianis3
2098 2849 2197 2910 vel
2236 2850 2317 2912 ad
2350 2851 2705 2930 dirigendos
2746 2853 2909 2931 ipsos
2955 2852 3164 2915 fideles
3203 2857 3366 2917 circa

1804 2942 2431 3004 communicationem
2478 2963 2621 3004 cum
2655 2942 3029 3022 infidelibus,
3062 2955 3131 3007 ut
3156 2956 3367 3027 postea

1804 3034 2175 3096 videbimus.
2214 3035 2511 3096 Similiter
2550 3035 2900 3116 daripotuit
2928 3045 3179 3119 propter
3203 3059 3367 3101 com-

1805 3128 2167 3212 moditatem
2225 3129 2521 3190 doctrinae
2570 3129 2671 3190 vel
2724 3130 2997 3208 moraliS,
3033 3151 3209 3214 quae
3194 3133 3367 3196 ‘circa

1802 3202 2089 3281 homines
2131 3220 2410 3283 infideles
2462 3237 2757 3301 magnam
2820 3221 3009 3286 habet
3048 3227 3367 3287 diversita-

1803 3321 1971 3391 tem3
2028 3313 2128 3376 vel
2157 3312 2544 3394 dogmaticoe,
2590 3315 2737 3394 quia
2771 3333 2849 3376 ex
2888 3317 3025 3378 aliis
3050 3317 3369 3399 principiis

1803 3406 2121 3486 agendum
2150 3415 2241 3468 est
2268 3413 2484 3468 contra
2502 3406 2847 3485 haereticos,
2876 3415 3044 3472 etex
3062 3411 3198 3472 aliis
3224 3429 3370 3474 con·

1804 3505 1902 3561 tra
1925 3499 2201 3577 Judssos,
2238 3517 2319 3561 ex
2345 3500 2483 3561 aliis
2510 3499 2779 3580 denique
2816 3508 3031 3564 contra
3068 3521 3365 3584 paganos.

1806 3594 2063 3673 Propter
2088 3592 2203 3654 has
2242 3609 2391 3672 ergo
2420 3592 2693 3654 rationes
2722 3595 2891 3656 utilis
2918 3603 3008 3657 est
3054 3595 3191 3659 liaec
3214 3598 3372 3659 divi·

1809 3686 1900 3747 sio
1927 3693 1994 3748 et
2012 3687 2496 3748 accommodata.
2529 3689 2745 3750 Postea
2766 3707 2914 3751 vero
2940 3689 3239 3771 Theologi
3273 3709 3371 3754 ra-

1807 3779 2042 3842 tionem
2078 3780 2283 3858 magis
2310 3781 2623 3860 propriam
2668 3781 2857 3862 hujus
2904 3783 3222 3846 divisionis
3254 3790 3372 3847 tra-

1809 3871 1956 3934 dere
1985 3873 2187 3934 conati
2216 3877 2383 3950 sunt,
2414 3879 2477 3933 et
2516 3875 2824 3955 proecipua
2851 3886 2944 3938 est
2973 3876 3083 3938 illa
3109 3878 3178 3939 D.
3209 3878 3371 3940 Tho-

1809 3983 1957 4042 mae,
1984 3966 2147 4028 dicto
2171 3966 2431 4027 articulo
2448 3968 2700 4046 quint03
2727 3970 2874 4049 quia
2886 3969 3219 4033 infidelitas
3242 3993 3371 4035 esse

1807 4067 2011 4142 potest
2051 4059 2149 4120 vel
2170 4065 2385 4120 contra
2406 4059 2592 4122 fidem
2621 4062 2748 4141 jam
2770 4071 3117 4144 susceptam
3146 4067 3213 4127 in
3241 4067 3374 4148 ipsa

1809 4152 2317 4215 manifestatione
2372 4154 2649 4214 veritatis
2668 4199 2689 4232 ,
2747 4156 2847 4217 vel
2914 4166 3127 4218 contra
3184 4159 3374 4226 fldem

1810 4254 2157 4327 susceptam
2195 4246 2403 4306 minus
2446 4247 2734 4326 perfecte,
2789 4254 2851 4308 et
2905 4249 2973 4310 in
3012 4250 3235 4329 figura,
3275 4252 3375 4319 vel

1810 4347 2032 4404 contra
2078 4339 2269 4401 fidem
2320 4339 2495 4400 nullo
2542 4340 2727 4401 modo
2778 4347 3114 4422 receptam.
3166 4344 3375 4408 Primo

1812 4435 1997 4496 modo
2068 4433 2465 4494 constituitur
2525 4433 2771 4495 hoeresis
2786 4451 2807 4513 ;
2874 4453 3022 4497 nam
3095 4437 3375 4500 haeretici

1811 4527 2156 4588 admittunt
2180 4525 2615 4604 Evangelium,
2636 4532 2699 4588 et
2722 4527 2943 4590 Christi
2971 4535 3035 4591 et
3057 4530 3375 4611 Apostolo-

1813 4639 1960 4682 rum
1990 4620 2361 4694 doctrinam,
2397 4621 2459 4679 in
2486 4637 2611 4700 qua
2646 4626 2738 4681 est
2778 4622 3194 4685 manifestatio
3216 4625 3377 4686 veri·

1815 4716 1988 4792 tatis,
2022 4721 2086 4776 et
2117 4714 2525 4775 nihilomiuus
2562 4715 2640 4775 ab
2676 4715 2785 4778 illa
2828 4719 3126 4780 recedunt
3138 4741 3156 4796 ς
3201 4737 3375 4796 nam,

1814 4815 1890 4870 ut
1941 4808 2022 4870 de
2068 4807 2191 4868 illis
2226 4807 2387 4868 dixit
2417 4811 2444 4868 1
2494 4808 2674 4870 Joan.
2708 4811 2783 4871 2:
2815 4812 2925 4874 Eo>
2950 4813 3119 4876 nobis
3140 4816 3383 4896 prodis·

1814 4907 1989 4977 runt,
2019 4903 2128 4966 sed
2144 4919 2264 4964 noa
2298 4907 2473 4965 erant
2492 4919 2567 4964 ew
2587 4903 2759 4966 nobis
2783 4927 2813 4976 ;
2836 4904 3085 4968 illorum
3108 4925 3260 4988 ergo
3283 4909 3383 4970 iu·

1816 4995 2087 5056 fidelitas
2120 4999 2215 5055 est
2238 4993 2526 5072 haeresis3
2576 4995 2643 5056 in
2668 4997 2938 5059 secundo
2962 5000 3181 5061 ordine
3204 5019 3380 5062 cons·

1815 5089 2067 5151 tituitur
2094 5086 2429 5148 infidelitas
2446 5088 2830 5166 Judaeorum,
2862 5107 3013 5152 nam
3040 5093 3131 5152 illi
3156 5093 3381 5154 admit-

1815 5187 1959 5244 tunt
1980 5181 2327 5244 doctrinam
2355 5187 2417 5242 et
2436 5181 2641 5260 legem
2666 5183 2916 5263 Moysis,
2941 5191 3005 5246 et
3032 5187 3383 5264 promissio-

1819 5293 1932 5338 nes
1976 5275 2203 5337 Christi
2236 5293 2343 5338 seu
2380 5275 2617 5338 Messiae
2646 5279 3071 5357 repraesentari
3102 5279 3169 5339 in
3195 5282 3385 5342 sacri·-

1817 5369 1979 5431 flciis
2022 5375 2084 5430 et
2118 5369 2339 5449 figuris
2360 5370 2587 5430 veteris
2608 5371 3009 5447 Testamenti,
3038 5377 3099 5432 et
3122 5373 3262 5434 ideo
3290 5374 3385 5436 di-

1817 5467 2047 5524 cuntur
2070 5463 2373 5543 recepisse
2404 5462 2593 5524 fidem
2632 5464 2699 5524 in
2724 5462 2929 5542 figura
2945 5481 2966 5544 3
2998 5470 3209 5527 tamen
3234 5470 3387 5548 quia

1815 5557 2111 5620 resistunt
2138 5555 2625 5618 manifestationi
2642 5557 2943 5634 veritatis,
2976 5559 3223 5639 speciali
3252 5577 3385 5624 mo·-
