3900 6217
579 388 698 447 {3⁴

579 512 766 575 quam
817 493 1162 556 intellectus
1207 491 1450 572 cogitur
1497 493 1580 554 ad
1619 491 1800 552 illum
1847 498 2143 572 praestan-

579 589 733 650 dum
764 610 781 649 τ
811 587 1035 650 deinde
1059 587 1228 668 quia,
1269 605 1397 646 non
1437 585 1718 660 obstante
1745 585 1979 666 judicio
2016 582 2145 646 evi·

580 683 766 744 dente
789 682 864 742 de
893 681 1213 750 honestate
1237 681 1501 763 alicujus
1531 679 1782 768 objecti,
1815 684 2017 758 potest
2036 696 2143 739 vo-

577 773 786 836 luntas
810 793 936 836 non
967 773 1145 850 velle,
1173 773 1272 834 vel
1299 774 1490 835 etiam
1513 771 1679 838 nolle
1705 769 1864 834 illud
1891 790 2009 860 pro
2032 789 2147 834 sua

579 867 864 928 libertate
881 883 902 944 3
929 885 1100 945 ergo,
1144 885 1272 926 non
1304 866 1588 927 obstante
1628 865 1866 946 judicio
1893 865 1974 925 de
2016 879 2147 925 crea

579 959 886 1021 dibilitate
927 958 1152 1038 obiecti
1201 959 1372 1033 fidei,
1421 966 1626 1039 potest
1678 959 1969 1020 voluntas
2016 976 2145 1018 non

579 1072 828 1115 movere
863 1053 1245 1114 intellectum
1289 1053 1366 1114 ad
1407 1071 1728 1122 assensum
1780 1051 1972 1130 illius,
2004 1069 2147 1132 quae

581 1153 672 1208 est
697 1146 948 1208 libertas
973 1147 1179 1228 quoad
1209 1147 1612 1224 exercitium3
1645 1131 1773 1211 imo
1817 1147 2007 1222 etiam
2034 1165 2145 1228 po-

580 1247 702 1302 test
725 1259 972 1302 movere
1010 1241 1088 1301 ad
1117 1260 1431 1302 assensum
1469 1243 1877 1318 contrarium,
1925 1259 2035 1302 seu
2058 1240 2147 1300 al·

577 1337 770 1396 terius
813 1335 904 1394 rei
945 1335 1288 1395 contrariae.
1343 1335 1578 1408 Verum
1625 1339 1719 1396 est
1762 1340 1977 1394 tamen
2031 1333 2149 1393 hoc

579 1429 918 1503 secundum
950 1427 1266 1493 moraliter
1295 1446 1428 1506 ¹nou
1469 1426 1631 1504 fieri,
1661 1427 1786 1490 nisi
1811 1425 2149 1500 avertendo

579 1519 964 1582 intellectum
1009 1520 1088 1582 ab
1129 1519 1354 1582 actuali
1403 1521 1636 1602 judicio
1697 1520 2146 1597 credibilitatis,

579 1615 922 1696 praesertim
945 1615 994 1686 si
1013 1615 1320 1696 judicium
1345 1615 1422 1674 sit
1445 1615 1960 1697 comparativum,
1985 1613 2148 1694 quod

577 1709 698 1769 hoc
725 1708 1036 1788 objectum
1069 1710 1148 1770 sit
1183 1709 1538 1772 credibilius
1575 1707 1754 1785 aliis;
1803 1715 2001 1792 potest
2039 1727 2150 1768 au-

577 1809 706 1864 tem
731 1803 848 1863 hoc
884 1802 1066 1864 facile
1105 1802 1273 1880 fieri,
1313 1804 1460 1884 quia
1488 1803 1797 1883 evidentia
1839 1799 2151 1880 credibili,-

577 1895 723 1956 tatis
771 1895 998 1976 pendet
1027 1914 1106 1958 ex
1154 1895 1648 1976 consideratione
1683 1895 2025 1957 multarum
2056 1914 2152 1958 re·

577 2007 720 2050 rum
744 2035 765 2066 ,
831 2007 1016 2068 quam
1076 1993 1276 2068 potest
1328 1989 1506 2052 facile
1557 1989 1752 2065 homo
1807 1989 2146 2067 dimittere,

577 2083 919 2162 praesertim
945 2082 998 2143 si
1021 2083 1249 2144 habeat
1275 2083 1562 2144 affectum
1612 2102 1738 2143 non
1783 2089 1946 2144 recte
1989 2081 2154 2143 ordi-

579 2181 796 2236 natum
808 2192 830 2254 3
851 2193 1000 2236 nam
1029 2175 1176 2236 hinc
1203 2177 1390 2238 etiam
1425 2175 1746 2249 interdum
1774 2175 2062 2258 provenit
2090 2181 2160 2245 ut

578 2269 788 2346 multi,
842 2267 1032 2335 etiam
1083 2288 1332 2352 capaces
1377 2269 1578 2349 hujus
1629 2269 2001 2346 evidentiae,
2047 2287 2159 2348 per

579 2363 902 2444 proprium
931 2362 1282 2423 discursum
1301 2368 1372 2424 et
1395 2361 1952 2446 considerationem
1980 2361 2153 2426 illam

578 2474 705 2518 non
729 2463 1135 2536 assequantur
1154 2478 1172 2531 3
1203 2456 1460 2536 sicergo
1482 2456 1614 2518 haec
1661 2457 1975 2518 evidentia
2024 2475 2153 2518 non

577 2549 840 2629 impedit
861 2548 1212 2610 libertatem
1257 2549 1422 2611 fidei.
1453 2551 1658 2610 Potest
1682 2556 1894 2611 antem
1938 2548 2151 2630 aliquo

577 2641 766 2704 modo
785 2643 1066 2704 minuere
1081 2641 1257 2705 illam
1281 2637 1626 2706 formaliter
1645 2649 1952 2724 sumptam
1971 2665 1989 2718 3
2021 2662 2147 2706 non

578 2741 791 2796 tamen
822 2735 1118 2795 diminuit
1156 2735 1478 2818 meritum,
1511 2737 1657 2816 quia
1689 2736 1756 2796 in
1785 2755 1972 2806 causa
1996 2755 2150 2816 prae-

577 2829 739 2890 cedit
765 2827 1008 2906 integra
1040 2828 1314 2906 libertas,
1347 2829 1644 2892 nimirum
1686 2831 1752 2889 in
1794 2827 2143 2891 considera-

575 2921 747 2985 tione
783 2922 976 3001 ipsius
1011 2922 1360 2999 evidentias,
1402 2929 1465 2988 et
1505 2920 1919 3006 applicatione
1966 2923 2045 2984 ad
2074 2922 2145 2985 il-

576 3014 726 3090 lam,
752 3032 888 3095 quae
912 3031 1154 3094 semper
1178 3015 1348 3096 piam
1381 3014 1720 3077 voluntatis
1753 3013 2143 3092 affecfionem

574 3106 858 3185 requirit.

660 3201 721 3261 7.
757 3200 965 3275 Quoad
995 3201 1221 3265 idiotas
1265 3221 1377 3282 quo
1415 3206 1592 3282 pacto
1641 3201 1889 3269 Gabriel
1924 3207 1988 3281 „et
2030 3202 2147 3267 alii

574 3293 1192 3357 recubante-Altera
1211 3294 1562 3372 difficultaS,
1595 3304 1658 3358 et
1679 3295 2021 3374 ohscurior,
2056 3303 2149 3358 est

577 3387 656 3448 de
692 3387 965 3466 personis
1007 3387 1421 3474 simplicibuS,
1465 3408 1607 3469 quae
1654 3408 1765 3470 per
1789 3407 1853 3450 se
1884 3407 2011 3451 non
2039 3408 2146 3451 va·

575 3477 708 3541 lent
731 3479 959 3558 dictam
979 3481 1354 3564 evidentiam
1383 3483 1648 3566 assequi,
1681 3483 1758 3544 de
1782 3482 2011 3563 quibus
2034 3482 2144 3545 ali-

575 3573 686 3653 qui
715 3617 737 3648 ,
795 3580 1166 3656 argumento
1201 3575 1492 3656 convicti,
1546 3577 1918 3638 confitentur
1972 3595 2146 3658 posse

575 3667 820 3728 credere
847 3667 980 3730 sine
1025 3666 1337 3733 evidentia
1378 3669 1826 3750 credibilitatis,
1870 3669 2001 3733 imo
2046 3669 2142 3730 in-

573 3758 821 3820 terdum
871 3759 1112 3838 teneri3
1174 3779 1286 3841 pro
1341 3779 1466 3842 qua
1515 3761 1822 3846 sententia
1873 3761 2142 3828 refertur

572 3851 840 3926 Gabriel,
873 3851 940 3923 in
975 3853 1035 3928 3,
1068 3851 1339 3917 distinet.
1373 3855 1476 3930 24,
1509 3861 1628 3924 art.
1668 3859 1728 3932 3,
1763 3855 1910 3916 dub.
1968 3859 2030 3916 1.
2062 3856 2141 3916 Et

575 3950 767 4024 patet,
799 3945 945 4026 quia
975 3947 1153 4026 pueri
1178 3945 1494 4033 baptizati,
1524 3953 1587 4009 et
1631 3949 1796 4009 iuter
1835 3947 2137 4008 Christia-

574 4057 689 4099 nos
716 4038 984 4110 edueati,
1015 4057 1158 4100 cum
1200 4041 1576 4122 perveniunt
1606 4041 1684 4102 ad
1732 4059 1917 4102 usum
1952 4042 2138 4102 ratio-

571 4131 691 4206 nis,
728 4150 874 4192 vere
895 4131 1178 4208 credunt,
1213 4139 1276 4194 et
1293 4139 1501 4196 tamen
1535 4153 1663 4209 non
1684 4134 2031 4214 percipiunt
2056 4133 2136 4194 il-

571 4223 699 4284 lam
738 4225 1134 4302 evidentiam,
1166 4243 1280 4286 nec
1306 4225 1597 4295 videntur
1637 4245 1890 4311 capaces
1928 4226 2134 4305 illius3

569 4317 856 4380 similiter
893 4317 1185 4394 infidelis,
1219 4319 1468 4404 quando
1513 4322 1784 4404 primum
1829 4319 1886 4389 ei
1915 4319 2140 4405 praedi·

569 4415 748 4471 eatur
773 4409 949 4486 fides,
993 4411 1126 4473 sine
1176 4411 1354 4477 novis
1401 4412 1735 4492 miraculiS,
1781 4413 1891 4496 pe'r
1942 4412 2138 4473 solam

568 4502 1002 4565 rationabilem
1025 4503 1550 4586 praedic-ationem,
1596 4524 1724 4567 non
1768 4505 2033 4587 percipit
2060 4507 2139 4568 is·

569 4601 699 4656 tam
727 4597 1102 4660 evidentiam
1132 4597 1582 4675 credibilitatis,
1633 4606 1694 4660 et
1740 4605 1952 4660 tamen
1994 4617 2136 4661 cum

571 4689 954 4750 convertitur
975 4690 1054 4750 ad
1077 4691 1291 4764 fidem,
1331 4709 1476 4752 vere
1505 4693 1720 4768 credit,
1754 4691 1906 4763 alias
1950 4692 2141 4754 male-

568 4781 840 4844 facerent
887 4783 1316 4866 proedicatores
1369 4786 1702 4866 evangelii,
1755 4785 2141 4848 admittendo

569 4873 646 4934 ad
679 4875 1062 4954 Baptismum
1090 4894 1192 4938 eos
1231 4877 1341 4957 qui
1381 4877 1470 4938 ita
1512 4877 1823 4961 incipiunt
1866 4878 2136 4939 eredere.

571 4967 850 5047 Denique
883 4967 950 5042 in
973 4968 1110 5029 aliis
1131 4967 1312 5030 rebus
1333 4969 1623 5032 humanis
1642 4990 1769 5032 non
1793 4969 2138 5052 postulatur

571 5059 692 5120 ista
714 5059 1046 5134 evidentia,
1073 5063 1413 5140 praesertim
1445 5064 1510 5124 in
1539 5063 1898 5126 hominihus
1927 5063 2140 5126 indoc-

567 5155 686 5232 tis;
717 5154 823 5216 sed
852 5153 1000 5214 satis
1027 5161 1119 5214 est
1147 5161 1216 5215 ut
1260 5156 1658 5236 probabiliter
1683 5157 1991 5236 judicent,
2023 5157 2139 5219 hoc

571 5265 700 5309 esse
741 5245 1002 5322 bonum,
1041 5247 1140 5308 vel
1185 5249 1408 5311 melius
1426 5272 1444 5324 ;
1476 5265 1624 5330 ergo
1653 5251 1838 5312 etiam
1879 5249 1957 5312 ad
2006 5269 2135 5311 ere-

1111 419 1118 426 ·
1147 389 1384 442 msru'r.
1423 391 1504 443 lv.
1541 391 1622 444 ΒΕ.
1655 389 2109 446 Pnorosmoxss
2140 387 2387 444 omnen
2418 391 2589 446 mom
2620 389 3037 450 surmcmmss.
3070 387 3206 444 Em.

3492 309 3537 338 Ο

2221 489 2473 572 quando
2514 491 2741 554 dicitur
2780 489 3159 553 evidentiam
3203 489 3597 556 medibiuntis
3616 515 3715 561 esse

2220 585 2629 650 necessariam
2656 583 2736 648 ad
2762 583 2975 660 fidem,
3002 582 3471 664 intelligendum
3496 587 3599 650 crit
3624 609 3717 654 res-

2222 683 2405 757 pectu
2454 677 2726 760 corporis
2776 677 3079 754 Ecclesiae,
3126 695 3254 740 non
3301 695 3446 740 vero
3484 697 3713 762 respectu

2224 770 2615 850 singularum
2647 789 3062 852 ‚personarum
3088 772 3219 852 ejus
3233 794 3255 848 3
3304 777 3369 834 et
3408 771 3530 842 hee
3558 777 3717 857 opinio

2224 861 2478 929 fortasse
2502 865 2839 946 probabilis
2858 872 2981 938 est.

2308 963 2369 1023 8.
2417 960 2746 1025 probatior
2784 959 3345 1039 resolvam—Ejus
3364 960 3536 1036 ratio.
3554 992 3623 1006 -
3637 965 3723 1028 De-

2228 1054 2664 1121 claretum—N
2672 1051 3033 1120 ihilominus
3068 1053 3357 1122 exiefimo
3396 1054 3617 1119 nullum
3648 1058 3723 1120 ho-

2226 1149 2463 1213 minem
2518 1145 2791 1228 praebere
2826 1165 3047 1225 verum
3100 1157 3167 1208 et
3199 1146 3533 1227 perlectum
3574 1167 3725 1212 assen-

2228 1260 2366 1324 sum
2402 1240 2549 1305 fidei
2574 1239 2965 1319 Christianoe,
2995 1239 3118 1302 nisi
3150 1241 3326 1321 prius
3364 1239 3563 1320 aliquo
3584 1246 3721 1306 modo

2229 1340 2595 1414 assequatur
2642 1332 2742 1396 vel
2817 1332 3145 1422 participet
3190 1333 3357 1394 hanc
3418 1333 3723 1405 evidentiam

2230 1426 2683 1501 credibilitatis‚
2720 1425 2885 1508 quod
2932 1426 3145 1498 docuit.
3174 1427 3501 1506 caietanus
3536 1429 3586 1487 2.
3612 1431 3661 1503 Ξ,
3682 1450 3720 1510 q.

2233 1524 2291 1594 1,
2322 1527 2439 1582 art.
2469 1523 2534 1595 4,
2558 1525 2620 1582 et
2640 1524 2987 1598 sequuntur
3016 1519 3107 1582 ibi
3129 1519 3415 1584 moderni
3438 1519 3725 1600 Themista,

2230 1614 2571 1696 praesertim
2612 1613 2885 1694 Aragon.
2928 1619 2992 1675 et
3014 1613 3285 1688 Cumel„
3320 1615 3349 1673 1
3380 1631 3439 1692 p.
3470 1614 3663 1694 disput.
3686 1621 3725 1692 l,

2229 1707 2377 1770 dub.
2413 1710 2479 1784 2,
2508 1705 2903 1769 conclusione
2928 1709 2989 1768 4.
3040 1707 3252 1788 Neque
3278 1706 3525 1769 Gabriel
3544 1717 3727 1770 contra-

2230 1801 2405 1877 dicit,
2430 1807 2503 1862 ιιι
2540 1801 2753 1864 statim
2796 1797 3037 1878 dicam;
3066 1803 3408 1863 convineor
3450 1807 3633 1865 autem
3664 1823 3730 1864 ra·

2228 1895 2401 1956 tione
2432 1894 2807 1975 suprafacta,
2834 1895 3003 1982 qnod
3042 1893 3353 1972 judicium
3380 1893 3728 1956 credibilitatis

2232 1986 2416 2048 debet
2442 2006 2571 2050 ense
2594 1993 2851 2062 certum,
2874 1993 2945 2048 ut
2966 1987 3047 2048 ad
3066 1986 3255 2051 fidem
3269 1993 3509 2054 certum
3532 1994 3586 2050 et
3602 1989 3727 2049 indu-

2236 2079 2495 2142 bitatam
2524 2080 2799 2142 inducat.
2848 2082 3003 2144 Nam
3030 2081 3084 2141 si
3124 2081 3265 2162 quis
3300 2087 3505 2162 potest
3524 2082 3727 2160 pruden-

2237 2179 2335 2236 ter
2356 2171 2643 2236 dubitare
2664 2173 2763 2236 vel
2784 2173 3117 2236 formidare
3142 2173 3225 2237 de
3246 2173 3632 2236 credibilitate
3660 2175 3725 2235 oh-

2231 2266 2406 2346 jecti,
2454 2267 2683 2348 poterit
2712 2268 2903 2331 etiam
2928 2267 3007 2328 de
3034 2267 3168 2348 ipsa
3202 2266 3331 2328 fide
3368 2266 3625 2328 dubitare
3658 2277 3727 2328 aut

2239 2359 2599 2440 formidare,
2654 2366 2718 2422 et
2754 2360 2847 2420 ita
2886 2379 3015 2424 non
3070 2361 3191 2422 erit
3226 2359 3385 2424 fides
3428 2359 3663 2443 perfecta
3690 2373 3728 2422 et

2234 2452 2616 2529 Christiana3
2642 2453 2949 2534 judicium
2984 2459 3197 2516 autem
3221 2451 3625 2538 oeedibilitatis
3642 2473 3727 2514 non

2229 2553 2433 2630 potest
2468 2565 2599 2610 esse
2626 2554 2889 2623 certum,
2918 2547 3039 2617 nisi
3066 2549 3149 2608 sit
3184 2548 3468 2623 evidens,
3505 2552 3570 2608 ut
3600 2567 3729 2628 supra

2230 2641 2421 2702 etiam
2454 2640 2692 2709 ostendi
2708 2656 2729 2718 ;
2754 2658 2903 2720 ergo
2936 2641 3005 2706 in
3054 2659 3453 2720 quocumque
3480 2659 3605 2703 vere
3642 2660 3730 2702 cre·

2228 2733 2413 2795 dente
2440 2733 2623 2796 debet
2666 2734 2935 2816 supponi
2972 2734 3093 2796 tale
3120 2733 3481 2813 judicium:
3502 2734 3731 2810 Quocirca

2227 2829 2279 2892 si
2306 2829 2443 2909 quis
2470 2829 2679 2892 eredat
2701 2835 2849 2892 ante
2862 2828 3173 2908 judicium
3201 2835 3449 2892 certum
3466 2833 3526 2890 et
3540 2829 3729 2890 evidens

2226 2922 2674 2998 credibilitatis,
2724 2924 3027 3004 concipiet
3074 2923 3418 3003 quamdam
3460 2922 3627 2987 fidem
3654 2922 3732 2983 hu·

2224 3035 2479 3081 manam
2509 3015 2798 3096 fflebus
2840 3015 3091 3093 divinis,
3140 3035 3279 3096 quae
3302 3079 3308 3084 ,
3328 3016 3623 3080 interdum
3660 3033 3733 3094 po·

2225 3117 2343 3174 test
2364 3129 2493 3174 esse
2520 3112 2816 3191 prudens,
2846 3118 2909 3174 et
2931 3111 3223 3186 honesta3
3256 3129 3396 3174 non
3418 3115 3612 3172 tamen
3630 3125 3731 3170 con-

2226 3202 2413 3282 cipiet
2438 3204 2759 3284 propriam
2784 3203 2975 3272 fidem
3000 3203 3445 3280 Christianam,
3462 3202 3526 3264 id
3540 3208 3619 3264 ost
3636 3218 3729 3262 om-

2226 3297 2379 3358 nino
2408 3303 2641 3366 certam
2658 3303 2723 3360 et
2742 3295 3222 3374 immutabilem,
3248 3297 3429 3378 quia,
3456 3301 3631 3358 stante
3642 3293 3731 3354 sola

2224 3389 2687 3471 probabilitate,
2738 3397 2802 3454 et
2841 3391 3175 3476 prudentia
3227 3391 3295 3454 in
3350 3390 3463 3455 illa
3512 3389 3729 3461 tundata,

2224 3489 2429 3564 posset
2454 3484 2618 3564 quis,
2648 3489 2901 3572 propter
2946 3484 3249 3562 maiorem
3288 3482 3729 3564 probabilitatem

2224 3575 2303 3638 de
2362 3595 2525 3640 novo
2584 3582 3013 3660 apparentem,
3068 3577 3387 3657 judicium
3456 3575 3733 3658 prudentie

2224 3675 2491 3746 mutare,
2536 3676 2600 3732 et
2648 3675 3091 3750 consequenter
3132 3669 3351 3747 fidem,
3402 3669 3501 3732 vel
3548 3667 3614 3729 de
3656 3667 3731 3728 illa

2220 3760 2558 3842 prudenter
2584 3761 2889 3840 dubitare,
2916 3762 3083 3842 quod
3116 3762 3197 3825 de
3224 3779 3379 3825 vero
3420 3779 3645 3828 assensu
3684 3759 3731 3818 fi-

2218 3853 2321 3916 dei
2337 3853 2511 3916 nullo
2535 3854 2721 3916 modo
2738 3855 3195 3918 admittendum
3216 3862 3333 3924 est,
3358 3855 3531 3920 Addo
3551 3861 3729 3924 tamen,

2218 3944 2295 4007 ad
2324 3947 2825 4028 respondendum
2853 3935 3305 4026 objectionibus
3344 3953 3413 4012 et
3448 3947 3731 4009 difficultati

2220 4041 2571 4120 propositae,
2620 4041 2784 4124 hanc
2826 4040 3205 4106 evidentiam
3236 4061 3369 4104 non
3400 4061 3529 4104 esse
3568 4059 3732 4121 aequa·

2218 4131 2342 4194 lem
2372 4133 2439 4196 iu
2468 4131 2783 4210 omnibuS,
2813 4153 2929 4196 nec
2961 4135 3181 4199 eodem
3208 4136 3401 4199 modo
3424 4153 3550 4198 esse
3576 4142 3731 4216 postu-

2219 4224 2472 4288 landam
2500 4227 2567 4288 in
2605 4226 2988 4306 simplicibus
3011 4225 3405 4290 credentibus
3430 4229 3575 4290 acin
3607 4225 3731 4304 sapi·

2220 4317 2505 4393 entibus3
2532 4338 2683 4380 nam
2706 4319 2813 4380 isti
2838 4338 2951 4400 per
2972 4337 3041 4382 se
3082 4319 3255 4390 inam
3278 4320 3632 4402 percipiunt,
3656 4335 3729 4396 pe·

2220 4413 2523 4473 netrando
2546 4415 2681 4494 ejus
2712 4411 2921 4476 media
2946 4421 3009 4476 et
3036 4413 3365 4496 principia,
3394 4415 3486 4480 iui
3518 4430 3646 4474 vero
3680 4413 3727 4470 in

2218 4503 2343 4566 fide
2384 4511 2448 4566 et
2468 4507 2799 4568 traditione
2820 4505 3105 4571 Ecclesiae
3146 4517 3207 4568 et
3220 4507 3569 4588 sapientum
3594 4505 3725 4566 illam

2220 4596 2624 4679 participant3
2660 4617 2809 4660 nam
2849 4599 2975 4660 illis
3012 4599 3161 4680 satis
3204 4606 3297 4661 est
3323 4601 3489 4682 quod
3530 4600 3729 4660 videant

2220 4690 2706 4770 sapientissimos
2755 4692 2946 4769 virosi,
2980 4700 3042 4758 et
3070 4693 3531 4758 multitudinem
3570 4691 3725 4754 Chris-

2222 4783 2537 4847 tianorum
2564 4783 2728 4846 hanc
2746 4785 2933 4850 fidem
2956 4787 3268 4870 amplecti,
3286 4793 3358 4854 ut
3374 4787 3725 4854 indubitatam

2222 4881 2286 4937 et
2312 4874 2731 4956 infallibilem,
2791 4885 2855 4940 et
2898 4880 3065 4959 qnod
3112 4879 3373 4950 audiant
3426 4879 3587 4950 illam
3628 4893 3724 4938 osse

2219 4969 2650 5032 confirmatam
2695 4971 2907 5034 multis
2970 4973 3305 5049 miraculis,
3351 4979 3417 5034 et
3463 4971 3614 5052 quod
3638 4970 3723 5028 hoc

2218 5061 2329 5124 fiat
2354 5061 2477 5124 illis
2505 5063 2843 5140 moraliter,
2890 5070 2953 5126 et
2980 5065 3259 5128 humano
3302 5065 3483 5128 modo
3509 5070 3719 5132 ceum,

2219 5175 2293 5217 ac
2317 5155 2585 5246 denique
2614 5157 2779 5238 quod
2818 5157 3173 5236 intelligant
3200 5159 3383 5228 talem
3432 5158 3721 5219 doctrinam

2220 5267 2348 5310 esse
2398 5257 2873 5321 consentaneam
2914 5252 3168 5327 rationi,
3218 5250 3499 5332 nihilque
3528 5253 3719 5310 conti-a·

573 5337 850 5402 dendum
874 5339 1136 5401 sufficiet
1154 5339 1470 5422 probabile
1499 5343 1800 5421 judicium
1826 5342 2136 5429 'credibili-
2212 5346 2385 5407 rium*
2434 5345 2503 5405 in
2546 5343 2653 5408 illa
2682 5345 3045 5424 inveniant3
3080 5364 3229 5410 nam
3273 5345 3403 5412 haec
3458 5341 3718 5407 sufficiunt

568 5433 737 5509 tatis,
787 5432 1006 5494 saltem
1053 5433 1120 5494 in
1167 5434 1263 5496 his
1302 5435 1409 5514 qui
1461 5437 1838 5498 evidentiam
1870 5435 2136 5516 ,bsequi

569 5543 697 5587 non
737 5533 1008 5606 possunt.
1055 5526 1253 5602 Unde,
1297 5531 1483 5607 juxta
1525 5529 1687 5590 hanc
1729 5529 2128 5605 sententiam,

2215 5443 2285 5498 ut
2314 5443 2596 5516 respectu
2624 5435 2877 5500 illorum
2904 5435 3013 5502 fiat
3040 5438 3320 5502 doctrina
3348 5437 3493 5500 fidei
3516 5433 3712 5503 eviden-

2213 5535 2310 5592 ter
2333 5529 2664 5592 credibilis·
