3900 6217
563 369 680 432 602

563 473 877 538 conclusio
906 475 1194 536 omnibus
1229 477 1572 538 rationibus
1609 478 1786 538 factis
1824 496 1934 558 pro
1960 496 2123 559 pres-

563 569 839 645 cedenti3
887 589 1038 634 nam
1082 569 1203 633 illae
1251 571 1518 650 probant
1559 590 1728 652 spem
1775 591 1901 633 nou
1952 589 2125 651 posse

563 664 894 726 consistere
926 663 1249 743 injudicio
1279 663 1384 726 illo
1425 671 1614 742 cert0,
1645 667 1774 727 sive
1804 665 1959 726 illud
1988 683 2125 745 per·

561 758 758 818 tineat
781 756 858 818 ad
887 755 1098 832 fidem,
1122 759 1248 820 sive
1274 758 1353 818 ai
1378 757 1564 820 aliam
1593 759 1907 833 virtutem,
1930 777 2125 837 quan-

565 849 897 930 doquidem
940 869 1079 912 eum
1122 849 1228 914 illo
1262 851 1499 931 judicio
1547 857 1750 932 potest
1783 853 1969 913 simul
1996 870 2126 912 esse

561 943 927 1024 desperatio,
957 944 1370 1008 Confirmatur
1396 945 1640 1022 ultimo,
1672 965 1818 1008 nam
1841 947 2003 1006 sicut
2027 945 2125 1026 ju-

561 1035 698 1098 dico
743 1039 1068 1118 praemium
1109 1039 1497 1102 reddendum
1545 1057 1672 1104 esse
1719 1058 1830 1120 pro
1865 1039 2121 1115 meritiS,

561 1131 649 1191 ita
679 1130 890 1209 judico
922 1151 1172 1214 poenam
1219 1149 1350 1194 esse
1400 1131 1806 1211 infligendam
1835 1151 1948 1212 pro
1991 1151 2124 1212 pec-

562 1224 747 1298 catis;
778 1243 925 1304 ergo
963 1225 1012 1289 si
1055 1245 1300 1306 sperare
1329 1233 1420 1288 est
1453 1226 1758 1306 judicare,
1789 1233 2125 1308 utrumque

558 1315 864 1397 judicium
896 1319 1013 1382 erit
1041 1338 1214 1399 spes,
1240 1327 1307 1385 at
1331 1319 1449 1383 hoc
1479 1326 1569 1382 est
1597 1320 1846 1396 falsum,
1871 1339 2128 1386 namex

561 1430 690 1473 uno
714 1412 950 1491 judicio
995 1414 1273 1494 sequitur
1301 1433 1460 1494 speS,
1493 1432 1570 1475 ex
1600 1414 1723 1476 alio
1757 1417 1962 1478 timor.
2003 1417 2127 1497 (vi-

563 1505 700 1568 deri
717 1512 974 1585 possunt
999 1507 1165 1569 dicta
1189 1509 1255 1570 in
1275 1507 1507 1572 Relect.
1533 1509 1610 1572 de
1629 1509 1855 1571 Libert.
1887 1510 2119 1587 divina,

563 1601 720 1682 disp.
747 1604 808 1676 2,
838 1585 983 1664 sees.
1011 1605 1074 1677 2,
1105 1619 1144 1662 a
1171 1620 1346 1664 num.
1378 1603 1518 1680 26.)

646 1697 704 1756 5.
751 1695 964 1758 Tertia
991 1697 1310 1760 conclusio.
1342 1729 1424 1746 --
1443 1697 1588 1760 Dico
1629 1699 1811 1762 tertio
1839 1717 2013 1780 spem
2046 1703 2125 1766 ad

565 1787 951 1850 voluntatem
975 1794 1272 1868 spectare,
1295 1795 1358 1852 et
1379 1800 1820 1872 consequenter
1841 1813 1971 1858 esse
1992 1815 2124 1860 mo·

561 1888 698 1942 tum
725 1882 792 1947 iu
832 1883 1066 1947 bonum
1091 1882 1206 1944 sub
1233 1884 1473 1946 ratione
1502 1883 1670 1952 boni.
1710 1889 1856 1950 Haec
1877 1890 2123 1952 conclu-

568 1976 660 2039 sio
711 1976 988 2060 sequitur
1020 1995 1100 2040 ex
1139 1977 1336 2054 dictis,
1381 1987 1444 2040 et
1483 1977 1779 2042 suadetur
1810 1983 1998 2048 etiam
2046 2005 2125 2048 ex

565 2071 886 2134 communi
925 2071 1109 2133 modo
1151 2071 1457 2134 sentiendi
1495 2089 1519 2149 3
1559 2092 1705 2134 nam
1747 2077 1947 2155 passio
1992 2080 2125 2158 spei

564 2163 817 2244 ponitur
869 2164 948 2228 ab
999 2165 1290 2228 omnibus
1353 2167 1420 2228 in
1475 2169 1752 2248 appetitu
1805 2172 2119 2234 sensitivo.

564 2260 718 2321 Item
739 2257 888 2319 illud
909 2277 1251 2338 speramus,
1275 2260 1440 2340 quod
1461 2261 1668 2340 aliquo
1689 2263 1872 2326 modo
1885 2265 2124 2344 judica-

563 2370 710 2414 mus
743 2351 980 2413 honum
1021 2358 1083 2413 et
1123 2352 1405 2416 futurum
1431 2370 1452 2432 ;
1483 2355 1572 2416 ita
1621 2355 2049 2437 Philosophus,
2085 2362 2125 2420 2

564 2448 846 2521 Rhetor„
877 2465 1010 2526 cap.
1047 2451 1076 2508 1
1103 2469 1122 2521 ;
1165 2453 1226 2510 et
1251 2448 1636 2528 Augustinus
1658 2496 1680 2527 ,
1729 2452 1797 2512 in
1833 2452 2127 2532 Enchyri-

565 2543 692 2618 dio,
722 2559 854 2622 cap.
884 2541 946 2610 8.
977 2541 1083 2602 ubi
1109 2541 1220 2617 ait,
1251 2542 1402 2604 bona
1427 2545 1872 2624 ερενωήψιαῑα
1894 2548 2121 2610 timeri.

565 2635 744 2697 Unde
780 2635 1204 2710 confirmatur,
1243 2653 1388 2696 nam
1418 2637 1606 2698 timor
1647 2637 1727 2698 ad
1779 2641 2125 2720 appetitum

563 2734 822 2810 spectat,
851 2736 914 2790 et
937 2729 1088 2808 fuga
1116 2727 1268 2790 mali
1311 2727 1430 2790 sub
1453 2729 1692 2790 ratione
1721 2731 1890 2808 mali,
1927 2740 1990 2794 et
2038 2734 2127 2796 illi

565 2828 658 2886 est
703 2822 1012 2884 contraria
1056 2840 1224 2901 spes5
1271 2839 1424 2900 ergo
1457 2841 1598 2884 cum
1649 2827 1957 2886 contraria
2004 2827 2129 2888 sint

565 2918 726 2978 circa
773 2917 936 2978 idem
957 2961 980 2992 ,
1010 2917 1198 2978 etiam
1241 2935 1378 2996 spes
1421 2917 1538 2978 erit
1573 2917 1644 2980 in
1691 2921 1969 2998 appetitu
2000 2939 2021 2998 ;
2067 2927 2128 2984 et

563 3030 706 3073 cum
747 3029 874 3074 non
913 3011 992 3072 sit
1036 3009 1202 3089 fuga,
1245 3009 1348 3072 sed
1393 3013 1756 3089 persecutio,
1813 3013 2016 3074 tendit
2060 3015 2129 3076 in

563 3104 798 3166 honum
827 3103 942 3166 sub
971 3105 1210 3166 ratione
1237 3102 1406 3165 boni.
1431 3105 1610 3182 (Vide
1636 3104 1681 3165 l.
1707 3107 1744 3166 5
1774 3105 1850 3168 de
1871 3107 2123 3184 Anima,

563 3219 700 3280 cap.
735 3202 822 3279 5.)

644 3295 704 3354 6.
749 3291 851 3356 Aa
877 3291 1145 3373 primum
1172 3293 1240 3354 in
1263 3309 1430 3356 num.
1471 3295 1534 3356 2.
1563 3291 1760 3356 -M
1779 3295 2122 3360 secundm.

563 3421 644 3432 —-
667 3384 769 3450 Ad
810 3384 1295 3450 tertium—Ad
1321 3388 1626 3450 ultanum.
1667 3419 1751 3434 --
1787 3386 1911 3462 Quo
1944 3396 2125 3467 pacto

563 3499 698 3559 spes
741 3481 981 3546 dicatur
1009 3487 1192 3546 certa.
1223 3514 1307 3530 --
1347 3480 1440 3543 Ad
1473 3481 1880 3542 fundamenta
1907 3499 2127 3542 secun·

564 3574 658 3635 dae
715 3576 1039 3636 sententies
1102 3591 1463 3654 responsum-
1511 3575 1647 3653 jam
1714 3580 1806 3635 est
1861 3593 2128 3636 numero

479 3679 500 3694 “
564 3674 808 3746 quarto.
841 3667 935 3727 Ad
969 3667 1240 3746 primum
1272 3669 1493 3746 prioris
1539 3668 1886 3742 sententiae,
1925 3668 2127 3746 primo

564 3767 830 3838 negatur
877 3760 1066 3824 fidem
1115 3760 1466 3840 significare
1508 3760 1800 3822 fiduciam
1847 3761 1916 3822 in
1966 3761 2127 3823 Scri-

563 3861 770 3935 ptura,
815 3855 1032 3916 saltem
1062 3854 1450 3934 regulariter,
1481 3860 1552 3914 ut
1578 3855 1850 3916 diximus
1890 3855 2013 3916 late
2058 3854 2127 3916 in

567 3950 830 4011 materia
851 3949 928 4010 de
955 3949 1124 4024 Fide,
1157 3948 1574 4028 disputatione
1597 3949 1822 4028 prima,
1855 3949 2127 4010 sectione

565 4043 790 4124 prima.
832 4043 924 4105 Ad
977 4041 1318 4104 secundum
1365 4043 1774 4121 respondetur
1807 4042 1959 4121 quia
1980 4087 2003 4116 ,
2056 4049 2128 4103 ut

566 4142 776 4215 postea
807 4137 1104 4210 dicemus,
1129 4154 1268 4215 spes
1293 4137 1580 4215 supponit
1596 4135 1810 4209 fidem,
1839 4141 1901 4196 et
1927 4135 1994 4194 in
2020 4134 2128 4194 illa

567 4231 824 4290 omnino
870 4228 1188 4304 fundatur,
1227 4228 1397 4306 juxta
1447 4228 1639 4289 illud:
1677 4226 1858 4291 Fides
1886 4228 2129 4290 estsub-

564 4324 800 4386 stantia
825 4324 1266 4404 xpm-avidarum
1292 4340 1537 4395 rcrwm;
1565 4321 1712 4384 hine
1757 4320 1890 4384 fieri
1932 4328 2005 4382 ut
2033 4323 2126 4381 in-

567 4418 812 4478 terdum
839 4435 978 4496 spes
1009 4418 1370 4478 nominetur
1407 4414 1648 4494 abipsa
1693 4414 1847 4488 fide,
1893 4423 1957 4478 et
1985 4416 2131 4477 inde

566 4529 704 4589 spes
739 4511 900 4572 dicta
945 4517 1036 4571 est
1085 4509 1335 4583 fiducia,
1383 4515 1454 4570 ut
1499 4510 1570 4570 D.
1607 4509 1876 4593 Thomas
1927 4509 2128 4584 docet,

565 4603 770 4682 prima
793 4603 1110 4676 secundis,¹
1133 4620 1195 4681 q.
1229 4603 1329 4676 40,
1357 4609 1418 4662 et
1463 4602 1608 4664 inde
1653 4602 2011 4662 nominatur
2052 4601 2129 4662 fi-

565 4697 693 4756 des.
729 4696 819 4758 Ad
852 4697 1102 4758 tertium
1139 4701 1580 4772 argumentum
1614 4700 1782 4774 patet
1821 4713 1900 4755 ex
1927 4695 2127 4770 dictis,

567 4797 632 4850 et
654 4789 886 4869 patebit
914 4789 1096 4850 latius
1125 4806 1206 4849 ex·
1231 4787 1524 4848 dicendis,
1553 4787 1649 4848 Ad
1695 4787 2013 4863 ultimum,
2052 4787 2128 4848 de

566 4883 935 4960 certitudine
986 4881 1117 4961 spei
1159 4927 1180 4957 ,
1221 4880 1472 4960 quidam
1540 4881 1756 4940 volunt
1785 4926 1804 4954 ,
1848 4881 2131 4957 quamvis

565 4997 704 5057 spes
743 4983 805 5038 et
831 4977 984 5038 fides
1015 4979 1146 5037 sint·
1165 4975 1452 5036 distincta
1476 5020 1495 5049 ,
1526 4992 1702 5054 posse
1735 4981 1943 5034 tamen
1982 4993 2129 5033 con-

566 5073 784 5132 venire·
810 5073 880 5131 iu
917 5070 1126 5148 aliqua
1167 5069 1536 5148 proprietate
1565 5067 1904 5142 communi,
1935 5068 2131 5128 etiam·

566 5163 840 5243 ejusdcm
871 5162 1121 5241 speciei,
1143 5161 1290 5240 quia
1317 5160 1628 5221 interdum
1657 5179 1756 5222 res
1783 5161 1984 5239 specie
2007 5161 2125 5220 dis-

569 5259 778 5318 tinctae
816 5253 1050 5316 habent
1091 5252 1344 5334 aliquod
1385 5253 1667 5314 accidens
1709 5253 1983 5331 ejusdem
2031 5271 2127 5313 ra-

566 5349 776 5412 tionis.
809 5349 930 5410 Sed
959 5346 1076 5407 hoe
1115 5365 1243 5408 non
1274 5353 1440 5406 recte
1481 5345 1728 5420 dicitu-r,
1769 5363 1916 5406 nam
1944 5345 2127 5406 certi-

565 5443 718 5504 tudo
765 5441 910 5502 fidei
949 5447 1044 5502 est
1085 5439 1162 5500 de
1203 5440 1337 5518 ejus
1375 5439 1672 5510 essentia,
1703 5445 1766 5500 et
1797 5439 2129 5500 intrinsece

566 5535 768 5602 oritur
785 5553 865 5596 ex
883 5533 1123 5620 objecto
1151 5532 1398 5594 formali
1426 5533 1581 5616 ejus,
1605 5531 1770 5596 unde
1797 5531 2129 5598 convenire

1010 374 1249 428 msPU'r.
1286 376 1323 429 1.
1359 375 1782 430 SPECULATIVA
1817 378 1896 430 DE
1930 377 2201 430 vaUTE
2234 379 2367 432 SPE!
2401 379 2742 434 CONTINENS
2774 381 3109 437 SEC‘rmNES
3143 383 3313 440 0C‘ro.

2205 478 2383 540 alteri
2416 481 2505 541 rei
2532 481 2733 561 specie
2760 482 3017 546 diverses
3046 489 3139 546 est
3176 483 3542 566 impossibile.
3568 493 3697 555 Prae·

2204 578 2375 635 terea
2402 574 2707 636 certitudo
2731 578 2975 656 proprie
3002 580 3291 640 convenit
3315 579 3534 644 actibus
3556 584 3699 646 intel-

2204 663 2418 740 lectuS,
2450 666 2784 728 voluntatis
2830 685 2974 729 vero
3026 671 3223 732 solum
3273 691 3381 751 per
3415 678 3700 754 >quamdam

2204 759 2861 822 accommodationem.
2903 763 3221 838 Quomodo
3267 765 3417 826 dixit
3464 769 3701 834 Aristote-

2205 850 2317 925 leS,
2342 852 2611 913 secundo
2635 853 3015 932 Ethicorum,
3048 857 3247 935 capite
3272 865 3459 934 sexto,
3490 863 3704 938 pruden-

2204 946 2357 1006 tiam
2387 964 2519 1008 esse
2546 953 2800 1024 certam,
2828 951 2977 1030 quia
3012 949 3273 1014 firmiter
3299 951 3556 1014 adhaeret
3580 957 3706 1016 veri·

2204 1039 2318 1099 tati
2344 1055 2363 1115 3
2400 1039 2655 1102 virtutes
2682 1051 2892 1106 autem
2922 1041 3183 1106 morales
3212 1043 3333 1104 dici
3360 1051 3563 1122 certas,
3589 1050 3707 1125 quia
3828 1101 3830 1116 ,

2204 1149 2526 1211 nunquam
2556 1133 2850 1198 aberrant
2876 1155 2915 1198 a
2937 1155 3083 1198 vera
3110 1135 3447 1212 honestate,
3470 1140 3614 1218 quod
3638 1149 3709 1202 ta·
3828 1129 3830 1168 ³

2206 1243 2351 1286 men
2382 1225 2612 1288 habent
2639 1247 2677 1288 a
2720 1227 3050 1307 prudentia
3076 1229 3383 1309 dirigente
3424 1231 3607 1312 ipsas3
3645 1234 3711 1296 sie

2206 1335 2355 1396 ergo
2388 1337 2525 1398 spes
2553 1320 2777 1382 dicitur
2806 1329 2973 1384 certa
3002 1342 3127 1386 non
3170 1343 3282 1403 per
3317 1323 3555 1384 modum
3579 1325 3709 1388 firmi
3829 1339 3830 1404 j

2206 1429 2509 1488 assensus,
2541 1413 2645 1474 sed
2666 1413 2819 1494 quia
2838 1416 3057 1476 nititur
3078 1435 3225 1478 vera
3250 1417 3483 1478 ratione
3507 1437 3711 1497 speran-

2207 1503 2293 1578 di,
2328 1503 2493 1566 unde
2522 1524 2632 1586 per
2675 1525 2741 1568 se
2786 1526 2912 1568 non
2940 1508 3203 1570 aberrat.
3240 1509 3548 1584 Quomodo
3584 1512 3712 1571 Pau-
3828 1503 3830 1550 Τ

2205 1594 2325 1670 lus,
2372 1597 2451 1658 ad
2491 1599 2779 1662 Hehraeos
2810 1607 3004 1676 sexto,
3042 1600 3190 1663 dicit
3234 1621 3405 1682 spem
3458 1603 3565 1664 niti
3603 1623 3712 1684 pro-
3828 1653 3830 1688 a

2206 1689 2501 1752 missione
2538 1700 2600 1753 et
2642 1693 3001 1772 juramento
3054 1696 3199 1771 Dei,
3227 1701 3299 1756 uc
3330 1713 3440 1777 per
3470 1697 3606 1759 duas
3637 1717 3711 1760 m
3828 1715 3830 1718 ⁴

2204 1781 2531 1848 immobiles
2586 1787 3011 1863 firmissimum
3064 1789 3353 1852 solatium
3402 1789 3681 1853 habeamus
3692 1817 3713 1864 ;
3828 1783 3830 1848 f

2203 1875 2322 1936 hoc
2348 1885 2559 1938 autem
2587 1879 2773 1942 hebet
2796 1899 2933 1960 spes
2960 1901 2999 1944 a
3030 1882 3171 1956 fide,
3199 1902 3238 1944 a
3276 1901 3401 1962 qua
3448 1882 3712 1960 dirigitur,

2206 1975 2268 2031 et
2296 1971 2360 2031 in
2399 1990 2519 2052 qua
2558 1972 2877 2052 fundatur,
2925 1975 3006 2036 ed
3048 1975 3345 2037 Hebraeos
3390 1975 3709 2048 undecimo;

2204 2065 2293 2124 ita
2316 2073 2635 2146 exponunt
2662 2067 2822 2130 hanc
2850 2069 3283 2131 certitudinem
3308 2071 3435 2150 spei
3462 2069 3711 2144 HilariuS,

2204 2176 2429 2220 canon.
2457 2163 2494 2222 5
2516 2160 2580 2221 in
2601 2161 2847 2224 Matth..
2880 2170 2943 2223 et
2970 2163 3076 2224 alii
3110 2163 3359 2240 Patres3
3398 2163 3568 2222 divus
3588 2163 3717 2224 Tho·
3828 2149 3830 2204 Ὗ

2205 2269 2361 2325 maS,
2393 2254 2657 2314 secunda
2692 2255 2997 2332 seeundae,
3030 2263 3249 2336 quaest.
3282 2257 3383 2332 18,
3414 2256 3631 2316 articul.
3654 2259 3715 2332 4,

2206 2349 2268 2405 et
2310 2346 2418 2407 alii
2446 2347 2743 2426 Theologi
2770 2350 2836 2410 in
2876 2353 2938 2425 3,
2970 2350 3366 2412 distinctione
3392 2353 3469 2412 26
3494 2369 3509 2422 ;
3534 2349 3628 2410 ubi
3662 2351 3714 2411 D.
3828 2371 3830 2424 ε

2207 2439 2495 2514 ThomaS,
2524 2441 2792 2503 secunda
2826 2443 3132 2514 secundas,
3158 2449 3379 2522 quaest.
3412 2443 3473 2518 2,
3500 2443 3717 2504 articulo
3829 2427 3830 2468 ss

2205 2535 2268 2608 2,
2294 2533 2383 2593 ait
2419 2551 2530 2613 per
2566 2533 2847 2596 accidens
2876 2553 3049 2616 posse
3077 2535 3397 2597 interdum
3427 2553 3586 2618 spem
3611 2554 3719 2596 nos·
3828 2533 3830 2610 f

2204 2632 2367 2686 tram
2400 2627 2659 2689 deficere
2686 2630 2927 2692 ratione
2955 2631 3133 2693 liberi
3170 2631 3439 2706 arbitrii,
3464 2647 3579 2692 non
3604 2631 3719 2710 quia
3829 2633 3830 2694 3

2207 2717 2342 2796 ipsa
2381 2738 2518 2799 spes
2550 2721 2797 2783 aberrat
2830 2725 2899 2784 in
2938 2723 3263 2804 sperando,
3294 2724 3401 2784 sed
3440 2723 3579 2802 quia
3616 2730 3719 2782 tan·

2208 2813 2349 2872 dem
2396 2814 2713 2878 interdum
2759 2835 2885 2880 non
2926 2817 3032 2880 fiet
3062 2819 3227 2898 quod
3258 2825 3483 2899 sperat,
3516 2837 3625 2878 non
3664 2836 3720 2876 ex
3829 2795 3830 2852 l

2208 2903 2452 2967 defectu
2490 2908 2625 2987 ejus
2660 2909 2725 2970 iu
2758 2929 2942 2988 quem
2986 2918 3213 2992 sperat,
3246 2913 3354 2974 sed
3400 2911 3577 2990 ipsius
3618 2927 3721 2988 spe·

2207 3001 2426 3076 rantis,
2459 3010 2521 3065 et
2546 3003 2663 3066 hac
2689 3005 2877 3067 etiam
2906 3025 2981 3066 ex
3008 3013 3183 3086 parte
3210 3006 3476 3068 charitas
3500 3005 3573 3066 ad
3596 3005 3725 3065 hanc
3829 3025 3830 3060 ς

2208 3095 2338 3175 spei
2366 3095 2725 3160 firmitatem
2756 3101 3125 3180 postulatur,
3148 3103 3333 3180 juxta
3361 3101 3509 3162 illud
3536 3101 3605 3160 ad
3630 3099 3726 3162 Ro·
3829 3103 3830 3108 ’

2210 3207 2427 3252 manos
2468 3195 2538 3252 5:
2598 3190 2754 3274 Spes
2794 3200 2993 3256 autem
3046 3213 3162 3256 non
3220 3195 3575 3270 confundit,
3610 3195 3727 3274 quia

2209 3283 2485 3348 charitas
2529 3285 2643 3349 Dei
2682 3284 2923 3368 diffuse
2953 3293 3040 3351 est
3076 3289 3146 3350 iu
3187 3289 3469 3352 cordibus
3509 3286 3721 3350 nostris.

2810 3513 2961 3566 SECT
2967 3513 3026 3566 10
3054 3513 3139 3565 111.

2209 3660 2381 3735 Quod
2410 3663 2623 3726 bonvm
2638 3709 2656 3738 ‚
2700 3668 2759 3727 ct
2785 3664 2895 3726 sub
2940 3683 3061 3744 qua
3102 3661 3349 3726 ration
3383 3660 3467 3724 sit
3502 3655 3724 3738 [male

2286 3756 2570 3834 objectum
2610 3757 2761 3838 spei,
2800 3762 2858 3820 ct
2882 3775 2991 3839 per
3012 3773 3159 3838 quos
3186 3763 3365 3820 actm
3412 3756 3595 3818 virtus
3619 3747 3725 3832 spei

2288 3850 2493 3914 undat
2514 3852 2583 3912 2⁸22
2604 3851 2782 3925 illud,
2810 3855 2986 3931 atque
3012 3851 3152 3913 adeo
3172 3849 3457 3931 quomodo
3482 3864 3602 3926 spes
3622 3843 3724 3908 dis-

2288 3946 2609 4026 tinyuatur
2631 3964 2670 4009 a
2696 3946 3013 4008 charitate.

2292 4135 2348 4192 1.
2390 4129 2759 4206 Quoectionis
2781 4130 3139 4212 difficultas.
3168 4161 3253 4175 —-
3281 4129 3499 4194 Prima
3525 4133 3715 4190 senteu-

2208 4227 2323 4293 tia.
2349 4257 2431 4272 -
2451 4226 2607 4286 Tota
2638 4223 2963 4285 difficultas
2994 4223 3275 4284 consistit
3303 4225 3369 4284 in
3396 4218 3719 4299 assignanda

2209 4318 2463 4399 propris¹
2484 4318 2724 4377 ratione
2743 4315 2929 4394 hujus
2956 4316 3206 4394 objecti,
3229 4323 3415 4394 prout
3440 4309 3718 4386 distingui-

2208 4419 2313 4472 tur
2352 4411 2435 4472 ab
2478 4410 2714 4488 objecto
2760 4409 3003 4470 formali
3050 4409 3391 4483 charitatis,
3424 4423 3561 4468 nam
3602 4404 3717 4464 hine

2210 4505 2435 4586 pendet
2458 4502 2767 4566 distinctio
2792 4503 3015 4564 harum
3058 4504 3387 4576 virtutum,
3427 4508 3488 4563 et
3508 4506 3715 4562 actuum

2208 4619 2447 4662 earum.
2481 4599 2687 4660 Prima
2722 4599 3029 4660 sententia
3062 4598 3209 4658 dicit
3252 4599 3467 4671 Deum,
3508 4593 3608 4656 sub
3634 4591 3719 4652 ab·

2210 4694 2414 4754 soluta
2454 4693 2693 4752 ratione
2732 4693 2881 4753 boni
2914 4691 3171 4752 increati
3221 4698 3284 4752 et
3329 4694 3717 4769 supernatura-

2208 4786 2311 4862 lis,
2340 4805 2469 4848 esse
2495 4785 2803 4864 objectum
2823 4785 3170 4858 charitatis3
3202 4784 3319 4846 sub
3356 4783 3579 4844 ratione
3601 4793 3716 4836 vero

2209 4879 2389 4940 ardui
2434 4884 2497 4939 et
2524 4877 2877 4938 excedentis
2913 4877 3183 4938 hominis
3222 4877 3717 4947 facultatemesse

2206 4973 2515 5052 objectum
2542 4973 2715 5052 spei3
2763 4977 2947 5050 atque
2970 4972 3123 5033 adeo
3143 4971 3217 5032 ad
3248 4970 3591 5032 charitatem
3608 4981 3719 5043 per-

2210 5067 2427 5141 tinere,
2471 5083 2682 5127 amare
2720 5072 2780 5125 et
2822 5065 3167 5126 desiderare
3215 5064 3365 5124 illud
3410 5062 3644 5130 bonnm,
3670 5061 3719 5115 et
3829 5075 3830 5106 1

2206 5177 2345 5240 quae
2392 5159 2471 5219 ad
2510 5159 2661 5218 illud
2710 5159 3033 5219 eonferunt
3046 5175 3067 5234 3
3110 5158 3187 5218 ad
3220 5176 3389 5237 spem
3430 5173 3565 5216 vero
3608 5158 3721 5210 tan-

2206 5260 2343 5314 tum
2382 5269 2647 5332 sperare.
2689 5252 2835 5312 Haec
2874 5251 3181 5314 sententia
3219 5251 3519 5311 indic-atim
3540 5265 3577 5308 a
3598 5245 3719 5305 divo

2206 5345 2471 5418 Thema,
2509 5345 2581 5405 in
2624 5344 2854 5418 Quaest.
2898 5345 3057 5423 disp.
3107 5348 3175 5419 1,
3208 5343 3285 5406 de
3334 5343 3472 5422 Spe,
3517 5344 3621 5401 art.
3668 5339 3715 5408 1,

2206 5443 2273 5498 et
2300 5441 2361 5498 2.
2395 5438 2455 5511 Ξ,
2486 5441 2703 5516 quaest.
2733 5437 2833 5512 17,
2864 5436 3039 5498 artic.
3071 5441 3095 5497 1
3132 5443 3196 5497 et
3220 5437 3279 5511 2,
3309 5442 3371 5496 et
3396 5437 3469 5508 33
3497 5438 3555 5493 et
3574 5429 3717 5508 Caje·

2209 5537 2377 5608 iano,
2408 5537 2629 5614 quoest.
2656 5529 2757 5608 18,
2778 5535 2897 5593 art.
2926 5533 2955 5590 1
2985 5536 3192 5608 3tenet
3212 5528 3591 5602 Paludan.,3‚
3612 5522 3717 5582 di&
