<?xml version="1.0" encoding="UTF-8"?>
<!DOCTYPE html PUBLIC "-//W3C//DTD XHTML 1.0 Transitional//EN"
    "http://www.w3.org/TR/xhtml1/DTD/xhtml1-transitional.dtd">
<html xmlns="http://www.w3.org/1999/xhtml" xml:lang="en" lang="en">
 <head>
  <title>
</title>
<meta http-equiv="Content-Type" content="text/html;charset=utf-8" />
  <meta name='ocr-system' content='tesseract 3.04.00' />
  <meta name='ocr-capabilities' content='ocr_page ocr_carea ocr_par ocr_line ocrx_word'/>
</head>
<body>
  <div class='ocr_page' id='page_1' title='image "./rpfranciscisuar00duvagoog_0573.png"; bbox 0 0 3900 6217; ppageno 0'>
   <div class='ocr_carea' id='block_1_1' title="bbox 862 345 2495 404">
    <p class='ocr_par' dir='ltr' id='par_1_1' title="bbox 862 345 2495 404">
     <span class='ocr_line' id='line_1_1' title="bbox 862 345 2495 404; baseline 0.001 -4"><span class='ocrx_word' id='word_1_1' title='bbox 862 345 1032 400; x_wconf 84' lang='lat' dir='ltr'><strong>SEGT.</strong></span> <span class='ocrx_word' id='word_1_2' title='bbox 1070 349 1126 399; x_wconf 84' lang='lat' dir='ltr'><strong>V.</strong></span> <span class='ocrx_word' id='word_1_3' title='bbox 1165 347 1244 400; x_wconf 76' lang='lat' dir='ltr'><strong>DE</strong></span> <span class='ocrx_word' id='word_1_4' title='bbox 1276 347 1438 400; x_wconf 74' lang='lat' dir='ltr'><strong>ALns</strong></span> <span class='ocrx_word' id='word_1_5' title='bbox 1469 347 1675 400; x_wconf 74' lang='lat' dir='ltr'><strong>Poeffls</strong></span> <span class='ocrx_word' id='word_1_6' title='bbox 1707 347 2171 402; x_wconf 73' lang='lat' dir='ltr'><strong>SPtRITUALlssUS</strong></span> <span class='ocrx_word' id='word_1_7' title='bbox 2206 349 2495 404; x_wconf 65' lang='lat' dir='ltr'><strong>[mansis.</strong></span> 
     </span>
    </p>
   </div>
   <div class='ocr_carea' id='block_1_2' title="bbox 143 447 1636 5554">
    <p class='ocr_par' dir='ltr' id='par_1_2' title="bbox 145 447 1636 2572">
     <span class='ocr_line' id='line_1_2' title="bbox 147 447 1634 533; baseline -0.008 -12"><span class='ocrx_word' id='word_1_8' title='bbox 147 461 214 522; x_wconf 86' lang='lat' dir='ltr'><strong>Pii</strong></span> <span class='ocrx_word' id='word_1_9' title='bbox 233 459 294 533; x_wconf 84' lang='lat' dir='ltr'><strong>V,</strong></span> <span class='ocrx_word' id='word_1_10' title='bbox 324 453 500 516; x_wconf 88' lang='lat' dir='ltr'><strong>relato</strong></span> <span class='ocrx_word' id='word_1_11' title='bbox 526 451 590 510; x_wconf 90' lang='lat' dir='ltr'><strong>in</strong></span> <span class='ocrx_word' id='word_1_12' title='bbox 613 448 946 510; x_wconf 86' lang='lat' dir='ltr'><strong>Directorio</strong></span> <span class='ocrx_word' id='word_1_13' title='bbox 971 448 1432 528; x_wconf 85' lang='lat' dir='ltr'><strong>Inquisitorum‚</strong></span> <span class='ocrx_word' id='word_1_14' title='bbox 1474 447 1634 509; x_wconf 87' lang='lat' dir='ltr'><strong>circa</strong></span> 
     </span>
     <span class='ocr_line' id='line_1_3' title="bbox 147 540 1634 622; baseline -0.005 -13"><span class='ocrx_word' id='word_1_15' title='bbox 147 553 312 618; x_wconf 82' lang='lat' dir='ltr'><strong>finem,</strong></span> <span class='ocrx_word' id='word_1_16' title='bbox 331 549 392 607; x_wconf 88' lang='lat' dir='ltr'><strong>in</strong></span> <span class='ocrx_word' id='word_1_17' title='bbox 425 559 541 622; x_wconf 87' lang='lat' dir='ltr'><strong>quo</strong></span> <span class='ocrx_word' id='word_1_18' title='bbox 587 547 855 604; x_wconf 82' lang='lat' dir='ltr'><strong>reservat</strong></span> <span class='ocrx_word' id='word_1_19' title='bbox 891 541 1030 604; x_wconf 91' lang='lat' dir='ltr'><strong>Sedi</strong></span> <span class='ocrx_word' id='word_1_20' title='bbox 1061 541 1422 622; x_wconf 79' lang='lat' dir='ltr'><strong>Apostolicae</strong></span> <span class='ocrx_word' id='word_1_21' title='bbox 1451 540 1634 602; x_wconf 86' lang='lat' dir='ltr'><strong>bene-</strong></span> 
     </span>
     <span class='ocr_line' id='line_1_4' title="bbox 147 634 1636 706; baseline -0.007 -1"><span class='ocrx_word' id='word_1_22' title='bbox 147 647 246 706; x_wconf 79' lang='lat' dir='ltr'><strong>ficia</strong></span> <span class='ocrx_word' id='word_1_23' title='bbox 283 639 532 701; x_wconf 87' lang='lat' dir='ltr'><strong>hominis</strong></span> <span class='ocrx_word' id='word_1_24' title='bbox 576 634 848 696; x_wconf 79' lang='lat' dir='ltr'><strong>haeretici</strong></span> <span class='ocrx_word' id='word_1_25' title='bbox 881 653 920 696; x_wconf 89' lang='lat' dir='ltr'><strong>a</strong></span> <span class='ocrx_word' id='word_1_26' title='bbox 965 635 1066 696; x_wconf 89' lang='lat' dir='ltr'><strong>die</strong></span> <span class='ocrx_word' id='word_1_27' title='bbox 1093 635 1400 696; x_wconf 82' lang='lat' dir='ltr'>commissi</span> <span class='ocrx_word' id='word_1_28' title='bbox 1429 634 1636 696; x_wconf 86' lang='lat' dir='ltr'><strong>crimi-</strong></span> 
     </span>
     <span class='ocr_line' id='line_1_5' title="bbox 147 726 1630 811; baseline -0.007 -14"><span class='ocrx_word' id='word_1_29' title='bbox 147 739 236 811; x_wconf 86' lang='lat' dir='ltr'><strong>nis;</strong></span> <span class='ocrx_word' id='word_1_30' title='bbox 263 749 396 810; x_wconf 81' lang='lat' dir='ltr'><strong>ergo</strong></span> <span class='ocrx_word' id='word_1_31' title='bbox 421 731 662 807; x_wconf 85' lang='lat' dir='ltr'><strong>signum</strong></span> <span class='ocrx_word' id='word_1_32' title='bbox 690 735 780 788; x_wconf 89' lang='lat' dir='ltr'><strong>est</strong></span> <span class='ocrx_word' id='word_1_33' title='bbox 807 747 885 790; x_wconf 91' lang='lat' dir='ltr'><strong>ex</strong></span> <span class='ocrx_word' id='word_1_34' title='bbox 911 735 1061 789; x_wconf 89' lang='lat' dir='ltr'><strong>tunc</strong></span> <span class='ocrx_word' id='word_1_35' title='bbox 1087 745 1328 788; x_wconf 76' lang='lat' dir='ltr'><strong>vacare.</strong></span> <span class='ocrx_word' id='word_1_36' title='bbox 1383 729 1470 787; x_wconf 77' lang='lat' dir='ltr'><strong>Ita</strong></span> <span class='ocrx_word' id='word_1_37' title='bbox 1504 726 1630 787; x_wconf 84' lang='lat' dir='ltr'><strong>col·</strong></span> 
     </span>
     <span class='ocr_line' id='line_1_6' title="bbox 148 820 1630 908; baseline -0.007 -18"><span class='ocrx_word' id='word_1_38' title='bbox 148 831 242 908; x_wconf 66' lang='lat' dir='ltr'><strong>{igit</strong></span> <span class='ocrx_word' id='word_1_39' title='bbox 269 845 332 888; x_wconf 85' lang='lat' dir='ltr'><strong>ex</strong></span> <span class='ocrx_word' id='word_1_40' title='bbox 376 825 478 885; x_wconf 89' lang='lat' dir='ltr'><strong>illo</strong></span> <span class='ocrx_word' id='word_1_41' title='bbox 513 825 678 886; x_wconf 87' lang='lat' dir='ltr'><strong>Motu</strong></span> <span class='ocrx_word' id='word_1_42' title='bbox 719 823 968 902; x_wconf 87' lang='lat' dir='ltr'><strong>proprio</strong></span> <span class='ocrx_word' id='word_1_43' title='bbox 1017 824 1247 896; x_wconf 81' lang='lat' dir='ltr'><strong>Panna,</strong></span> <span class='ocrx_word' id='word_1_44' title='bbox 1295 820 1630 884; x_wconf 67' lang='lat' dir='ltr'><strong>defendens</strong></span> 
     </span>
     <span class='ocr_line' id='line_1_7' title="bbox 147 917 1626 994; baseline -0.006 -11"><span class='ocrx_word' id='word_1_45' title='bbox 147 924 318 984; x_wconf 67' lang='lat' dir='ltr'><strong>writer</strong></span> <span class='ocrx_word' id='word_1_46' title='bbox 363 919 512 979; x_wconf 85' lang='lat' dir='ltr'><strong>banc</strong></span> <span class='ocrx_word' id='word_1_47' title='bbox 559 917 930 978; x_wconf 86' lang='lat' dir='ltr'><strong>sententiam</strong></span> <span class='ocrx_word' id='word_1_48' title='bbox 986 917 1050 976; x_wconf 91' lang='lat' dir='ltr'><strong>in</strong></span> <span class='ocrx_word' id='word_1_49' title='bbox 1099 917 1419 992; x_wconf 85' lang='lat' dir='ltr'><strong>Director.,</strong></span> <span class='ocrx_word' id='word_1_50' title='bbox 1453 919 1492 977; x_wconf 88' lang='grc'><strong>3</strong></span> <span class='ocrx_word' id='word_1_51' title='bbox 1537 933 1626 994; x_wconf 88' lang='lat' dir='ltr'><strong>p.,</strong></span> 
     </span>
     <span class='ocr_line' id='line_1_8' title="bbox 147 1009 1632 1079; baseline -0.007 0"><span class='ocrx_word' id='word_1_52' title='bbox 147 1021 411 1078; x_wconf 56' lang='lat' dir='ltr'><strong>imment.</strong></span> <span class='ocrx_word' id='word_1_53' title='bbox 434 1011 568 1079; x_wconf 85' lang='grc'>162,</span> <span class='ocrx_word' id='word_1_54' title='bbox 596 1010 703 1069; x_wconf 88' lang='lat' dir='ltr'><strong>ubi</strong></span> <span class='ocrx_word' id='word_1_55' title='bbox 727 1010 915 1070; x_wconf 86' lang='lat' dir='ltr'><strong>ctiam</strong></span> <span class='ocrx_word' id='word_1_56' title='bbox 945 1009 1127 1070; x_wconf 82' lang='lat' dir='ltr'><strong>affert</strong></span> <span class='ocrx_word' id='word_1_57' title='bbox 1149 1010 1498 1070; x_wconf 79' lang='lat' dir='ltr'>doctrinam</span> <span class='ocrx_word' id='word_1_58' title='bbox 1519 1010 1632 1069; x_wconf 90' lang='lat' dir='ltr'><strong>Lo-</strong></span> 
     </span>
     <span class='ocr_line' id='line_1_9' title="bbox 147 1102 1630 1182; baseline -0.004 -12"><span class='ocrx_word' id='word_1_59' title='bbox 147 1109 242 1178; x_wconf 70' lang='lat' dir='ltr'><strong>rati‚</strong></span> <span class='ocrx_word' id='word_1_60' title='bbox 269 1108 325 1165; x_wconf 89' lang='lat' dir='ltr'><strong>in</strong></span> <span class='ocrx_word' id='word_1_61' title='bbox 353 1103 470 1166; x_wconf 84' lang='lat' dir='ltr'><strong>fine</strong></span> <span class='ocrx_word' id='word_1_62' title='bbox 499 1105 696 1182; x_wconf 88' lang='lat' dir='ltr'><strong>operis</strong></span> <span class='ocrx_word' id='word_1_63' title='bbox 711 1102 1046 1181; x_wconf 84' lang='lat' dir='ltr'><strong>judicialis,</strong></span> <span class='ocrx_word' id='word_1_64' title='bbox 1089 1103 1350 1164; x_wconf 88' lang='lat' dir='ltr'><strong>dicentis</strong></span> <span class='ocrx_word' id='word_1_65' title='bbox 1383 1109 1630 1164; x_wconf 86' lang='lat' dir='ltr'><strong>cautum</strong></span> 
     </span>
     <span class='ocr_line' id='line_1_10' title="bbox 147 1194 1634 1276; baseline -0.004 -13"><span class='ocrx_word' id='word_1_66' title='bbox 147 1221 230 1264; x_wconf 61' lang='lat' dir='ltr'><strong>effic</strong></span> <span class='ocrx_word' id='word_1_67' title='bbox 261 1207 319 1259; x_wconf 82' lang='lat' dir='ltr'><strong>ut</strong></span> <span class='ocrx_word' id='word_1_68' title='bbox 363 1197 800 1276; x_wconf 78' lang='lat' dir='ltr'><strong>resignationes</strong></span> <span class='ocrx_word' id='word_1_69' title='bbox 821 1194 1275 1257; x_wconf 86' lang='lat' dir='ltr'><strong>-beneficiorum</strong></span> <span class='ocrx_word' id='word_1_70' title='bbox 1332 1194 1411 1255; x_wconf 89' lang='lat' dir='ltr'><strong>ab</strong></span> <span class='ocrx_word' id='word_1_71' title='bbox 1439 1195 1634 1257; x_wconf 67' lang='lat' dir='ltr'><strong>heere-</strong></span> 
     </span>
     <span class='ocr_line' id='line_1_11' title="bbox 148 1288 1632 1355; baseline -0.003 -3"><span class='ocrx_word' id='word_1_72' title='bbox 148 1297 224 1355; x_wconf 77' lang='lat' dir='ltr'><strong>.ico</strong></span> <span class='ocrx_word' id='word_1_73' title='bbox 245 1299 395 1353; x_wconf 80' lang='lat' dir='ltr'><strong>fartoe</strong></span> <span class='ocrx_word' id='word_1_74' title='bbox 431 1309 556 1350; x_wconf 86' lang='lat' dir='ltr'><strong>non</strong></span> <span class='ocrx_word' id='word_1_75' title='bbox 583 1289 830 1351; x_wconf 83' lang='lat' dir='ltr'><strong>valeant</strong></span> <span class='ocrx_word' id='word_1_76' title='bbox 879 1305 917 1348; x_wconf 86' lang='lat' dir='ltr'><strong>a</strong></span> <span class='ocrx_word' id='word_1_77' title='bbox 939 1288 1038 1349; x_wconf 91' lang='lat' dir='ltr'><strong>die</strong></span> <span class='ocrx_word' id='word_1_78' title='bbox 1087 1289 1395 1350; x_wconf 86' lang='lat' dir='ltr'>commissi</span> <span class='ocrx_word' id='word_1_79' title='bbox 1424 1289 1632 1349; x_wconf 89' lang='lat' dir='ltr'><strong>crimi-</strong></span> 
     </span>
     <span class='ocr_line' id='line_1_12' title="bbox 148 1382 1629 1465; baseline -0.003 -19"><span class='ocrx_word' id='word_1_80' title='bbox 148 1389 221 1454; x_wconf 85' lang='lat' dir='ltr'><strong>1is‚</strong></span> <span class='ocrx_word' id='word_1_81' title='bbox 247 1387 374 1465; x_wconf 85' lang='lat' dir='ltr'><strong>quia</strong></span> <span class='ocrx_word' id='word_1_82' title='bbox 400 1382 764 1444; x_wconf 83' lang='lat' dir='ltr'><strong>beneficium</strong></span> <span class='ocrx_word' id='word_1_83' title='bbox 787 1383 920 1461; x_wconf 82' lang='lat' dir='ltr'><strong>jam</strong></span> <span class='ocrx_word' id='word_1_84' title='bbox 941 1387 1153 1458; x_wconf 83' lang='lat' dir='ltr'><strong>vacat3</strong></span> <span class='ocrx_word' id='word_1_85' title='bbox 1204 1399 1352 1459; x_wconf 85' lang='lat' dir='ltr'><strong>ergo</strong></span> <span class='ocrx_word' id='word_1_86' title='bbox 1380 1383 1629 1461; x_wconf 84' lang='lat' dir='ltr'><strong>siguum</strong></span> 
     </span>
     <span class='ocr_line' id='line_1_13' title="bbox 145 1474 1625 1560; baseline -0.003 -21"><span class='ocrx_word' id='word_1_87' title='bbox 145 1488 196 1540; x_wconf 53' lang='lat' dir='ltr'><strong>{st</strong></span> <span class='ocrx_word' id='word_1_88' title='bbox 217 1481 326 1558; x_wconf 87' lang='lat' dir='ltr'><strong>ipso</strong></span> <span class='ocrx_word' id='word_1_89' title='bbox 348 1478 500 1556; x_wconf 86' lang='lat' dir='ltr'><strong>facto</strong></span> <span class='ocrx_word' id='word_1_90' title='bbox 523 1474 746 1560; x_wconf 85' lang='lat' dir='ltr'><strong>amitti.</strong></span> <span class='ocrx_word' id='word_1_91' title='bbox 785 1475 949 1536; x_wconf 82' lang='lat' dir='ltr'><strong>Idem</strong></span> <span class='ocrx_word' id='word_1_92' title='bbox 973 1480 1145 1536; x_wconf 87' lang='lat' dir='ltr'><strong>tenet</strong></span> <span class='ocrx_word' id='word_1_93' title='bbox 1171 1475 1424 1544; x_wconf 83' lang='lat' dir='ltr'><strong>Navar.‚</strong></span> <span class='ocrx_word' id='word_1_94' title='bbox 1458 1493 1625 1536; x_wconf 89' lang='lat' dir='ltr'><strong>cons.</strong></span> 
     </span>
     <span class='ocr_line' id='line_1_14' title="bbox 145 1567 1627 1646; baseline -0.003 -14"><span class='ocrx_word' id='word_1_95' title='bbox 145 1575 190 1632; x_wconf 82' lang='grc'><strong>19</strong></span> <span class='ocrx_word' id='word_1_96' title='bbox 225 1571 288 1630; x_wconf 84' lang='lat' dir='ltr'><strong>dc</strong></span> <span class='ocrx_word' id='word_1_97' title='bbox 325 1571 561 1640; x_wconf 64' lang='lat' dir='ltr'><strong>Haeret„</strong></span> <span class='ocrx_word' id='word_1_98' title='bbox 601 1574 662 1628; x_wconf 89' lang='lat' dir='ltr'><strong>et</strong></span> <span class='ocrx_word' id='word_1_99' title='bbox 689 1568 970 1642; x_wconf 82' lang='lat' dir='ltr'>Saucius,</span> <span class='ocrx_word' id='word_1_100' title='bbox 1000 1567 1274 1630; x_wconf 85' lang='lat' dir='ltr'><strong>referens</strong></span> <span class='ocrx_word' id='word_1_101' title='bbox 1305 1567 1627 1646; x_wconf 90' lang='lat' dir='ltr'><strong>plurimos,</strong></span> 
     </span>
     <span class='ocr_line' id='line_1_15' title="bbox 145 1659 1628 1740; baseline -0.003 -16"><span class='ocrx_word' id='word_1_102' title='bbox 145 1667 256 1724; x_wconf 86' lang='lat' dir='ltr'><strong>licto</strong></span> <span class='ocrx_word' id='word_1_103' title='bbox 280 1663 376 1722; x_wconf 88' lang='lat' dir='ltr'><strong>lib.</strong></span> <span class='ocrx_word' id='word_1_104' title='bbox 421 1664 480 1734; x_wconf 91' lang='grc'><strong>2,</strong></span> <span class='ocrx_word' id='word_1_105' title='bbox 509 1679 640 1740; x_wconf 86' lang='lat' dir='ltr'><strong>cap.</strong></span> <span class='ocrx_word' id='word_1_106' title='bbox 689 1661 792 1734; x_wconf 78' lang='grc'><strong>26,</strong></span> <span class='ocrx_word' id='word_1_107' title='bbox 819 1679 881 1720; x_wconf 87' lang='lat' dir='ltr'><strong>n.</strong></span> <span class='ocrx_word' id='word_1_108' title='bbox 918 1661 993 1734; x_wconf 87' lang='lat'><strong>6;</strong></span> <span class='ocrx_word' id='word_1_109' title='bbox 1042 1666 1103 1722; x_wconf 87' lang='lat' dir='ltr'><strong>et</strong></span> <span class='ocrx_word' id='word_1_110' title='bbox 1150 1659 1313 1721; x_wconf 87' lang='lat' dir='ltr'><strong>idem</strong></span> <span class='ocrx_word' id='word_1_111' title='bbox 1343 1659 1518 1721; x_wconf 87' lang='lat' dir='ltr'><strong>tenui</strong></span> <span class='ocrx_word' id='word_1_112' title='bbox 1562 1660 1628 1720; x_wconf 90' lang='lat' dir='ltr'><strong>in</strong></span> 
     </span>
     <span class='ocr_line' id='line_1_16' title="bbox 146 1753 1628 1834; baseline 0.001 -22"><span class='ocrx_word' id='word_1_113' title='bbox 146 1777 258 1818; x_wconf 68' lang='lat' dir='ltr'><strong>‚omo</strong></span> <span class='ocrx_word' id='word_1_114' title='bbox 277 1757 329 1830; x_wconf 78' lang='lat'><strong>5,</strong></span> <span class='ocrx_word' id='word_1_115' title='bbox 354 1755 570 1834; x_wconf 84' lang='lat' dir='ltr'><strong>disput.</strong></span> <span class='ocrx_word' id='word_1_116' title='bbox 599 1757 705 1828; x_wconf 69' lang='lat'><strong>43,</strong></span> <span class='ocrx_word' id='word_1_117' title='bbox 735 1760 880 1814; x_wconf 89' lang='lat' dir='ltr'><strong>sect.</strong></span> <span class='ocrx_word' id='word_1_118' title='bbox 918 1758 976 1828; x_wconf 90' lang='grc'>1,</span> <span class='ocrx_word' id='word_1_119' title='bbox 1006 1772 1183 1816; x_wconf 86' lang='lat' dir='ltr'><strong>num.</strong></span> <span class='ocrx_word' id='word_1_120' title='bbox 1219 1757 1258 1814; x_wconf 76' lang='lat' dir='ltr'><strong>t</strong></span> <span class='ocrx_word' id='word_1_121' title='bbox 1282 1770 1301 1830; x_wconf 81' lang='lat'>3</span> <span class='ocrx_word' id='word_1_122' title='bbox 1335 1760 1396 1813; x_wconf 90' lang='lat' dir='ltr'><strong>et</strong></span> <span class='ocrx_word' id='word_1_123' title='bbox 1423 1753 1628 1814; x_wconf 82' lang='lat' dir='ltr'><strong>novis-</strong></span> 
     </span>
     <span class='ocr_line' id='line_1_17' title="bbox 145 1847 1624 1926; baseline -0.001 -16"><span class='ocrx_word' id='word_1_124' title='bbox 145 1853 246 1910; x_wconf 75' lang='lat' dir='ltr'><strong>:ime</strong></span> <span class='ocrx_word' id='word_1_125' title='bbox 263 1849 446 1909; x_wconf 83' lang='lat' dir='ltr'><strong>citatis</strong></span> <span class='ocrx_word' id='word_1_126' title='bbox 467 1847 622 1920; x_wconf 85' lang='lat' dir='ltr'><strong>aliis,</strong></span> <span class='ocrx_word' id='word_1_127' title='bbox 655 1847 898 1922; x_wconf 85' lang='lat' dir='ltr'><strong>Garoia,</strong></span> <span class='ocrx_word' id='word_1_128' title='bbox 927 1847 1005 1908; x_wconf 87' lang='lat' dir='ltr'><strong>de</strong></span> <span class='ocrx_word' id='word_1_129' title='bbox 1054 1847 1300 1923; x_wconf 83' lang='lat' dir='ltr'><strong>Benef.,·</strong></span> <span class='ocrx_word' id='word_1_130' title='bbox 1329 1853 1489 1926; x_wconf 88' lang='lat' dir='ltr'><strong>part.</strong></span> <span class='ocrx_word' id='word_1_131' title='bbox 1527 1850 1624 1918; x_wconf 88' lang='grc'><strong>11,</strong></span> 
     </span>
     <span class='ocr_line' id='line_1_18' title="bbox 145 1939 1625 2020; baseline 0 -18"><span class='ocrx_word' id='word_1_132' title='bbox 145 1967 166 2004; x_wconf 71' lang='grc' dir='ltr'><strong>ε.</strong></span> <span class='ocrx_word' id='word_1_133' title='bbox 186 1945 261 2016; x_wconf 76' lang='lat' dir='ltr'><strong>lo,</strong></span> <span class='ocrx_word' id='word_1_134' title='bbox 283 1957 440 2001; x_wconf 86' lang='lat' dir='ltr'><strong>num.</strong></span> <span class='ocrx_word' id='word_1_135' title='bbox 461 1941 576 2014; x_wconf 80' lang='lat'><strong>603</strong></span> <span class='ocrx_word' id='word_1_136' title='bbox 605 1939 840 2015; x_wconf 67' lang='lat' dir='ltr'><strong>Faria„</strong></span> <span class='ocrx_word' id='word_1_137' title='bbox 869 1939 946 2000; x_wconf 89' lang='lat' dir='ltr'><strong>de</strong></span> <span class='ocrx_word' id='word_1_138' title='bbox 973 1940 1223 2016; x_wconf 77' lang='lat' dir='ltr'><strong>Haeresi,</strong></span> <span class='ocrx_word' id='word_1_139' title='bbox 1245 1947 1464 2020; x_wconf 83' lang='lat' dir='ltr'><strong>quaest.</strong></span> <span class='ocrx_word' id='word_1_140' title='bbox 1488 1941 1625 2012; x_wconf 78' lang='lat'><strong>¹89,</strong></span> 
     </span>
     <span class='ocr_line' id='line_1_19' title="bbox 145 2032 1632 2112; baseline 0 -18"><span class='ocrx_word' id='word_1_141' title='bbox 145 2053 309 2094; x_wconf 64' lang='lat' dir='ltr'><strong>inum.</strong></span> <span class='ocrx_word' id='word_1_142' title='bbox 342 2036 440 2110; x_wconf 81' lang='lat'><strong>693</strong></span> <span class='ocrx_word' id='word_1_143' title='bbox 461 2039 522 2094; x_wconf 87' lang='lat' dir='ltr'><strong>et</strong></span> <span class='ocrx_word' id='word_1_144' title='bbox 553 2034 616 2093; x_wconf 91' lang='lat' dir='ltr'><strong>in</strong></span> <span class='ocrx_word' id='word_1_145' title='bbox 642 2033 921 2094; x_wconf 76' lang='lat' dir='ltr'><strong>favorem</strong></span> <span class='ocrx_word' id='word_1_146' title='bbox 945 2032 1132 2112; x_wconf 87' lang='lat' dir='ltr'><strong>hujus</strong></span> <span class='ocrx_word' id='word_1_147' title='bbox 1165 2033 1482 2094; x_wconf 73' lang='lat' dir='ltr'><strong>sententia&gt;</strong></span> <span class='ocrx_word' id='word_1_148' title='bbox 1513 2034 1632 2094; x_wconf 87' lang='lat' dir='ltr'><strong>tria</strong></span> 
     </span>
     <span class='ocr_line' id='line_1_20' title="bbox 147 2124 1634 2206; baseline 0.001 -20"><span class='ocrx_word' id='word_1_149' title='bbox 147 2149 231 2188; x_wconf 82' lang='lat' dir='ltr'><strong>nra</strong></span> <span class='ocrx_word' id='word_1_150' title='bbox 273 2128 622 2205; x_wconf 81' lang='lat' dir='ltr'><strong>allegantur,</strong></span> <span class='ocrx_word' id='word_1_151' title='bbox 676 2126 930 2199; x_wconf 88' lang='lat' dir='ltr'><strong>scilicet,</strong></span> <span class='ocrx_word' id='word_1_152' title='bbox 960 2145 1092 2206; x_wconf 89' lang='lat' dir='ltr'><strong>cap.</strong></span> <span class='ocrx_word' id='word_1_153' title='bbox 1145 2124 1271 2200; x_wconf 80' lang='lat' dir='ltr'><strong>Quo</strong></span> <span class='ocrx_word' id='word_1_154' title='bbox 1293 2127 1463 2206; x_wconf 79' lang='lat' dir='ltr'><strong>jure,</strong></span> <span class='ocrx_word' id='word_1_155' title='bbox 1511 2127 1634 2188; x_wconf 87' lang='lat' dir='ltr'><strong>dis-</strong></span> 
     </span>
     <span class='ocr_line' id='line_1_21' title="bbox 146 2216 1628 2300; baseline -0.001 -18"><span class='ocrx_word' id='word_1_156' title='bbox 146 2225 260 2282; x_wconf 78' lang='lat' dir='ltr'><strong>inct.</strong></span> <span class='ocrx_word' id='word_1_157' title='bbox 288 2223 343 2293; x_wconf 88' lang='grc'><strong>8,</strong></span> <span class='ocrx_word' id='word_1_158' title='bbox 371 2237 496 2298; x_wconf 88' lang='lat' dir='ltr'><strong>cap.</strong></span> <span class='ocrx_word' id='word_1_159' title='bbox 529 2216 633 2282; x_wconf 75' lang='lat' dir='ltr'><strong>Aa</strong></span> <span class='ocrx_word' id='word_1_160' title='bbox 667 2219 1036 2291; x_wconf 79' lang='lat' dir='ltr'><strong><em>abolendam,</em></strong></span> <span class='ocrx_word' id='word_1_161' title='bbox 1069 2219 1108 2300; x_wconf 64' lang='grc' dir='ltr'>ἓ</span> <span class='ocrx_word' id='word_1_162' title='bbox 1147 2224 1206 2295; x_wconf 88' lang='grc'>1,</span> <span class='ocrx_word' id='word_1_163' title='bbox 1245 2221 1321 2280; x_wconf 89' lang='lat' dir='ltr'><strong>de</strong></span> <span class='ocrx_word' id='word_1_164' title='bbox 1377 2219 1628 2294; x_wconf 66' lang='lat' dir='ltr'><strong>Haeret„</strong></span> 
     </span>
     <span class='ocr_line' id='line_1_22' title="bbox 146 2312 1634 2394; baseline -0.001 -18"><span class='ocrx_word' id='word_1_165' title='bbox 146 2317 210 2378; x_wconf 81' lang='lat' dir='ltr'><strong>bi.</strong></span> <span class='ocrx_word' id='word_1_166' title='bbox 245 2313 538 2394; x_wconf 72' lang='lat' dir='ltr'><em>Spoliatus</em></span> <span class='ocrx_word' id='word_1_167' title='bbox 584 2313 892 2390; x_wconf 75' lang='lat' dir='ltr'><strong>beneficiis</strong></span> <span class='ocrx_word' id='word_1_168' title='bbox 911 2356 931 2387; x_wconf 94' lang='lat'><strong>,</strong></span> <span class='ocrx_word' id='word_1_169' title='bbox 975 2312 1139 2392; x_wconf 89' lang='lat' dir='ltr'><strong>quod</strong></span> <span class='ocrx_word' id='word_1_170' title='bbox 1186 2312 1444 2374; x_wconf 87' lang='lat' dir='ltr'><strong>verbum</strong></span> <span class='ocrx_word' id='word_1_171' title='bbox 1493 2332 1634 2374; x_wconf 87' lang='lat' dir='ltr'><strong>exe·</strong></span> 
     </span>
     <span class='ocr_line' id='line_1_23' title="bbox 145 2403 1632 2484; baseline 0.005 -24"><span class='ocrx_word' id='word_1_172' title='bbox 145 2409 377 2466; x_wconf 62' lang='lat' dir='ltr'><strong>eutionem</strong></span> <span class='ocrx_word' id='word_1_173' title='bbox 406 2403 734 2484; x_wconf 79' lang='lat' dir='ltr'><strong>significat,</strong></span> <span class='ocrx_word' id='word_1_174' title='bbox 774 2411 838 2465; x_wconf 90' lang='lat' dir='ltr'><strong>et</strong></span> <span class='ocrx_word' id='word_1_175' title='bbox 883 2423 1015 2484; x_wconf 87' lang='lat' dir='ltr'><strong>cap.</strong></span> <span class='ocrx_word' id='word_1_176' title='bbox 1065 2406 1146 2469; x_wconf 78' lang='lat' dir='ltr'><strong>Ut</strong></span> <span class='ocrx_word' id='word_1_177' title='bbox 1187 2404 1528 2481; x_wconf 73' lang='lat' dir='ltr'><em>Commissi,</em></span> <span class='ocrx_word' id='word_1_178' title='bbox 1555 2407 1632 2468; x_wconf 90' lang='lat' dir='ltr'><strong>de</strong></span> 
     </span>
     <span class='ocr_line' id='line_1_24' title="bbox 145 2500 489 2572; baseline 0.003 -14"><span class='ocrx_word' id='word_1_179' title='bbox 145 2501 326 2572; x_wconf 69' lang='lat' dir='ltr'><strong>laeret„</strong></span> <span class='ocrx_word' id='word_1_180' title='bbox 349 2500 408 2558; x_wconf 91' lang='lat' dir='ltr'><strong>in</strong></span> <span class='ocrx_word' id='word_1_181' title='bbox 432 2501 489 2559; x_wconf 88' lang='grc'><strong>6.</strong></span> 
     </span>
    </p>

    <p class='ocr_par' dir='ltr' id='par_1_3' title="bbox 143 2592 1634 5554">
     <span class='ocr_line' id='line_1_25' title="bbox 189 2592 1628 2674; baseline 0.001 -20"><span class='ocrx_word' id='word_1_182' title='bbox 189 2595 265 2654; x_wconf 89' lang='grc'><strong>18.</strong></span> <span class='ocrx_word' id='word_1_183' title='bbox 297 2592 564 2656; x_wconf 75' lang='lat' dir='ltr'><strong>Secunda</strong></span> <span class='ocrx_word' id='word_1_184' title='bbox 590 2594 892 2656; x_wconf 73' lang='lat' dir='ltr'><strong>sententia</strong></span> <span class='ocrx_word' id='word_1_185' title='bbox 919 2594 1231 2657; x_wconf 78' lang='lat' dir='ltr'><strong>contraria</strong></span> <span class='ocrx_word' id='word_1_186' title='bbox 1248 2595 1628 2674; x_wconf 79' lang='lat' dir='ltr'><strong>proecedenti.</strong></span> 
     </span>
     <span class='ocr_line' id='line_1_26' title="bbox 145 2685 1628 2768; baseline -0.001 -20"><span class='ocrx_word' id='word_1_187' title='bbox 145 2719 188 2731; x_wconf 90' lang='lat'><strong>—·</strong></span> <span class='ocrx_word' id='word_1_188' title='bbox 201 2688 654 2749; x_wconf 76' lang='lat' dir='ltr'><em>Fundamentum</em></span> <span class='ocrx_word' id='word_1_189' title='bbox 682 2687 969 2765; x_wconf 81' lang='lat' dir='ltr'><strong>primum.</strong></span> <span class='ocrx_word' id='word_1_190' title='bbox 996 2719 1080 2732; x_wconf 90' lang='lat'><em>-</em></span> <span class='ocrx_word' id='word_1_191' title='bbox 1095 2685 1520 2768; x_wconf 77' lang='lat' dir='ltr'><strong>Confirmatnr.</strong></span> <span class='ocrx_word' id='word_1_192' title='bbox 1545 2719 1628 2732; x_wconf 91' lang='lat'><strong>—-</strong></span> 
     </span>
     <span class='ocr_line' id='line_1_27' title="bbox 145 2778 1624 2854; baseline -0.001 -16"><span class='ocrx_word' id='word_1_193' title='bbox 145 2779 472 2839; x_wconf 57' lang='lat' dir='ltr'><strong>{ihilominus</strong></span> <span class='ocrx_word' id='word_1_194' title='bbox 521 2778 898 2839; x_wconf 84' lang='lat' dir='ltr'><strong>contrariam</strong></span> <span class='ocrx_word' id='word_1_195' title='bbox 943 2780 1336 2853; x_wconf 86' lang='lat' dir='ltr'><strong>sententiam,</strong></span> <span class='ocrx_word' id='word_1_196' title='bbox 1368 2778 1624 2854; x_wconf 86' lang='lat' dir='ltr'><strong>scilicet,</strong></span> 
     </span>
     <span class='ocr_line' id='line_1_28' title="bbox 146 2871 1630 2951; baseline 0.001 -21"><span class='ocrx_word' id='word_1_197' title='bbox 146 2891 248 2930; x_wconf 70' lang='lat' dir='ltr'><strong>iane</strong></span> <span class='ocrx_word' id='word_1_198' title='bbox 273 2879 486 2948; x_wconf 86' lang='lat' dir='ltr'><strong>partem</strong></span> <span class='ocrx_word' id='word_1_199' title='bbox 513 2890 642 2932; x_wconf 86' lang='lat' dir='ltr'><strong>non</strong></span> <span class='ocrx_word' id='word_1_200' title='bbox 669 2871 902 2932; x_wconf 89' lang='lat' dir='ltr'><strong>incurri</strong></span> <span class='ocrx_word' id='word_1_201' title='bbox 943 2872 1076 2951; x_wconf 85' lang='lat' dir='ltr'><strong>ipso</strong></span> <span class='ocrx_word' id='word_1_202' title='bbox 1105 2871 1271 2950; x_wconf 89' lang='lat' dir='ltr'><strong>jure,</strong></span> <span class='ocrx_word' id='word_1_203' title='bbox 1303 2871 1496 2933; x_wconf 89' lang='lat' dir='ltr'><strong>donec</strong></span> <span class='ocrx_word' id='word_1_204' title='bbox 1525 2889 1630 2950; x_wconf 87' lang='lat' dir='ltr'><strong>per</strong></span> 
     </span>
     <span class='ocr_line' id='line_1_29' title="bbox 143 2964 1626 3045; baseline 0.005 -26"><span class='ocrx_word' id='word_1_205' title='bbox 143 2965 339 3040; x_wconf 65' lang='lat' dir='ltr'><strong>¹mclicem</strong></span> <span class='ocrx_word' id='word_1_206' title='bbox 393 2965 772 3045; x_wconf 74' lang='lat' dir='ltr'><strong>imponatur,</strong></span> <span class='ocrx_word' id='word_1_207' title='bbox 805 2964 1080 3026; x_wconf 82' lang='lat' dir='ltr'><strong>defendit</strong></span> <span class='ocrx_word' id='word_1_208' title='bbox 1116 2967 1351 3041; x_wconf 88' lang='lat' dir='ltr'><strong>Castr0,</strong></span> <span class='ocrx_word' id='word_1_209' title='bbox 1404 2965 1512 3026; x_wconf 86' lang='lat' dir='ltr'><strong>lib.</strong></span> <span class='ocrx_word' id='word_1_210' title='bbox 1564 2969 1626 3040; x_wconf 98' lang='grc'><strong>2,</strong></span> 
     </span>
     <span class='ocr_line' id='line_1_30' title="bbox 143 3057 1624 3138; baseline 0.003 -24"><span class='ocrx_word' id='word_1_211' title='bbox 143 3057 192 3114; x_wconf 76' lang='lat' dir='ltr'><strong>de</strong></span> <span class='ocrx_word' id='word_1_212' title='bbox 209 3058 376 3118; x_wconf 86' lang='lat' dir='ltr'><strong>Punit.</strong></span> <span class='ocrx_word' id='word_1_213' title='bbox 409 3058 654 3128; x_wconf 72' lang='lat' dir='ltr'><strong>haeret..</strong></span> <span class='ocrx_word' id='word_1_214' title='bbox 707 3075 840 3138; x_wconf 78' lang='lat' dir='ltr'><strong>rap.</strong></span> <span class='ocrx_word' id='word_1_215' title='bbox 876 3060 939 3133; x_wconf 81' lang='lat'><strong>9,</strong></span> <span class='ocrx_word' id='word_1_216' title='bbox 969 3063 1030 3118; x_wconf 85' lang='lat' dir='ltr'><strong>et</strong></span> <span class='ocrx_word' id='word_1_217' title='bbox 1059 3059 1338 3138; x_wconf 88' lang='lat' dir='ltr'><strong>sequitur</strong></span> <span class='ocrx_word' id='word_1_218' title='bbox 1362 3059 1624 3132; x_wconf 67' lang='lat' dir='ltr'><strong>Siman„</strong></span> 
     </span>
     <span class='ocr_line' id='line_1_31' title="bbox 143 3149 1626 3227; baseline 0.003 -22"><span class='ocrx_word' id='word_1_219' title='bbox 143 3149 260 3210; x_wconf 74' lang='lat' dir='ltr'><strong>titulo</strong></span> <span class='ocrx_word' id='word_1_220' title='bbox 285 3151 375 3225; x_wconf 65' lang='lat'><strong>46,</strong></span> <span class='ocrx_word' id='word_1_221' title='bbox 413 3167 585 3212; x_wconf 89' lang='lat' dir='ltr'><strong>num.</strong></span> <span class='ocrx_word' id='word_1_222' title='bbox 639 3153 710 3212; x_wconf 70' lang='lat'><strong>7⁴</strong></span> <span class='ocrx_word' id='word_1_223' title='bbox 757 3155 818 3210; x_wconf 87' lang='lat' dir='ltr'><strong>ct</strong></span> <span class='ocrx_word' id='word_1_224' title='bbox 847 3152 924 3214; x_wconf 81' lang='grc'><strong>72</strong></span> <span class='ocrx_word' id='word_1_225' title='bbox 945 3165 965 3227; x_wconf 85' lang='grc'><strong>;</strong></span> <span class='ocrx_word' id='word_1_226' title='bbox 995 3156 1058 3212; x_wconf 87' lang='lat' dir='ltr'><strong>et</strong></span> <span class='ocrx_word' id='word_1_227' title='bbox 1097 3151 1330 3214; x_wconf 73' lang='lat' dir='ltr'><strong>LudoV.</strong></span> <span class='ocrx_word' id='word_1_228' title='bbox 1379 3151 1626 3224; x_wconf 86' lang='lat' dir='ltr'><strong>Gomez,</strong></span> 
     </span>
     <span class='ocr_line' id='line_1_32' title="bbox 145 3245 1628 3325; baseline 0.004 -25"><span class='ocrx_word' id='word_1_229' title='bbox 145 3261 172 3300; x_wconf 87' lang='lat' dir='ltr'><strong>n</strong></span> <span class='ocrx_word' id='word_1_230' title='bbox 212 3245 397 3322; x_wconf 78' lang='lat' dir='ltr'><strong>Regul.</strong></span> <span class='ocrx_word' id='word_1_231' title='bbox 441 3246 516 3305; x_wconf 87' lang='lat' dir='ltr'><strong>de</strong></span> <span class='ocrx_word' id='word_1_232' title='bbox 577 3246 794 3308; x_wconf 82' lang='lat' dir='ltr'><strong>annali</strong></span> <span class='ocrx_word' id='word_1_233' title='bbox 824 3263 1178 3325; x_wconf 89' lang='lat' dir='ltr'><strong>possessor.,</strong></span> <span class='ocrx_word' id='word_1_234' title='bbox 1228 3251 1447 3324; x_wconf 79' lang='lat' dir='ltr'><strong>quaest.</strong></span> <span class='ocrx_word' id='word_1_235' title='bbox 1508 3247 1628 3322; x_wconf 74' lang='lat'><strong>523</strong></span> 
     </span>
     <span class='ocr_line' id='line_1_33' title="bbox 143 3335 1624 3418; baseline 0.004 -24"><span class='ocrx_word' id='word_1_236' title='bbox 143 3335 360 3414; x_wconf 59' lang='lat' dir='ltr'><strong>i‘aequez,</strong></span> <span class='ocrx_word' id='word_1_237' title='bbox 388 3341 444 3398; x_wconf 85' lang='lat'><strong>1.</strong></span> <span class='ocrx_word' id='word_1_238' title='bbox 475 3343 537 3414; x_wconf 87' lang='grc'><strong>2,</strong></span> <span class='ocrx_word' id='word_1_239' title='bbox 583 3338 819 3418; x_wconf 86' lang='lat' dir='ltr'><strong>disput.</strong></span> <span class='ocrx_word' id='word_1_240' title='bbox 871 3341 1008 3411; x_wconf 81' lang='grc'>172,</span> <span class='ocrx_word' id='word_1_241' title='bbox 1045 3357 1178 3418; x_wconf 87' lang='lat' dir='ltr'><strong>cap.</strong></span> <span class='ocrx_word' id='word_1_242' title='bbox 1209 3341 1275 3411; x_wconf 88' lang='grc'>2,</span> <span class='ocrx_word' id='word_1_243' title='bbox 1303 3356 1480 3400; x_wconf 88' lang='lat' dir='ltr'><strong>num.</strong></span> <span class='ocrx_word' id='word_1_244' title='bbox 1515 3341 1580 3400; x_wconf 82' lang='grc'><strong>11</strong></span> <span class='ocrx_word' id='word_1_245' title='bbox 1606 3359 1624 3414; x_wconf 81' lang='lat'>3</span> 
     </span>
     <span class='ocr_line' id='line_1_34' title="bbox 144 3429 1624 3512; baseline 0.003 -26"><span class='ocrx_word' id='word_1_246' title='bbox 144 3429 350 3507; x_wconf 66' lang='lat' dir='ltr'><strong>lem-iq„</strong></span> <span class='ocrx_word' id='word_1_247' title='bbox 389 3431 495 3492; x_wconf 87' lang='lat' dir='ltr'><strong>lib.</strong></span> <span class='ocrx_word' id='word_1_248' title='bbox 529 3434 610 3497; x_wconf 88' lang='grc'><strong>13</strong></span> <span class='ocrx_word' id='word_1_249' title='bbox 637 3431 720 3492; x_wconf 85' lang='lat' dir='ltr'><strong>de</strong></span> <span class='ocrx_word' id='word_1_250' title='bbox 747 3433 1091 3508; x_wconf 85' lang='lat' dir='ltr'><strong>Excomm.,</strong></span> <span class='ocrx_word' id='word_1_251' title='bbox 1128 3449 1262 3512; x_wconf 88' lang='lat' dir='ltr'><strong>cap.</strong></span> <span class='ocrx_word' id='word_1_252' title='bbox 1314 3431 1414 3506; x_wconf 81' lang='lat'><strong>56,</strong></span> <span class='ocrx_word' id='word_1_253' title='bbox 1448 3448 1624 3491; x_wconf 91' lang='lat' dir='ltr'><strong>num.</strong></span> 
     </span>
     <span class='ocr_line' id='line_1_35' title="bbox 143 3521 1628 3604; baseline 0.003 -26"><span class='ocrx_word' id='word_1_254' title='bbox 143 3523 166 3580; x_wconf 74' lang='grc' dir='ltr'><strong>Ξ.</strong></span> <span class='ocrx_word' id='word_1_255' title='bbox 195 3523 654 3584; x_wconf 82' lang='lat' dir='ltr'><strong>Fundamentum</strong></span> <span class='ocrx_word' id='word_1_256' title='bbox 687 3530 802 3599; x_wconf 88' lang='lat' dir='ltr'><strong>est,</strong></span> <span class='ocrx_word' id='word_1_257' title='bbox 855 3525 1002 3604; x_wconf 85' lang='lat' dir='ltr'><strong>quia</strong></span> <span class='ocrx_word' id='word_1_258' title='bbox 1043 3523 1348 3603; x_wconf 82' lang='lat' dir='ltr'><strong>imprimis</strong></span> <span class='ocrx_word' id='word_1_259' title='bbox 1399 3521 1628 3584; x_wconf 86' lang='lat' dir='ltr'><strong>benefi-</strong></span> 
     </span>
     <span class='ocr_line' id='line_1_36' title="bbox 144 3615 1630 3697; baseline 0.002 -24"><span class='ocrx_word' id='word_1_260' title='bbox 144 3615 192 3674; x_wconf 82' lang='lat' dir='ltr'><strong>ia</strong></span> <span class='ocrx_word' id='word_1_261' title='bbox 209 3635 314 3676; x_wconf 90' lang='lat' dir='ltr'><strong>non</strong></span> <span class='ocrx_word' id='word_1_262' title='bbox 339 3619 733 3688; x_wconf 88' lang='lat' dir='ltr'><strong>amittuntur,</strong></span> <span class='ocrx_word' id='word_1_263' title='bbox 762 3617 984 3678; x_wconf 87' lang='lat' dir='ltr'><strong>amissa</strong></span> <span class='ocrx_word' id='word_1_264' title='bbox 1004 3615 1148 3693; x_wconf 84' lang='lat' dir='ltr'><strong>fide,</strong></span> <span class='ocrx_word' id='word_1_265' title='bbox 1180 3617 1355 3695; x_wconf 90' lang='lat' dir='ltr'><strong>quasi</strong></span> <span class='ocrx_word' id='word_1_266' title='bbox 1386 3634 1498 3697; x_wconf 90' lang='lat' dir='ltr'><strong>per</strong></span> <span class='ocrx_word' id='word_1_267' title='bbox 1519 3634 1630 3676; x_wconf 90' lang='lat' dir='ltr'><strong>ne-</strong></span> 
     </span>
     <span class='ocr_line' id='line_1_37' title="bbox 144 3708 1629 3789; baseline 0.001 -23"><span class='ocrx_word' id='word_1_268' title='bbox 144 3710 386 3770; x_wconf 69' lang='lat' dir='ltr'><strong>·oesariam</strong></span> <span class='ocrx_word' id='word_1_269' title='bbox 434 3709 750 3789; x_wconf 76' lang='lat' dir='ltr'><strong>sequelam</strong></span> <span class='ocrx_word' id='word_1_270' title='bbox 803 3727 880 3770; x_wconf 75' lang='lat' dir='ltr'><strong>ex</strong></span> <span class='ocrx_word' id='word_1_271' title='bbox 926 3709 988 3769; x_wconf 78' lang='lat' dir='ltr'><strong>vi</strong></span> <span class='ocrx_word' id='word_1_272' title='bbox 1025 3709 1184 3787; x_wconf 88' lang='lat' dir='ltr'><strong>juris</strong></span> <span class='ocrx_word' id='word_1_273' title='bbox 1224 3708 1442 3782; x_wconf 82' lang='lat' dir='ltr'><strong>divini,</strong></span> <span class='ocrx_word' id='word_1_274' title='bbox 1476 3715 1548 3768; x_wconf 88' lang='lat' dir='ltr'><strong>ut</strong></span> <span class='ocrx_word' id='word_1_275' title='bbox 1589 3727 1629 3768; x_wconf 88' lang='lat' dir='ltr'><strong>a</strong></span> 
     </span>
     <span class='ocr_line' id='line_1_38' title="bbox 143 3801 1622 3882; baseline 0.003 -25"><span class='ocrx_word' id='word_1_276' title='bbox 143 3803 310 3861; x_wconf 68' lang='lat' dir='ltr'><strong>&#39;artiori</strong></span> <span class='ocrx_word' id='word_1_277' title='bbox 353 3803 607 3882; x_wconf 87' lang='lat' dir='ltr'><strong>probant</strong></span> <span class='ocrx_word' id='word_1_278' title='bbox 635 3803 808 3863; x_wconf 89' lang='lat' dir='ltr'><strong>dicta</strong></span> <span class='ocrx_word' id='word_1_279' title='bbox 860 3803 926 3862; x_wconf 92' lang='lat' dir='ltr'><strong>in</strong></span> <span class='ocrx_word' id='word_1_280' title='bbox 964 3801 1341 3881; x_wconf 84' lang='lat' dir='ltr'><strong>praecedenti</strong></span> <span class='ocrx_word' id='word_1_281' title='bbox 1369 3808 1622 3881; x_wconf 76' lang='lat' dir='ltr'><strong>puncto·</strong></span> 
     </span>
     <span class='ocr_line' id='line_1_39' title="bbox 144 3893 1626 3974; baseline 0.002 -23"><span class='ocrx_word' id='word_1_282' title='bbox 144 3893 302 3954; x_wconf 76' lang='lat' dir='ltr'><strong>leinde</strong></span> <span class='ocrx_word' id='word_1_283' title='bbox 325 3896 461 3974; x_wconf 85' lang='lat' dir='ltr'><strong>quia</strong></span> <span class='ocrx_word' id='word_1_284' title='bbox 479 3896 544 3954; x_wconf 88' lang='lat' dir='ltr'><strong>in</strong></span> <span class='ocrx_word' id='word_1_285' title='bbox 566 3897 716 3974; x_wconf 83' lang='lat' dir='ltr'><strong>jure</strong></span> <span class='ocrx_word' id='word_1_286' title='bbox 747 3895 1043 3956; x_wconf 81' lang='lat' dir='ltr'><strong>canonico</strong></span> <span class='ocrx_word' id='word_1_287' title='bbox 1062 3911 1189 3956; x_wconf 88' lang='lat' dir='ltr'><strong>non</strong></span> <span class='ocrx_word' id='word_1_288' title='bbox 1221 3894 1626 3955; x_wconf 86' lang='lat' dir='ltr'><strong>inveniuntur</strong></span> 
     </span>
     <span class='ocr_line' id='line_1_40' title="bbox 143 3985 1628 4066; baseline 0.002 -23"><span class='ocrx_word' id='word_1_289' title='bbox 143 3985 285 4061; x_wconf 67' lang='lat' dir='ltr'><strong>urba,</strong></span> <span class='ocrx_word' id='word_1_290' title='bbox 315 4005 444 4065; x_wconf 84' lang='lat' dir='ltr'><strong>quae</strong></span> <span class='ocrx_word' id='word_1_291' title='bbox 481 3987 628 4048; x_wconf 83' lang='lat' dir='ltr'><strong>satis</strong></span> <span class='ocrx_word' id='word_1_292' title='bbox 669 3985 1022 4065; x_wconf 80' lang='lat' dir='ltr'><strong>significent</strong></span> <span class='ocrx_word' id='word_1_293' title='bbox 1049 3986 1220 4047; x_wconf 90' lang='lat' dir='ltr'><strong>illam</strong></span> <span class='ocrx_word' id='word_1_294' title='bbox 1248 4003 1495 4066; x_wconf 87' lang='lat' dir='ltr'><strong>poenam</strong></span> <span class='ocrx_word' id='word_1_295' title='bbox 1516 4004 1628 4066; x_wconf 86' lang='lat' dir='ltr'><strong>per</strong></span> 
     </span>
     <span class='ocr_line' id='line_1_41' title="bbox 144 4079 1620 4162; baseline 0.003 -26"><span class='ocrx_word' id='word_1_296' title='bbox 144 4095 274 4152; x_wconf 78' lang='lat' dir='ltr'><strong>psam</strong></span> <span class='ocrx_word' id='word_1_297' title='bbox 317 4079 502 4158; x_wconf 79' lang='lat' dir='ltr'><strong>legem</strong></span> <span class='ocrx_word' id='word_1_298' title='bbox 543 4081 900 4143; x_wconf 78' lang='lat' dir='ltr'><strong>executioni</strong></span> <span class='ocrx_word' id='word_1_299' title='bbox 954 4080 1238 4140; x_wconf 88' lang='lat' dir='ltr'><strong>mandari</strong></span> <span class='ocrx_word' id='word_1_300' title='bbox 1277 4081 1410 4162; x_wconf 89' lang='lat' dir='ltr'><strong>ipso</strong></span> <span class='ocrx_word' id='word_1_301' title='bbox 1438 4079 1620 4141; x_wconf 89' lang='lat' dir='ltr'><strong>sacto.</strong></span> 
     </span>
     <span class='ocr_line' id='line_1_42' title="bbox 143 4169 1626 4252; baseline 0.005 -26"><span class='ocrx_word' id='word_1_302' title='bbox 143 4169 252 4240; x_wconf 67' lang='lat' dir='ltr'><strong>luod</strong></span> <span class='ocrx_word' id='word_1_303' title='bbox 293 4171 546 4234; x_wconf 82' lang='lat' dir='ltr'><strong>breviter</strong></span> <span class='ocrx_word' id='word_1_304' title='bbox 589 4173 853 4234; x_wconf 88' lang='lat' dir='ltr'><strong>ostendo</strong></span> <span class='ocrx_word' id='word_1_305' title='bbox 891 4171 1292 4234; x_wconf 85' lang='lat' dir='ltr'><strong>discurrendo</strong></span> <span class='ocrx_word' id='word_1_306' title='bbox 1315 4191 1426 4252; x_wconf 91' lang='lat' dir='ltr'><strong>per</strong></span> <span class='ocrx_word' id='word_1_307' title='bbox 1475 4171 1626 4233; x_wconf 87' lang='lat' dir='ltr'><strong>alle-</strong></span> 
     </span>
     <span class='ocr_line' id='line_1_43' title="bbox 143 4265 1626 4346; baseline 0.007 -26"><span class='ocrx_word' id='word_1_308' title='bbox 143 4269 232 4334; x_wconf 63' lang='lat' dir='ltr'><strong>‚rata</strong></span> <span class='ocrx_word' id='word_1_309' title='bbox 275 4265 419 4342; x_wconf 81' lang='lat' dir='ltr'><strong>jura.</strong></span> <span class='ocrx_word' id='word_1_310' title='bbox 474 4270 630 4330; x_wconf 86' lang='lat' dir='ltr'><strong>Nam</strong></span> <span class='ocrx_word' id='word_1_311' title='bbox 684 4266 991 4346; x_wconf 77' lang='lat' dir='ltr'><strong>imprimis</strong></span> <span class='ocrx_word' id='word_1_312' title='bbox 1043 4267 1276 4327; x_wconf 88' lang='lat' dir='ltr'><strong>dictum</strong></span> <span class='ocrx_word' id='word_1_313' title='bbox 1317 4285 1452 4346; x_wconf 83' lang='lat' dir='ltr'><strong>cap.</strong></span> <span class='ocrx_word' id='word_1_314' title='bbox 1499 4266 1626 4342; x_wconf 78' lang='lat' dir='ltr'><strong>Quo</strong></span> 
     </span>
     <span class='ocr_line' id='line_1_44' title="bbox 145 4356 1626 4438; baseline 0.004 -26"><span class='ocrx_word' id='word_1_315' title='bbox 145 4371 242 4428; x_wconf 73' lang='lat' dir='ltr'><strong>are,</strong></span> <span class='ocrx_word' id='word_1_316' title='bbox 269 4356 450 4420; x_wconf 88' lang='lat' dir='ltr'><strong>solum</strong></span> <span class='ocrx_word' id='word_1_317' title='bbox 477 4365 568 4422; x_wconf 89' lang='lat' dir='ltr'><strong>cst</strong></span> <span class='ocrx_word' id='word_1_318' title='bbox 597 4358 886 4437; x_wconf 63' lang='lat' dir='ltr'><strong>quaedam</strong></span> <span class='ocrx_word' id='word_1_319' title='bbox 928 4359 1235 4418; x_wconf 86' lang='lat' dir='ltr'><strong>sententia</strong></span> <span class='ocrx_word' id='word_1_320' title='bbox 1271 4359 1626 4438; x_wconf 82' lang='lat' dir='ltr'><strong>Augustini,</strong></span> 
     </span>
     <span class='ocr_line' id='line_1_45' title="bbox 143 4451 1632 4534; baseline 0.007 -33"><span class='ocrx_word' id='word_1_321' title='bbox 143 4453 168 4502; x_wconf 72' lang='lat' dir='ltr'><strong>et</strong></span> <span class='ocrx_word' id='word_1_322' title='bbox 205 4467 306 4508; x_wconf 89' lang='lat' dir='ltr'><strong>non</strong></span> <span class='ocrx_word' id='word_1_323' title='bbox 345 4451 454 4512; x_wconf 78' lang='lat' dir='ltr'><strong>fert</strong></span> <span class='ocrx_word' id='word_1_324' title='bbox 496 4453 704 4532; x_wconf 84' lang='lat' dir='ltr'><strong>legem</strong></span> <span class='ocrx_word' id='word_1_325' title='bbox 757 4451 1257 4526; x_wconf 86' lang='lat' dir='ltr'><strong>ecclesiasticam,</strong></span> <span class='ocrx_word' id='word_1_326' title='bbox 1309 4451 1410 4534; x_wconf 80' lang='lat' dir='ltr'><strong>sed</strong></span> <span class='ocrx_word' id='word_1_327' title='bbox 1444 4451 1632 4513; x_wconf 83' lang='lat' dir='ltr'><strong>refert</strong></span> 
     </span>
     <span class='ocr_line' id='line_1_46' title="bbox 144 4543 1632 4626; baseline 0.004 -28"><span class='ocrx_word' id='word_1_328' title='bbox 144 4546 552 4620; x_wconf 72' lang='lat' dir='ltr'><strong>inperatoriam,</strong></span> <span class='ocrx_word' id='word_1_329' title='bbox 607 4563 748 4626; x_wconf 85' lang='lat' dir='ltr'><strong>quae</strong></span> <span class='ocrx_word' id='word_1_330' title='bbox 801 4544 878 4604; x_wconf 86' lang='lat' dir='ltr'><strong>de</strong></span> <span class='ocrx_word' id='word_1_331' title='bbox 907 4543 1213 4623; x_wconf 83' lang='lat' dir='ltr'><strong>spirituali</strong></span> <span class='ocrx_word' id='word_1_332' title='bbox 1253 4562 1438 4625; x_wconf 86' lang='lat' dir='ltr'><strong>poena</strong></span> <span class='ocrx_word' id='word_1_333' title='bbox 1474 4545 1632 4604; x_wconf 87' lang='lat' dir='ltr'><strong>nihil</strong></span> 
     </span>
     <span class='ocr_line' id='line_1_47' title="bbox 143 4635 1632 4718; baseline 0.005 -28"><span class='ocrx_word' id='word_1_334' title='bbox 143 4639 312 4694; x_wconf 74' lang='lat' dir='ltr'><strong>›oterat</strong></span> <span class='ocrx_word' id='word_1_335' title='bbox 335 4643 618 4712; x_wconf 79' lang='lat' dir='ltr'><strong>statuere,</strong></span> <span class='ocrx_word' id='word_1_336' title='bbox 651 4643 712 4698; x_wconf 87' lang='lat' dir='ltr'><strong>et</strong></span> <span class='ocrx_word' id='word_1_337' title='bbox 755 4644 1046 4718; x_wconf 72' lang='lat' dir='ltr'><strong>praeterea</strong></span> <span class='ocrx_word' id='word_1_338' title='bbox 1091 4637 1276 4696; x_wconf 85' lang='lat' dir='ltr'><strong>verba</strong></span> <span class='ocrx_word' id='word_1_339' title='bbox 1305 4643 1484 4700; x_wconf 87' lang='lat' dir='ltr'><strong>sunt:</strong></span> <span class='ocrx_word' id='word_1_340' title='bbox 1513 4635 1632 4698; x_wconf 79' lang='lat' dir='ltr'><strong>Ni-</strong></span> 
     </span>
     <span class='ocr_line' id='line_1_48' title="bbox 143 4725 1634 4810; baseline 0.005 -28"><span class='ocrx_word' id='word_1_341' title='bbox 143 4725 190 4783; x_wconf 67' lang='lat' dir='ltr'><strong>&#39;eil</strong></span> <span class='ocrx_word' id='word_1_342' title='bbox 211 4727 410 4792; x_wconf 78' lang='lat' dir='ltr'><strong>nomine</strong></span> <span class='ocrx_word' id='word_1_343' title='bbox 429 4728 722 4794; x_wconf 71' lang='lat' dir='ltr'><strong>Ecclerioe</strong></span> <span class='ocrx_word' id='word_1_344' title='bbox 747 4731 964 4792; x_wconf 75' lang='lat' dir='ltr'><strong>andmc</strong></span> <span class='ocrx_word' id='word_1_345' title='bbox 981 4731 1313 4810; x_wconf 74' lang='lat' dir='ltr'><strong>possidere,</strong></span> <span class='ocrx_word' id='word_1_346' title='bbox 1343 4747 1484 4808; x_wconf 77' lang='lat' dir='ltr'><strong>quoe</strong></span> <span class='ocrx_word' id='word_1_347' title='bbox 1506 4749 1634 4790; x_wconf 90' lang='lat' dir='ltr'><strong>non</strong></span> 
     </span>
     <span class='ocr_line' id='line_1_49' title="bbox 143 4821 1630 4903; baseline 0.005 -28"><span class='ocrx_word' id='word_1_348' title='bbox 143 4829 328 4880; x_wconf 75' lang='lat' dir='ltr'><strong>›ossunt</strong></span> <span class='ocrx_word' id='word_1_349' title='bbox 351 4825 675 4900; x_wconf 82' lang='lat' dir='ltr'><strong>verificari,</strong></span> <span class='ocrx_word' id='word_1_350' title='bbox 707 4825 826 4884; x_wconf 88' lang='lat' dir='ltr'><strong>nisi</strong></span> <span class='ocrx_word' id='word_1_351' title='bbox 853 4829 992 4903; x_wconf 85' lang='lat' dir='ltr'><strong>post</strong></span> <span class='ocrx_word' id='word_1_352' title='bbox 1011 4823 1380 4883; x_wconf 87' lang='lat' dir='ltr'><strong>sententiam</strong></span> <span class='ocrx_word' id='word_1_353' title='bbox 1415 4821 1630 4898; x_wconf 88' lang='lat' dir='ltr'><strong>latam,</strong></span> 
     </span>
     <span class='ocr_line' id='line_1_50' title="bbox 143 4914 1629 4996; baseline 0.005 -29"><span class='ocrx_word' id='word_1_354' title='bbox 143 4915 174 4968; x_wconf 73' lang='lat' dir='ltr'><strong>ut</strong></span> <span class='ocrx_word' id='word_1_355' title='bbox 195 4914 394 4989; x_wconf 87' lang='lat' dir='ltr'><strong>patebit</strong></span> <span class='ocrx_word' id='word_1_356' title='bbox 409 4933 430 4994; x_wconf 86' lang='lat'>;</span> <span class='ocrx_word' id='word_1_357' title='bbox 455 4935 657 4995; x_wconf 86' lang='lat' dir='ltr'><strong>neque</strong></span> <span class='ocrx_word' id='word_1_358' title='bbox 680 4919 866 4976; x_wconf 88' lang='lat' dir='ltr'><strong>etiam</strong></span> <span class='ocrx_word' id='word_1_359' title='bbox 897 4915 964 4975; x_wconf 91' lang='lat' dir='ltr'><strong>in</strong></span> <span class='ocrx_word' id='word_1_360' title='bbox 999 4916 1202 4994; x_wconf 80' lang='lat' dir='ltr'><strong>rigore</strong></span> <span class='ocrx_word' id='word_1_361' title='bbox 1230 4915 1399 4977; x_wconf 86' lang='lat' dir='ltr'><strong>aliud</strong></span> <span class='ocrx_word' id='word_1_362' title='bbox 1425 4918 1629 4996; x_wconf 83' lang='lat' dir='ltr'><strong>requi·-</strong></span> 
     </span>
     <span class='ocr_line' id='line_1_51' title="bbox 143 5008 1629 5088; baseline 0.008 -31"><span class='ocrx_word' id='word_1_363' title='bbox 143 5017 251 5063; x_wconf 81' lang='lat' dir='ltr'><strong>unt.</strong></span> <span class='ocrx_word' id='word_1_364' title='bbox 283 5008 614 5068; x_wconf 85' lang='lat' dir='ltr'><strong>Secundum</strong></span> <span class='ocrx_word' id='word_1_365' title='bbox 649 5025 816 5083; x_wconf 83' lang='lat' dir='ltr'><strong>vero,</strong></span> <span class='ocrx_word' id='word_1_366' title='bbox 841 5027 977 5088; x_wconf 87' lang='lat' dir='ltr'><strong>cap.</strong></span> <span class='ocrx_word' id='word_1_367' title='bbox 1008 5008 1110 5071; x_wconf 77' lang='lat' dir='ltr'><strong>Ad</strong></span> <span class='ocrx_word' id='word_1_368' title='bbox 1135 5009 1497 5086; x_wconf 71' lang='lat' dir='ltr'><strong>abolendam,</strong></span> <span class='ocrx_word' id='word_1_369' title='bbox 1533 5011 1629 5070; x_wconf 90' lang='lat' dir='ltr'><strong>in-</strong></span> 
     </span>
     <span class='ocr_line' id='line_1_52' title="bbox 143 5093 1626 5180; baseline 0.008 -30"><span class='ocrx_word' id='word_1_370' title='bbox 143 5093 230 5153; x_wconf 76' lang='lat' dir='ltr'><strong>luci</strong></span> <span class='ocrx_word' id='word_1_371' title='bbox 257 5103 430 5174; x_wconf 87' lang='lat' dir='ltr'><strong>potest</strong></span> <span class='ocrx_word' id='word_1_372' title='bbox 457 5103 523 5160; x_wconf 88' lang='lat' dir='ltr'><strong>in</strong></span> <span class='ocrx_word' id='word_1_373' title='bbox 557 5102 938 5161; x_wconf 86' lang='lat' dir='ltr'><strong>contrarium</strong></span> <span class='ocrx_word' id='word_1_374' title='bbox 956 5145 976 5175; x_wconf 95' lang='lat'><strong>,</strong></span> <span class='ocrx_word' id='word_1_375' title='bbox 1007 5118 1155 5163; x_wconf 88' lang='lat' dir='ltr'><strong>nam</strong></span> <span class='ocrx_word' id='word_1_376' title='bbox 1185 5102 1359 5180; x_wconf 87' lang='lat' dir='ltr'><strong>prius</strong></span> <span class='ocrx_word' id='word_1_377' title='bbox 1386 5104 1626 5162; x_wconf 78' lang='lat' dir='ltr'><strong>dictum</strong></span> 
     </span>
     <span class='ocr_line' id='line_1_53' title="bbox 144 5191 1623 5271; baseline 0.007 -28"><span class='ocrx_word' id='word_1_378' title='bbox 144 5197 280 5247; x_wconf 81' lang='lat' dir='ltr'><strong>uerat</strong></span> <span class='ocrx_word' id='word_1_379' title='bbox 305 5191 652 5252; x_wconf 67' lang='lat' dir='ltr'><strong>haereticum</strong></span> <span class='ocrx_word' id='word_1_380' title='bbox 667 5192 958 5254; x_wconf 88' lang='lat' dir='ltr'><strong>clericum</strong></span> <span class='ocrx_word' id='word_1_381' title='bbox 983 5211 1110 5254; x_wconf 89' lang='lat' dir='ltr'><strong>esse</strong></span> <span class='ocrx_word' id='word_1_382' title='bbox 1129 5193 1623 5271; x_wconf 80' lang='lat' dir='ltr'><strong>degradandum,</strong></span> 
     </span>
     <span class='ocr_line' id='line_1_54' title="bbox 143 5283 1628 5367; baseline 0.01 -33"><span class='ocrx_word' id='word_1_383' title='bbox 143 5283 170 5334; x_wconf 76' lang='lat' dir='ltr'><strong>et</strong></span> <span class='ocrx_word' id='word_1_384' title='bbox 197 5289 374 5356; x_wconf 79' lang='lat' dir='ltr'><strong>postea</strong></span> <span class='ocrx_word' id='word_1_385' title='bbox 421 5285 698 5345; x_wconf 83' lang='lat' dir='ltr'><strong>additur:</strong></span> <span class='ocrx_word' id='word_1_386' title='bbox 733 5285 1061 5362; x_wconf 72' lang='lat' dir='ltr'><strong>Beneficiis</strong></span> <span class='ocrx_word' id='word_1_387' title='bbox 1117 5285 1447 5367; x_wconf 77' lang='lat' dir='ltr'><strong>spoliatum</strong></span> <span class='ocrx_word' id='word_1_388' title='bbox 1503 5303 1628 5349; x_wconf 74' lang='lat' dir='ltr'><strong>esu</strong></span> 
     </span>
     <span class='ocr_line' id='line_1_55' title="bbox 144 5373 1626 5458; baseline 0.003 -24"><span class='ocrx_word' id='word_1_389' title='bbox 144 5373 443 5449; x_wconf 70' lang='lat' dir='ltr'><strong>radendum,</strong></span> <span class='ocrx_word' id='word_1_390' title='bbox 485 5384 641 5455; x_wconf 91' lang='lat' dir='ltr'><strong>etc.;</strong></span> <span class='ocrx_word' id='word_1_391' title='bbox 683 5395 829 5456; x_wconf 82' lang='lat' dir='ltr'><strong>ergo</strong></span> <span class='ocrx_word' id='word_1_392' title='bbox 857 5379 1060 5458; x_wconf 87' lang='lat' dir='ltr'><strong>potius</strong></span> <span class='ocrx_word' id='word_1_393' title='bbox 1081 5377 1466 5456; x_wconf 80' lang='lat' dir='ltr'><strong>significatur</strong></span> <span class='ocrx_word' id='word_1_394' title='bbox 1491 5396 1626 5458; x_wconf 88' lang='lat' dir='ltr'><strong>spo-</strong></span> 
     </span>
     <span class='ocr_line' id='line_1_56' title="bbox 147 5461 1628 5554; baseline 0.011 -36"><span class='ocrx_word' id='word_1_395' title='bbox 147 5461 231 5524; x_wconf 82' lang='lat' dir='ltr'><strong>iari</strong></span> <span class='ocrx_word' id='word_1_396' title='bbox 257 5464 545 5530; x_wconf 84' lang='lat' dir='ltr'><strong>beneficiis</strong></span> <span class='ocrx_word' id='word_1_397' title='bbox 574 5488 688 5554; x_wconf 87' lang='lat' dir='ltr'><strong>per</strong></span> <span class='ocrx_word' id='word_1_398' title='bbox 716 5471 951 5534; x_wconf 80' lang='lat' dir='ltr'><strong>sactum</strong></span> <span class='ocrx_word' id='word_1_399' title='bbox 979 5469 1272 5546; x_wconf 88' lang='lat' dir='ltr'><strong>hominis,</strong></span> <span class='ocrx_word' id='word_1_400' title='bbox 1301 5487 1490 5554; x_wconf 88' lang='lat' dir='ltr'><strong>quam</strong></span> <span class='ocrx_word' id='word_1_401' title='bbox 1515 5489 1628 5554; x_wconf 87' lang='lat' dir='ltr'><strong>per</strong></span> 
     </span>
    </p>
   </div>
   <div class='ocr_carea' id='block_1_3' title="bbox 1705 447 3279 5556">
    <p class='ocr_par' dir='ltr' id='par_1_4' title="bbox 1708 447 3278 3117">
     <span class='ocr_line' id='line_1_57' title="bbox 1713 447 3271 532; baseline 0.003 -24"><span class='ocrx_word' id='word_1_402' title='bbox 1713 447 1917 526; x_wconf 81' lang='lat' dir='ltr'><strong>legem</strong></span> <span class='ocrx_word' id='word_1_403' title='bbox 1947 449 2166 528; x_wconf 85' lang='lat' dir='ltr'><strong>ipsam.</strong></span> <span class='ocrx_word' id='word_1_404' title='bbox 2191 452 2259 511; x_wconf 88' lang='lat' dir='ltr'><strong>ln</strong></span> <span class='ocrx_word' id='word_1_405' title='bbox 2278 452 2463 512; x_wconf 88' lang='lat' dir='ltr'><strong>tertio</strong></span> <span class='ocrx_word' id='word_1_406' title='bbox 2479 467 2647 524; x_wconf 82' lang='lat' dir='ltr'><strong>vero,</strong></span> <span class='ocrx_word' id='word_1_407' title='bbox 2670 469 2807 532; x_wconf 86' lang='lat' dir='ltr'><strong>cap.</strong></span> <span class='ocrx_word' id='word_1_408' title='bbox 2842 453 2925 516; x_wconf 83' lang='lat' dir='ltr'><strong>Ut</strong></span> <span class='ocrx_word' id='word_1_409' title='bbox 2940 455 3271 522; x_wconf 75' lang='lat' dir='ltr'><strong>commissi,</strong></span> 
     </span>
     <span class='ocr_line' id='line_1_58' title="bbox 1713 543 3276 624; baseline 0.006 -26"><span class='ocrx_word' id='word_1_410' title='bbox 1713 543 1900 603; x_wconf 83' lang='lat' dir='ltr'><strong>verba</strong></span> <span class='ocrx_word' id='word_1_411' title='bbox 1931 552 2115 604; x_wconf 86' lang='lat' dir='ltr'><strong>sunt:</strong></span> <span class='ocrx_word' id='word_1_412' title='bbox 2164 545 2488 621; x_wconf 81' lang='lat' dir='ltr'><strong>Privandi,</strong></span> <span class='ocrx_word' id='word_1_413' title='bbox 2518 546 2611 608; x_wconf 83' lang='lat' dir='ltr'><strong>vel</strong></span> <span class='ocrx_word' id='word_1_414' title='bbox 2640 546 2915 624; x_wconf 79' lang='lat' dir='ltr'><strong>privatos</strong></span> <span class='ocrx_word' id='word_1_415' title='bbox 2942 546 3276 610; x_wconf 73' lang='lat' dir='ltr'><strong>nunciandi</strong></span> 
     </span>
     <span class='ocr_line' id='line_1_59' title="bbox 1714 635 3275 718; baseline 0.003 -22"><span class='ocrx_word' id='word_1_416' title='bbox 1714 635 2011 716; x_wconf 69' lang='lat' dir='ltr'><strong>beneficiis</strong></span> <span class='ocrx_word' id='word_1_417' title='bbox 2064 638 2501 712; x_wconf 76' lang='lat' dir='ltr'><strong>ecclesiasticis,</strong></span> <span class='ocrx_word' id='word_1_418' title='bbox 2548 637 2714 716; x_wconf 85' lang='lat' dir='ltr'><strong>quod</strong></span> <span class='ocrx_word' id='word_1_419' title='bbox 2743 639 2831 698; x_wconf 86' lang='lat' dir='ltr'><strong>ita</strong></span> <span class='ocrx_word' id='word_1_420' title='bbox 2858 639 2937 700; x_wconf 88' lang='lat' dir='ltr'><strong>ab</strong></span> <span class='ocrx_word' id='word_1_421' title='bbox 2964 639 3275 718; x_wconf 78' lang='lat' dir='ltr'><strong>aliquibus</strong></span> 
     </span>
     <span class='ocr_line' id='line_1_60' title="bbox 1713 729 3273 810; baseline 0.005 -24"><span class='ocrx_word' id='word_1_422' title='bbox 1713 729 2071 808; x_wconf 83' lang='lat' dir='ltr'><strong>exponitur,</strong></span> <span class='ocrx_word' id='word_1_423' title='bbox 2118 737 2189 789; x_wconf 88' lang='lat' dir='ltr'><strong>ut</strong></span> <span class='ocrx_word' id='word_1_424' title='bbox 2226 731 2529 810; x_wconf 87' lang='lat' dir='ltr'><strong>particula</strong></span> <span class='ocrx_word' id='word_1_425' title='bbox 2554 730 2652 791; x_wconf 84' lang='lat' dir='ltr'><strong>vel</strong></span> <span class='ocrx_word' id='word_1_426' title='bbox 2692 732 3029 810; x_wconf 82' lang='lat' dir='ltr'><strong>expositive</strong></span> <span class='ocrx_word' id='word_1_427' title='bbox 3061 751 3273 794; x_wconf 86' lang='lat' dir='ltr'><strong>suma-</strong></span> 
     </span>
     <span class='ocr_line' id='line_1_61' title="bbox 1713 824 3277 908; baseline 0.003 -28"><span class='ocrx_word' id='word_1_428' title='bbox 1713 827 1838 894; x_wconf 85' lang='lat' dir='ltr'><strong>tur,</strong></span> <span class='ocrx_word' id='word_1_429' title='bbox 1881 828 1950 882; x_wconf 88' lang='lat' dir='ltr'><strong>ut</strong></span> <span class='ocrx_word' id='word_1_430' title='bbox 1994 841 2209 883; x_wconf 91' lang='lat' dir='ltr'><strong>sensus</strong></span> <span class='ocrx_word' id='word_1_431' title='bbox 2249 824 2347 890; x_wconf 81' lang='lat' dir='ltr'><strong>sit.</strong></span> <span class='ocrx_word' id='word_1_432' title='bbox 2396 824 2705 904; x_wconf 84' lang='lat' dir='ltr'><strong>privandi,</strong></span> <span class='ocrx_word' id='word_1_433' title='bbox 2750 825 2813 886; x_wconf 90' lang='lat' dir='ltr'><strong>id</strong></span> <span class='ocrx_word' id='word_1_434' title='bbox 2860 833 2973 899; x_wconf 90' lang='lat' dir='ltr'><strong>est,</strong></span> <span class='ocrx_word' id='word_1_435' title='bbox 3006 826 3277 908; x_wconf 86' lang='lat' dir='ltr'><strong>privatos</strong></span> 
     </span>
     <span class='ocr_line' id='line_1_62' title="bbox 1714 916 3275 995; baseline 0.001 -17"><span class='ocrx_word' id='word_1_436' title='bbox 1714 916 2146 980; x_wconf 86' lang='lat' dir='ltr'><strong>denuntiandi.</strong></span> <span class='ocrx_word' id='word_1_437' title='bbox 2200 919 2290 978; x_wconf 87' lang='lat' dir='ltr'><strong>Ita</strong></span> <span class='ocrx_word' id='word_1_438' title='bbox 2330 918 2538 978; x_wconf 87' lang='lat' dir='ltr'><strong>Penna</strong></span> <span class='ocrx_word' id='word_1_439' title='bbox 2586 936 2727 978; x_wconf 91' lang='lat' dir='ltr'><strong>cum</strong></span> <span class='ocrx_word' id='word_1_440' title='bbox 2754 917 2927 995; x_wconf 83' lang='lat' dir='ltr'><strong>aliis3</strong></span> <span class='ocrx_word' id='word_1_441' title='bbox 2972 919 3275 980; x_wconf 82' lang='lat' dir='ltr'><strong>Covarru-</strong></span> 
     </span>
     <span class='ocr_line' id='line_1_63' title="bbox 1717 1010 3275 1090; baseline 0.003 -22"><span class='ocrx_word' id='word_1_442' title='bbox 1717 1010 1846 1070; x_wconf 88' lang='lat' dir='ltr'><strong>vias</strong></span> <span class='ocrx_word' id='word_1_443' title='bbox 1889 1015 2098 1070; x_wconf 89' lang='lat' dir='ltr'><strong>autem</strong></span> <span class='ocrx_word' id='word_1_444' title='bbox 2140 1012 2394 1090; x_wconf 87' lang='lat' dir='ltr'><strong>exponit</strong></span> <span class='ocrx_word' id='word_1_445' title='bbox 2436 1029 2543 1089; x_wconf 93' lang='lat' dir='ltr'><strong>per</strong></span> <span class='ocrx_word' id='word_1_446' title='bbox 2586 1011 2987 1090; x_wconf 83' lang='lat' dir='ltr'><strong>partitionem</strong></span> <span class='ocrx_word' id='word_1_447' title='bbox 3038 1027 3275 1074; x_wconf 88' lang='lat' dir='ltr'><strong>accom-</strong></span> 
     </span>
     <span class='ocr_line' id='line_1_64' title="bbox 1713 1101 3275 1184; baseline 0.003 -22"><span class='ocrx_word' id='word_1_448' title='bbox 1713 1101 1988 1176; x_wconf 87' lang='lat' dir='ltr'><strong>modam,</strong></span> <span class='ocrx_word' id='word_1_449' title='bbox 2048 1103 2110 1163; x_wconf 89' lang='lat' dir='ltr'><strong>id</strong></span> <span class='ocrx_word' id='word_1_450' title='bbox 2175 1109 2290 1177; x_wconf 87' lang='lat' dir='ltr'><strong>est,</strong></span> <span class='ocrx_word' id='word_1_451' title='bbox 2349 1105 2512 1184; x_wconf 89' lang='lat' dir='ltr'><strong>quod</strong></span> <span class='ocrx_word' id='word_1_452' title='bbox 2556 1104 2828 1166; x_wconf 63' lang='lat' dir='ltr'><strong>haeretici</strong></span> <span class='ocrx_word' id='word_1_453' title='bbox 2885 1106 3275 1167; x_wconf 82' lang='lat' dir='ltr'><strong>declarentur</strong></span> 
     </span>
     <span class='ocr_line' id='line_1_65' title="bbox 1711 1197 3277 1279; baseline 0.004 -24"><span class='ocrx_word' id='word_1_454' title='bbox 1711 1197 1967 1275; x_wconf 81' lang='lat' dir='ltr'><strong>privati3</strong></span> <span class='ocrx_word' id='word_1_455' title='bbox 2028 1197 2351 1274; x_wconf 80' lang='lat' dir='ltr'><strong>complices</strong></span> <span class='ocrx_word' id='word_1_456' title='bbox 2398 1204 2609 1258; x_wconf 86' lang='lat' dir='ltr'><strong>autem</strong></span> <span class='ocrx_word' id='word_1_457' title='bbox 2656 1197 3086 1260; x_wconf 75' lang='lat' dir='ltr'><strong>haereticorum</strong></span> <span class='ocrx_word' id='word_1_458' title='bbox 3151 1202 3277 1279; x_wconf 88' lang='lat' dir='ltr'><strong>pri-</strong></span> 
     </span>
     <span class='ocr_line' id='line_1_66' title="bbox 1712 1289 3276 1372; baseline 0.003 -24"><span class='ocrx_word' id='word_1_459' title='bbox 1712 1289 1900 1350; x_wconf 82' lang='lat' dir='ltr'><strong>vandi</strong></span> <span class='ocrx_word' id='word_1_460' title='bbox 1928 1291 2074 1352; x_wconf 88' lang='lat' dir='ltr'><strong>sint.</strong></span> <span class='ocrx_word' id='word_1_461' title='bbox 2112 1290 2231 1352; x_wconf 90' lang='lat' dir='ltr'><strong>Sed</strong></span> <span class='ocrx_word' id='word_1_462' title='bbox 2271 1298 2532 1372; x_wconf 85' lang='lat' dir='ltr'><strong>utraque</strong></span> <span class='ocrx_word' id='word_1_463' title='bbox 2580 1293 2879 1372; x_wconf 85' lang='lat' dir='ltr'><strong>expositio</strong></span> <span class='ocrx_word' id='word_1_464' title='bbox 2903 1293 3149 1354; x_wconf 84' lang='lat' dir='ltr'><strong>videtur</strong></span> <span class='ocrx_word' id='word_1_465' title='bbox 3171 1311 3276 1353; x_wconf 85' lang='lat' dir='ltr'><strong>vo-</strong></span> 
     </span>
     <span class='ocr_line' id='line_1_67' title="bbox 1711 1381 3273 1464; baseline 0.004 -23"><span class='ocrx_word' id='word_1_466' title='bbox 1711 1381 2003 1455; x_wconf 86' lang='lat' dir='ltr'><strong>luntaria,</strong></span> <span class='ocrx_word' id='word_1_467' title='bbox 2040 1389 2103 1443; x_wconf 90' lang='lat' dir='ltr'><strong>et</strong></span> <span class='ocrx_word' id='word_1_468' title='bbox 2130 1384 2426 1462; x_wconf 77' lang='lat' dir='ltr'><strong>rigorose,</strong></span> <span class='ocrx_word' id='word_1_469' title='bbox 2450 1385 2515 1444; x_wconf 90' lang='lat' dir='ltr'><strong>in</strong></span> <span class='ocrx_word' id='word_1_470' title='bbox 2540 1385 2801 1446; x_wconf 88' lang='lat' dir='ltr'><strong>materia</strong></span> <span class='ocrx_word' id='word_1_471' title='bbox 2822 1385 3073 1464; x_wconf 88' lang='lat' dir='ltr'><strong>poenali.</strong></span> <span class='ocrx_word' id='word_1_472' title='bbox 3096 1387 3273 1448; x_wconf 84' lang='lat' dir='ltr'><strong>Unde</strong></span> 
     </span>
     <span class='ocr_line' id='line_1_68' title="bbox 1710 1473 3275 1558; baseline 0.005 -24"><span class='ocrx_word' id='word_1_473' title='bbox 1710 1473 1957 1536; x_wconf 84' lang='lat' dir='ltr'><strong>videtur</strong></span> <span class='ocrx_word' id='word_1_474' title='bbox 1985 1475 2225 1536; x_wconf 82' lang='lat' dir='ltr'><strong>facilius</strong></span> <span class='ocrx_word' id='word_1_475' title='bbox 2252 1477 2372 1536; x_wconf 85' lang='lat' dir='ltr'><strong>dici</strong></span> <span class='ocrx_word' id='word_1_476' title='bbox 2402 1495 2577 1558; x_wconf 80' lang='lat' dir='ltr'><strong>posse</strong></span> <span class='ocrx_word' id='word_1_477' title='bbox 2612 1477 2968 1540; x_wconf 83' lang='lat' dir='ltr'><strong>Pontificem</strong></span> <span class='ocrx_word' id='word_1_478' title='bbox 3010 1481 3123 1540; x_wconf 88' lang='lat' dir='ltr'><strong>suh</strong></span> <span class='ocrx_word' id='word_1_479' title='bbox 3150 1482 3275 1542; x_wconf 90' lang='lat' dir='ltr'><strong>dis-</strong></span> 
     </span>
     <span class='ocr_line' id='line_1_69' title="bbox 1708 1568 3275 1650; baseline 0.004 -22"><span class='ocrx_word' id='word_1_480' title='bbox 1708 1569 2031 1648; x_wconf 86' lang='lat' dir='ltr'><strong>junctione</strong></span> <span class='ocrx_word' id='word_1_481' title='bbox 2060 1568 2245 1630; x_wconf 78' lang='lat' dir='ltr'><strong>fuisse</strong></span> <span class='ocrx_word' id='word_1_482' title='bbox 2279 1569 2583 1644; x_wconf 87' lang='lat' dir='ltr'><strong>locutum,</strong></span> <span class='ocrx_word' id='word_1_483' title='bbox 2614 1571 2761 1650; x_wconf 90' lang='lat' dir='ltr'><strong>quia</strong></span> <span class='ocrx_word' id='word_1_484' title='bbox 2793 1572 2992 1634; x_wconf 87' lang='lat' dir='ltr'><strong>noluit</strong></span> <span class='ocrx_word' id='word_1_485' title='bbox 3018 1574 3275 1634; x_wconf 90' lang='lat' dir='ltr'><strong>modum</strong></span> 
     </span>
     <span class='ocr_line' id='line_1_70' title="bbox 1712 1661 3273 1745; baseline 0.003 -21"><span class='ocrx_word' id='word_1_486' title='bbox 1712 1661 2149 1739; x_wconf 85' lang='lat' dir='ltr'><strong>determinare,</strong></span> <span class='ocrx_word' id='word_1_487' title='bbox 2203 1663 2269 1723; x_wconf 90' lang='lat' dir='ltr'><strong>in</strong></span> <span class='ocrx_word' id='word_1_488' title='bbox 2305 1681 2429 1742; x_wconf 85' lang='lat' dir='ltr'><strong>quo</strong></span> <span class='ocrx_word' id='word_1_489' title='bbox 2464 1683 2645 1726; x_wconf 88' lang='lat' dir='ltr'><strong>sensu</strong></span> <span class='ocrx_word' id='word_1_490' title='bbox 2690 1665 2795 1726; x_wconf 88' lang='lat' dir='ltr'><strong>ille</strong></span> <span class='ocrx_word' id='word_1_491' title='bbox 2837 1670 3039 1726; x_wconf 84' lang='lat' dir='ltr'><strong>textus</strong></span> <span class='ocrx_word' id='word_1_492' title='bbox 3069 1667 3273 1745; x_wconf 88' lang='lat' dir='ltr'><strong>potius</strong></span> 
     </span>
     <span class='ocr_line' id='line_1_71' title="bbox 1709 1756 3276 1838; baseline 0.002 -22"><span class='ocrx_word' id='word_1_493' title='bbox 1709 1756 1874 1818; x_wconf 86' lang='lat' dir='ltr'><strong>favet</strong></span> <span class='ocrx_word' id='word_1_494' title='bbox 1886 1756 2033 1816; x_wconf 88' lang='lat' dir='ltr'><strong>huic</strong></span> <span class='ocrx_word' id='word_1_495' title='bbox 2059 1757 2405 1818; x_wconf 80' lang='lat' dir='ltr'><strong>sententiae.</strong></span> <span class='ocrx_word' id='word_1_496' title='bbox 2424 1757 2631 1838; x_wconf 87' lang='lat' dir='ltr'><strong>Neque</strong></span> <span class='ocrx_word' id='word_1_497' title='bbox 2668 1757 2837 1818; x_wconf 91' lang='lat' dir='ltr'><strong>enim</strong></span> <span class='ocrx_word' id='word_1_498' title='bbox 2868 1765 3075 1819; x_wconf 86' lang='lat' dir='ltr'><strong>motus</strong></span> <span class='ocrx_word' id='word_1_499' title='bbox 3102 1760 3191 1820; x_wconf 91' lang='lat' dir='ltr'><strong>Pii</strong></span> <span class='ocrx_word' id='word_1_500' title='bbox 3222 1760 3276 1819; x_wconf 84' lang='lat' dir='ltr'>V</span> 
     </span>
     <span class='ocr_line' id='line_1_72' title="bbox 1710 1849 3276 1930; baseline 0.003 -20"><span class='ocrx_word' id='word_1_501' title='bbox 1710 1853 1873 1912; x_wconf 87' lang='lat' dir='ltr'><strong>recte</strong></span> <span class='ocrx_word' id='word_1_502' title='bbox 1901 1849 2241 1925; x_wconf 86' lang='lat' dir='ltr'><strong>inducitur,</strong></span> <span class='ocrx_word' id='word_1_503' title='bbox 2272 1850 2419 1930; x_wconf 89' lang='lat' dir='ltr'><strong>quia</strong></span> <span class='ocrx_word' id='word_1_504' title='bbox 2458 1850 2545 1910; x_wconf 91' lang='lat' dir='ltr'><strong>ibi</strong></span> <span class='ocrx_word' id='word_1_505' title='bbox 2602 1849 2801 1912; x_wconf 88' lang='lat' dir='ltr'><strong>solum</strong></span> <span class='ocrx_word' id='word_1_506' title='bbox 2859 1852 3121 1913; x_wconf 80' lang='lat' dir='ltr'><strong>refertur</strong></span> <span class='ocrx_word' id='word_1_507' title='bbox 3168 1853 3276 1914; x_wconf 83' lang='lat' dir='ltr'><strong>be-</strong></span> 
     </span>
     <span class='ocr_line' id='line_1_73' title="bbox 1711 1942 3275 2024; baseline 0.002 -21"><span class='ocrx_word' id='word_1_508' title='bbox 1711 1942 2005 2003; x_wconf 80' lang='lat' dir='ltr'><strong>neficium</strong></span> <span class='ocrx_word' id='word_1_509' title='bbox 2060 1961 2286 2004; x_wconf 85' lang='lat' dir='ltr'><strong>vacans</strong></span> <span class='ocrx_word' id='word_1_510' title='bbox 2364 1949 2614 2023; x_wconf 88' lang='lat' dir='ltr'><strong>propter</strong></span> <span class='ocrx_word' id='word_1_511' title='bbox 2663 1944 2989 2022; x_wconf 65' lang='lat' dir='ltr'><strong>haeresim3</strong></span> <span class='ocrx_word' id='word_1_512' title='bbox 3027 1947 3275 2024; x_wconf 78' lang='lat' dir='ltr'><strong>quando</strong></span> 
     </span>
     <span class='ocr_line' id='line_1_74' title="bbox 1711 2035 3277 2117; baseline 0.002 -20"><span class='ocrx_word' id='word_1_513' title='bbox 1711 2041 1919 2098; x_wconf 88' lang='lat' dir='ltr'><strong>autem</strong></span> <span class='ocrx_word' id='word_1_514' title='bbox 1968 2035 2069 2096; x_wconf 82' lang='lat' dir='ltr'><strong>vel</strong></span> <span class='ocrx_word' id='word_1_515' title='bbox 2109 2036 2419 2116; x_wconf 85' lang='lat' dir='ltr'><strong>quomodo</strong></span> <span class='ocrx_word' id='word_1_516' title='bbox 2449 2054 2667 2097; x_wconf 87' lang='lat' dir='ltr'><strong>vacare</strong></span> <span class='ocrx_word' id='word_1_517' title='bbox 2700 2037 2973 2117; x_wconf 87' lang='lat' dir='ltr'><strong>incipiat,</strong></span> <span class='ocrx_word' id='word_1_518' title='bbox 3018 2057 3147 2098; x_wconf 88' lang='lat' dir='ltr'><strong>non</strong></span> <span class='ocrx_word' id='word_1_519' title='bbox 3174 2039 3277 2100; x_wconf 87' lang='lat' dir='ltr'><strong>de·</strong></span> 
     </span>
     <span class='ocr_line' id='line_1_75' title="bbox 1713 2128 3278 2208; baseline 0.003 -21"><span class='ocrx_word' id='word_1_520' title='bbox 1713 2129 2001 2188; x_wconf 86' lang='lat' dir='ltr'><strong>claratur.</strong></span> <span class='ocrx_word' id='word_1_521' title='bbox 2039 2128 2127 2190; x_wconf 85' lang='lat' dir='ltr'><strong>Ac</strong></span> <span class='ocrx_word' id='word_1_522' title='bbox 2152 2129 2419 2207; x_wconf 76' lang='lat' dir='ltr'><strong>denique</strong></span> <span class='ocrx_word' id='word_1_523' title='bbox 2442 2129 2607 2208; x_wconf 87' lang='lat' dir='ltr'><strong>quod</strong></span> <span class='ocrx_word' id='word_1_524' title='bbox 2636 2131 2973 2208; x_wconf 84' lang='lat' dir='ltr'><strong>resignatio</strong></span> <span class='ocrx_word' id='word_1_525' title='bbox 2999 2130 3079 2191; x_wconf 82' lang='lat' dir='ltr'><strong>sit.</strong></span> <span class='ocrx_word' id='word_1_526' title='bbox 3104 2131 3278 2192; x_wconf 83' lang='lat' dir='ltr'><strong>nulla</strong></span> 
     </span>
     <span class='ocr_line' id='line_1_76' title="bbox 1713 2220 3271 2300; baseline 0.003 -18"><span class='ocrx_word' id='word_1_527' title='bbox 1713 2241 1750 2282; x_wconf 88' lang='lat' dir='ltr'><strong>a</strong></span> <span class='ocrx_word' id='word_1_528' title='bbox 1773 2220 1873 2281; x_wconf 88' lang='lat' dir='ltr'><strong>die</strong></span> <span class='ocrx_word' id='word_1_529' title='bbox 1898 2221 2210 2282; x_wconf 85' lang='lat' dir='ltr'><strong>commissi</strong></span> <span class='ocrx_word' id='word_1_530' title='bbox 2231 2222 2532 2294; x_wconf 76' lang='lat' dir='ltr'><strong>criminiS,</strong></span> <span class='ocrx_word' id='word_1_531' title='bbox 2554 2221 2729 2282; x_wconf 91' lang='lat' dir='ltr'><strong>nullo</strong></span> <span class='ocrx_word' id='word_1_532' title='bbox 2738 2223 2881 2300; x_wconf 90' lang='lat' dir='ltr'><strong>jure</strong></span> <span class='ocrx_word' id='word_1_533' title='bbox 2904 2222 3271 2287; x_wconf 85' lang='lat' dir='ltr'><strong>declaratur.</strong></span> 
     </span>
     <span class='ocr_line' id='line_1_77' title="bbox 1711 2313 3278 2396; baseline 0.003 -22"><span class='ocrx_word' id='word_1_534' title='bbox 1711 2315 1803 2374; x_wconf 88' lang='lat' dir='ltr'><strong>Ex</strong></span> <span class='ocrx_word' id='word_1_535' title='bbox 1829 2313 2053 2392; x_wconf 87' lang='lat' dir='ltr'><strong>quibus</strong></span> <span class='ocrx_word' id='word_1_536' title='bbox 2078 2314 2469 2375; x_wconf 87' lang='lat' dir='ltr'><strong>concluditur</strong></span> <span class='ocrx_word' id='word_1_537' title='bbox 2490 2321 2952 2392; x_wconf 77' lang='lat' dir='ltr'><strong>argumentum,</strong></span> <span class='ocrx_word' id='word_1_538' title='bbox 2975 2318 3125 2394; x_wconf 85' lang='lat' dir='ltr'><strong>quia</strong></span> <span class='ocrx_word' id='word_1_539' title='bbox 3150 2335 3278 2396; x_wconf 85' lang='lat' dir='ltr'><strong>poe·</strong></span> 
     </span>
     <span class='ocr_line' id='line_1_78' title="bbox 1712 2407 3277 2487; baseline 0.003 -21"><span class='ocrx_word' id='word_1_540' title='bbox 1712 2425 1795 2466; x_wconf 89' lang='lat' dir='ltr'><strong>na</strong></span> <span class='ocrx_word' id='word_1_541' title='bbox 1817 2423 1944 2466; x_wconf 85' lang='lat' dir='ltr'><strong>non</strong></span> <span class='ocrx_word' id='word_1_542' title='bbox 1966 2407 2306 2468; x_wconf 88' lang='lat' dir='ltr'><strong>incurritur</strong></span> <span class='ocrx_word' id='word_1_543' title='bbox 2338 2408 2469 2486; x_wconf 91' lang='lat' dir='ltr'><strong>ipso</strong></span> <span class='ocrx_word' id='word_1_544' title='bbox 2491 2407 2635 2485; x_wconf 89' lang='lat' dir='ltr'><strong>jure</strong></span> <span class='ocrx_word' id='word_1_545' title='bbox 2663 2407 2785 2468; x_wconf 89' lang='lat' dir='ltr'><strong>nisi</strong></span> <span class='ocrx_word' id='word_1_546' title='bbox 2804 2409 2891 2468; x_wconf 87' lang='lat' dir='ltr'><strong>ita</strong></span> <span class='ocrx_word' id='word_1_547' title='bbox 2915 2409 2995 2468; x_wconf 88' lang='lat' dir='ltr'><strong>sit</strong></span> <span class='ocrx_word' id='word_1_548' title='bbox 3007 2409 3151 2487; x_wconf 90' lang='lat' dir='ltr'><strong>jure</strong></span> <span class='ocrx_word' id='word_1_549' title='bbox 3170 2427 3277 2470; x_wconf 87' lang='lat' dir='ltr'><strong>ex·</strong></span> 
     </span>
     <span class='ocr_line' id='line_1_79' title="bbox 1713 2499 3272 2580; baseline 0.002 -22"><span class='ocrx_word' id='word_1_550' title='bbox 1713 2517 1994 2578; x_wconf 87' lang='lat' dir='ltr'><strong>pressum</strong></span> <span class='ocrx_word' id='word_1_551' title='bbox 2016 2514 2035 2576; x_wconf 86' lang='lat'>3</span> <span class='ocrx_word' id='word_1_552' title='bbox 2054 2499 2158 2560; x_wconf 90' lang='lat' dir='ltr'><strong>sed</strong></span> <span class='ocrx_word' id='word_1_553' title='bbox 2191 2499 2255 2558; x_wconf 90' lang='lat' dir='ltr'><strong>in</strong></span> <span class='ocrx_word' id='word_1_554' title='bbox 2282 2500 2401 2560; x_wconf 85' lang='lat' dir='ltr'><strong>ista</strong></span> <span class='ocrx_word' id='word_1_555' title='bbox 2428 2499 2545 2560; x_wconf 87' lang='lat' dir='ltr'><strong>hoc</strong></span> <span class='ocrx_word' id='word_1_556' title='bbox 2560 2517 2688 2559; x_wconf 91' lang='lat' dir='ltr'><strong>non</strong></span> <span class='ocrx_word' id='word_1_557' title='bbox 2716 2499 3069 2562; x_wconf 83' lang='lat' dir='ltr'><strong>invenitur:</strong></span> <span class='ocrx_word' id='word_1_558' title='bbox 3102 2519 3272 2580; x_wconf 79' lang='lat' dir='ltr'><strong>ergo.</strong></span> 
     </span>
     <span class='ocr_line' id='line_1_80' title="bbox 1711 2592 3276 2675; baseline 0.001 -23"><span class='ocrx_word' id='word_1_559' title='bbox 1711 2592 1986 2667; x_wconf 86' lang='lat' dir='ltr'><strong>Accedit,</strong></span> <span class='ocrx_word' id='word_1_560' title='bbox 2007 2592 2169 2670; x_wconf 88' lang='lat' dir='ltr'><strong>quod</strong></span> <span class='ocrx_word' id='word_1_561' title='bbox 2196 2593 2259 2652; x_wconf 91' lang='lat' dir='ltr'><strong>in</strong></span> <span class='ocrx_word' id='word_1_562' title='bbox 2274 2592 2473 2671; x_wconf 86' lang='lat' dir='ltr'><strong>capite</strong></span> <span class='ocrx_word' id='word_1_563' title='bbox 2500 2594 3139 2668; x_wconf 76' lang='lat' dir='ltr'><strong>Eoecommnnicamus,</strong></span> <span class='ocrx_word' id='word_1_564' title='bbox 3170 2594 3276 2675; x_wconf 51' lang='grc' dir='ltr'><strong>μς</strong></span> 
     </span>
     <span class='ocr_line' id='line_1_81' title="bbox 1712 2683 3274 2762; baseline 0.001 -15"><span class='ocrx_word' id='word_1_565' title='bbox 1712 2683 2049 2759; x_wconf 74' lang='lat' dir='ltr'><strong>Credentes,</strong></span> <span class='ocrx_word' id='word_1_566' title='bbox 2086 2683 2163 2745; x_wconf 90' lang='lat' dir='ltr'><strong>de</strong></span> <span class='ocrx_word' id='word_1_567' title='bbox 2190 2685 2441 2746; x_wconf 82' lang='lat' dir='ltr'><strong>Haeret..</strong></span> <span class='ocrx_word' id='word_1_568' title='bbox 2484 2685 2731 2760; x_wconf 88' lang='lat' dir='ltr'><strong>dicitur,</strong></span> <span class='ocrx_word' id='word_1_569' title='bbox 2774 2687 3095 2761; x_wconf 75' lang='lat' dir='ltr'><strong>credentes,</strong></span> <span class='ocrx_word' id='word_1_570' title='bbox 3126 2693 3274 2762; x_wconf 70' lang='lat' dir='ltr'><strong>etc„</strong></span> 
     </span>
     <span class='ocr_line' id='line_1_82' title="bbox 1710 2777 3274 2860; baseline 0.001 -21"><span class='ocrx_word' id='word_1_571' title='bbox 1710 2795 1834 2839; x_wconf 75' lang='lat' dir='ltr'><strong>esse</strong></span> <span class='ocrx_word' id='word_1_572' title='bbox 1855 2777 2242 2856; x_wconf 76' lang='lat' dir='ltr'><strong>deponendos,</strong></span> <span class='ocrx_word' id='word_1_573' title='bbox 2274 2795 2381 2840; x_wconf 75' lang='lat' dir='ltr'><strong>sen</strong></span> <span class='ocrx_word' id='word_1_574' title='bbox 2412 2778 2706 2851; x_wconf 74' lang='lat' dir='ltr'><strong>beneficiis</strong></span> <span class='ocrx_word' id='word_1_575' title='bbox 2743 2781 3102 2860; x_wconf 79' lang='lat' dir='ltr'><strong>privandos,</strong></span> <span class='ocrx_word' id='word_1_576' title='bbox 3134 2797 3274 2858; x_wconf 82' lang='lat' dir='ltr'><strong>quae</strong></span> 
     </span>
     <span class='ocr_line' id='line_1_83' title="bbox 1708 2861 3277 2950; baseline 0.002 -21"><span class='ocrx_word' id='word_1_577' title='bbox 1708 2869 1898 2930; x_wconf 84' lang='lat' dir='ltr'><strong>verba</strong></span> <span class='ocrx_word' id='word_1_578' title='bbox 1925 2870 2124 2932; x_wconf 84' lang='lat' dir='ltr'><strong>solent</strong></span> <span class='ocrx_word' id='word_1_579' title='bbox 2142 2871 2217 2930; x_wconf 90' lang='lat' dir='ltr'><strong>de</strong></span> <span class='ocrx_word' id='word_1_580' title='bbox 2234 2861 2633 2950; x_wconf 85' lang='lat' dir='ltr'><strong>complicibus</strong></span> <span class='ocrx_word' id='word_1_581' title='bbox 2651 2871 2979 2950; x_wconf 80' lang='lat' dir='ltr'><strong>explicari3</strong></span> <span class='ocrx_word' id='word_1_582' title='bbox 3026 2877 3091 2932; x_wconf 90' lang='lat' dir='ltr'><strong>at</strong></span> <span class='ocrx_word' id='word_1_583' title='bbox 3128 2890 3277 2932; x_wconf 82' lang='lat' dir='ltr'><strong>vero</strong></span> 
     </span>
     <span class='ocr_line' id='line_1_84' title="bbox 1711 2962 3277 3043; baseline 0.001 -21"><span class='ocrx_word' id='word_1_584' title='bbox 1711 2962 2027 3023; x_wconf 87' lang='lat' dir='ltr'><strong>credentes</strong></span> <span class='ocrx_word' id='word_1_585' title='bbox 2048 2965 2236 3024; x_wconf 85' lang='lat' dir='ltr'><strong>etiam</strong></span> <span class='ocrx_word' id='word_1_586' title='bbox 2263 2964 2537 3025; x_wconf 85' lang='lat' dir='ltr'><strong>haeretici</strong></span> <span class='ocrx_word' id='word_1_587' title='bbox 2561 2969 2727 3038; x_wconf 88' lang='lat' dir='ltr'><strong>sunt,</strong></span> <span class='ocrx_word' id='word_1_588' title='bbox 2760 2969 2830 3023; x_wconf 90' lang='lat' dir='ltr'><strong>ut</strong></span> <span class='ocrx_word' id='word_1_589' title='bbox 2869 2981 3056 3043; x_wconf 87' lang='lat' dir='ltr'><strong>supra</strong></span> <span class='ocrx_word' id='word_1_590' title='bbox 3098 2965 3277 3042; x_wconf 83' lang='lat' dir='ltr'><strong>tetigi</strong></span> 
     </span>
     <span class='ocr_line' id='line_1_85' title="bbox 1710 3053 2681 3117; baseline 0.004 -4"><span class='ocrx_word' id='word_1_591' title='bbox 1710 3061 1774 3114; x_wconf 91' lang='lat' dir='ltr'><strong>et</strong></span> <span class='ocrx_word' id='word_1_592' title='bbox 1805 3053 1969 3114; x_wconf 82' lang='lat' dir='ltr'><strong>infra</strong></span> <span class='ocrx_word' id='word_1_593' title='bbox 1994 3054 2179 3116; x_wconf 87' lang='lat' dir='ltr'><strong>latius</strong></span> <span class='ocrx_word' id='word_1_594' title='bbox 2206 3054 2536 3116; x_wconf 87' lang='lat' dir='ltr'><strong>dicendum</strong></span> <span class='ocrx_word' id='word_1_595' title='bbox 2568 3061 2681 3117; x_wconf 89' lang='lat' dir='ltr'><strong>est.</strong></span> 
     </span>
    </p>

    <p class='ocr_par' dir='ltr' id='par_1_5' title="bbox 1705 3141 3279 5556">
     <span class='ocr_line' id='line_1_86' title="bbox 1795 3141 3270 3230; baseline 0.001 -22"><span class='ocrx_word' id='word_1_596' title='bbox 1795 3151 1892 3210; x_wconf 85' lang='grc'><strong>19.</strong></span> <span class='ocrx_word' id='word_1_597' title='bbox 1930 3148 2172 3211; x_wconf 63' lang='lat' dir='ltr'><strong>Deoia-io</strong></span> <span class='ocrx_word' id='word_1_598' title='bbox 2212 3141 2481 3212; x_wconf 62' lang='lat' dir='ltr'><strong>auctoris</strong></span> <span class='ocrx_word' id='word_1_599' title='bbox 2526 3167 2640 3230; x_wconf 76' lang='lat' dir='ltr'><strong>per</strong></span> <span class='ocrx_word' id='word_1_600' title='bbox 2690 3149 2803 3215; x_wconf 78' lang='lat' dir='ltr'><strong>duo</strong></span> <span class='ocrx_word' id='word_1_601' title='bbox 2844 3151 3270 3228; x_wconf 78' lang='lat' dir='ltr'><strong>pronuntiata.</strong></span> 
     </span>
     <span class='ocr_line' id='line_1_87' title="bbox 1709 3241 3278 3324; baseline 0 -21"><span class='ocrx_word' id='word_1_602' title='bbox 1709 3273 1792 3288; x_wconf 90' lang='lat'><em>-</em></span> <span class='ocrx_word' id='word_1_603' title='bbox 1832 3241 2117 3304; x_wconf 79' lang='lat' dir='ltr'><strong>Primum</strong></span> <span class='ocrx_word' id='word_1_604' title='bbox 2150 3243 2637 3324; x_wconf 74' lang='lat' dir='ltr'><strong>pronuntiatum.</strong></span> <span class='ocrx_word' id='word_1_605' title='bbox 2676 3273 2759 3287; x_wconf 89' lang='lat'><strong>—-</strong></span> <span class='ocrx_word' id='word_1_606' title='bbox 2797 3243 2865 3302; x_wconf 88' lang='lat' dir='ltr'><strong>In</strong></span> <span class='ocrx_word' id='word_1_607' title='bbox 2910 3243 3029 3302; x_wconf 86' lang='lat' dir='ltr'><strong>hoc</strong></span> <span class='ocrx_word' id='word_1_608' title='bbox 3080 3261 3278 3322; x_wconf 89' lang='lat' dir='ltr'><strong>punc-</strong></span> 
     </span>
     <span class='ocr_line' id='line_1_88' title="bbox 1709 3334 3275 3415; baseline 0.001 -20"><span class='ocrx_word' id='word_1_609' title='bbox 1709 3340 1775 3395; x_wconf 90' lang='lat' dir='ltr'><strong>to</strong></span> <span class='ocrx_word' id='word_1_610' title='bbox 1839 3336 2125 3396; x_wconf 88' lang='lat' dir='ltr'><strong>existimo</strong></span> <span class='ocrx_word' id='word_1_611' title='bbox 2186 3353 2360 3414; x_wconf 86' lang='lat' dir='ltr'><strong>posse</strong></span> <span class='ocrx_word' id='word_1_612' title='bbox 2426 3334 2621 3394; x_wconf 83' lang='lat' dir='ltr'><strong>dictas</strong></span> <span class='ocrx_word' id='word_1_613' title='bbox 2674 3335 3013 3396; x_wconf 87' lang='lat' dir='ltr'><strong>sententias</strong></span> <span class='ocrx_word' id='word_1_614' title='bbox 3066 3335 3275 3415; x_wconf 89' lang='lat' dir='ltr'><strong>aliquo</strong></span> 
     </span>
     <span class='ocr_line' id='line_1_89' title="bbox 1710 3427 3269 3506; baseline 0 -19"><span class='ocrx_word' id='word_1_615' title='bbox 1710 3427 1896 3487; x_wconf 86' lang='lat' dir='ltr'><strong>modo</strong></span> <span class='ocrx_word' id='word_1_616' title='bbox 1921 3428 2265 3502; x_wconf 87' lang='lat' dir='ltr'><strong>conciliari,</strong></span> <span class='ocrx_word' id='word_1_617' title='bbox 2313 3429 2401 3488; x_wconf 87' lang='lat' dir='ltr'><strong>ita</strong></span> <span class='ocrx_word' id='word_1_618' title='bbox 2444 3434 2519 3487; x_wconf 89' lang='lat' dir='ltr'><strong>ut</strong></span> <span class='ocrx_word' id='word_1_619' title='bbox 2548 3427 2716 3506; x_wconf 86' lang='lat' dir='ltr'><strong>prior</strong></span> <span class='ocrx_word' id='word_1_620' title='bbox 2763 3427 3141 3488; x_wconf 87' lang='lat' dir='ltr'><strong>moderanda</strong></span> <span class='ocrx_word' id='word_1_621' title='bbox 3166 3429 3269 3503; x_wconf 86' lang='lat' dir='ltr'><strong>sit,</strong></span> 
     </span>
     <span class='ocr_line' id='line_1_90' title="bbox 1711 3519 3279 3600; baseline 0.001 -21"><span class='ocrx_word' id='word_1_622' title='bbox 1711 3527 1780 3579; x_wconf 89' lang='lat' dir='ltr'><strong>ut</strong></span> <span class='ocrx_word' id='word_1_623' title='bbox 1815 3539 1940 3580; x_wconf 86' lang='lat' dir='ltr'><strong>non</strong></span> <span class='ocrx_word' id='word_1_624' title='bbox 1982 3519 2275 3599; x_wconf 84' lang='lat' dir='ltr'><strong>procedat</strong></span> <span class='ocrx_word' id='word_1_625' title='bbox 2302 3521 2378 3582; x_wconf 90' lang='lat' dir='ltr'><strong>de</strong></span> <span class='ocrx_word' id='word_1_626' title='bbox 2414 3521 2685 3600; x_wconf 75' lang='lat' dir='ltr'><strong>perfecta</strong></span> <span class='ocrx_word' id='word_1_627' title='bbox 2720 3519 3055 3580; x_wconf 88' lang='lat' dir='ltr'><strong>amissione</strong></span> <span class='ocrx_word' id='word_1_628' title='bbox 3087 3519 3279 3581; x_wconf 86' lang='lat' dir='ltr'><strong>bene·</strong></span> 
     </span>
     <span class='ocr_line' id='line_1_91' title="bbox 1709 3611 3276 3694; baseline 0 -21"><span class='ocrx_word' id='word_1_629' title='bbox 1709 3611 1876 3687; x_wconf 78' lang='lat' dir='ltr'><strong>ficii,</strong></span> <span class='ocrx_word' id='word_1_630' title='bbox 1925 3613 2114 3674; x_wconf 83' lang='lat' dir='ltr'><strong>etiam</strong></span> <span class='ocrx_word' id='word_1_631' title='bbox 2166 3615 2370 3693; x_wconf 84' lang='lat' dir='ltr'><strong>quoad</strong></span> <span class='ocrx_word' id='word_1_632' title='bbox 2405 3614 2845 3694; x_wconf 77' lang='lat' dir='ltr'><strong>proprietatem</strong></span> <span class='ocrx_word' id='word_1_633' title='bbox 2880 3659 2899 3688; x_wconf 93' lang='lat'>‚</span> <span class='ocrx_word' id='word_1_634' title='bbox 2942 3620 3015 3673; x_wconf 89' lang='lat' dir='ltr'><strong>ut</strong></span> <span class='ocrx_word' id='word_1_635' title='bbox 3053 3613 3139 3674; x_wconf 90' lang='lat' dir='ltr'><strong>sic</strong></span> <span class='ocrx_word' id='word_1_636' title='bbox 3182 3615 3276 3674; x_wconf 89' lang='lat' dir='ltr'><strong>di-</strong></span> 
     </span>
     <span class='ocr_line' id='line_1_92' title="bbox 1709 3706 3277 3782; baseline 0.001 -16"><span class='ocrx_word' id='word_1_637' title='bbox 1709 3722 1887 3782; x_wconf 85' lang='lat' dir='ltr'><strong>cam3</strong></span> <span class='ocrx_word' id='word_1_638' title='bbox 1935 3707 2205 3768; x_wconf 86' lang='lat' dir='ltr'><strong>secunda</strong></span> <span class='ocrx_word' id='word_1_639' title='bbox 2238 3725 2389 3768; x_wconf 83' lang='lat' dir='ltr'><strong>vero</strong></span> <span class='ocrx_word' id='word_1_640' title='bbox 2438 3707 2829 3768; x_wconf 84' lang='lat' dir='ltr'><strong>extendenda</strong></span> <span class='ocrx_word' id='word_1_641' title='bbox 2886 3708 2991 3781; x_wconf 89' lang='lat' dir='ltr'><strong>sit,</strong></span> <span class='ocrx_word' id='word_1_642' title='bbox 3046 3706 3145 3768; x_wconf 82' lang='lat' dir='ltr'><strong>vel</strong></span> <span class='ocrx_word' id='word_1_643' title='bbox 3186 3707 3277 3768; x_wconf 85' lang='lat' dir='ltr'><strong>ita</strong></span> 
     </span>
     <span class='ocr_line' id='line_1_93' title="bbox 1707 3798 3277 3878; baseline 0.001 -19"><span class='ocrx_word' id='word_1_644' title='bbox 1707 3798 2172 3878; x_wconf 80' lang='lat' dir='ltr'><strong>interpretanda</strong></span> <span class='ocrx_word' id='word_1_645' title='bbox 2204 3845 2223 3874; x_wconf 93' lang='lat'>‚</span> <span class='ocrx_word' id='word_1_646' title='bbox 2284 3807 2353 3860; x_wconf 89' lang='lat' dir='ltr'><strong>ut</strong></span> <span class='ocrx_word' id='word_1_647' title='bbox 2388 3817 2517 3860; x_wconf 89' lang='lat' dir='ltr'><strong>non</strong></span> <span class='ocrx_word' id='word_1_648' title='bbox 2556 3806 2743 3876; x_wconf 81' lang='lat' dir='ltr'><strong>neget</strong></span> <span class='ocrx_word' id='word_1_649' title='bbox 2810 3798 3023 3878; x_wconf 84' lang='lat' dir='ltr'><strong>aliquo</strong></span> <span class='ocrx_word' id='word_1_650' title='bbox 3090 3800 3277 3860; x_wconf 88' lang='lat' dir='ltr'><strong>modo</strong></span> 
     </span>
     <span class='ocr_line' id='line_1_94' title="bbox 1708 3892 3272 3972; baseline 0.001 -21"><span class='ocrx_word' id='word_1_651' title='bbox 1708 3894 1909 3952; x_wconf 87' lang='lat' dir='ltr'><strong>amitti</strong></span> <span class='ocrx_word' id='word_1_652' title='bbox 1948 3892 2344 3968; x_wconf 84' lang='lat' dir='ltr'><strong>beneficium,</strong></span> <span class='ocrx_word' id='word_1_653' title='bbox 2374 3893 2475 3954; x_wconf 84' lang='lat' dir='ltr'><strong>vel</strong></span> <span class='ocrx_word' id='word_1_654' title='bbox 2508 3893 2711 3972; x_wconf 90' lang='lat' dir='ltr'><strong>potius</strong></span> <span class='ocrx_word' id='word_1_655' title='bbox 2746 3893 2921 3971; x_wconf 79' lang='lat' dir='ltr'><strong>quasi</strong></span> <span class='ocrx_word' id='word_1_656' title='bbox 2950 3892 3272 3952; x_wconf 85' lang='lat' dir='ltr'><strong>confiscari</strong></span> 
     </span>
     <span class='ocr_line' id='line_1_95' title="bbox 1706 3985 3275 4066; baseline 0.001 -21"><span class='ocrx_word' id='word_1_657' title='bbox 1706 3986 1839 4066; x_wconf 88' lang='lat' dir='ltr'><strong>ipso</strong></span> <span class='ocrx_word' id='word_1_658' title='bbox 1893 3985 2077 4057; x_wconf 79' lang='lat' dir='ltr'><strong>sacto,</strong></span> <span class='ocrx_word' id='word_1_659' title='bbox 2138 3993 2200 4046; x_wconf 88' lang='lat' dir='ltr'><strong>et</strong></span> <span class='ocrx_word' id='word_1_660' title='bbox 2242 3993 2389 4046; x_wconf 89' lang='lat' dir='ltr'><strong>ante</strong></span> <span class='ocrx_word' id='word_1_661' title='bbox 2435 4003 2686 4046; x_wconf 88' lang='lat' dir='ltr'><strong>omnem</strong></span> <span class='ocrx_word' id='word_1_662' title='bbox 2738 3986 3131 4046; x_wconf 84' lang='lat' dir='ltr'><strong>sententiam.</strong></span> <span class='ocrx_word' id='word_1_663' title='bbox 3182 3985 3275 4046; x_wconf 89' lang='lat' dir='ltr'><strong>Ad</strong></span> 
     </span>
     <span class='ocr_line' id='line_1_96' title="bbox 1706 4079 3273 4160; baseline 0.001 -22"><span class='ocrx_word' id='word_1_664' title='bbox 1706 4080 1871 4160; x_wconf 87' lang='lat' dir='ltr'><strong>quod</strong></span> <span class='ocrx_word' id='word_1_665' title='bbox 1899 4080 2361 4159; x_wconf 87' lang='lat' dir='ltr'><strong>explicandum,</strong></span> <span class='ocrx_word' id='word_1_666' title='bbox 2390 4081 2529 4142; x_wconf 75' lang='lat' dir='ltr'><strong>dico</strong></span> <span class='ocrx_word' id='word_1_667' title='bbox 2558 4079 2863 4159; x_wconf 88' lang='lat' dir='ltr'><strong>imprimis</strong></span> <span class='ocrx_word' id='word_1_668' title='bbox 2887 4079 3273 4154; x_wconf 83' lang='lat' dir='ltr'><strong>haereticum,</strong></span> 
     </span>
     <span class='ocr_line' id='line_1_97' title="bbox 1707 4171 3277 4248; baseline -0.001 -15"><span class='ocrx_word' id='word_1_669' title='bbox 1707 4180 1850 4234; x_wconf 87' lang='lat' dir='ltr'><strong>ante</strong></span> <span class='ocrx_word' id='word_1_670' title='bbox 1881 4171 2073 4232; x_wconf 85' lang='lat' dir='ltr'><strong>latam</strong></span> <span class='ocrx_word' id='word_1_671' title='bbox 2112 4174 2505 4248; x_wconf 88' lang='lat' dir='ltr'><strong>sententiam,</strong></span> <span class='ocrx_word' id='word_1_672' title='bbox 2538 4189 2666 4232; x_wconf 89' lang='lat' dir='ltr'><strong>non</strong></span> <span class='ocrx_word' id='word_1_673' title='bbox 2710 4172 2911 4232; x_wconf 86' lang='lat' dir='ltr'><strong>teneri</strong></span> <span class='ocrx_word' id='word_1_674' title='bbox 2950 4171 3028 4231; x_wconf 89' lang='lat' dir='ltr'><strong>ad</strong></span> <span class='ocrx_word' id='word_1_675' title='bbox 3066 4171 3277 4232; x_wconf 87' lang='lat' dir='ltr'><strong>dimit-</strong></span> 
     </span>
     <span class='ocr_line' id='line_1_98' title="bbox 1708 4251 3271 4344; baseline -0.001 -18"><span class='ocrx_word' id='word_1_676' title='bbox 1708 4265 1971 4326; x_wconf 87' lang='lat' dir='ltr'><strong>tendum</strong></span> <span class='ocrx_word' id='word_1_677' title='bbox 2023 4265 2433 4340; x_wconf 88' lang='lat' dir='ltr'><strong>beneficium,</strong></span> <span class='ocrx_word' id='word_1_678' title='bbox 2486 4281 2688 4344; x_wconf 86' lang='lat' dir='ltr'><strong>neque</strong></span> <span class='ocrx_word' id='word_1_679' title='bbox 2744 4251 2809 4324; x_wconf 84' lang='lat' dir='ltr'><strong>se</strong></span> <span class='ocrx_word' id='word_1_680' title='bbox 2853 4263 3271 4342; x_wconf 85' lang='lat' dir='ltr'><strong>spoliandum.</strong></span> 
     </span>
     <span class='ocr_line' id='line_1_99' title="bbox 1709 4357 3269 4444; baseline -0.003 -25"><span class='ocrx_word' id='word_1_681' title='bbox 1709 4359 1886 4419; x_wconf 85' lang='lat' dir='ltr'><strong>Unde</strong></span> <span class='ocrx_word' id='word_1_682' title='bbox 1924 4359 1975 4418; x_wconf 90' lang='lat' dir='ltr'><strong>si</strong></span> <span class='ocrx_word' id='word_1_683' title='bbox 2004 4375 2326 4444; x_wconf 78' lang='lat' dir='ltr'><strong>nunquam</strong></span> <span class='ocrx_word' id='word_1_684' title='bbox 2368 4357 2793 4427; x_wconf 86' lang='lat' dir='ltr'><strong>denuntietur,</strong></span> <span class='ocrx_word' id='word_1_685' title='bbox 2824 4367 2887 4416; x_wconf 90' lang='lat' dir='ltr'><strong>et</strong></span> <span class='ocrx_word' id='word_1_686' title='bbox 2915 4362 3148 4418; x_wconf 86' lang='lat' dir='ltr'><strong>secreto</strong></span> <span class='ocrx_word' id='word_1_687' title='bbox 3180 4375 3269 4416; x_wconf 87' lang='lat' dir='ltr'><strong>re-</strong></span> 
     </span>
     <span class='ocr_line' id='line_1_100' title="bbox 1711 4447 3264 4530; baseline -0.001 -20"><span class='ocrx_word' id='word_1_688' title='bbox 1711 4451 1980 4530; x_wconf 85' lang='lat' dir='ltr'><strong>sipiscat,</strong></span> <span class='ocrx_word' id='word_1_689' title='bbox 2002 4457 2136 4512; x_wconf 84' lang='lat' dir='ltr'><strong>tuta</strong></span> <span class='ocrx_word' id='word_1_690' title='bbox 2166 4450 2543 4512; x_wconf 82' lang='lat' dir='ltr'><strong>conscientia</strong></span> <span class='ocrx_word' id='word_1_691' title='bbox 2570 4455 2771 4528; x_wconf 87' lang='lat' dir='ltr'><strong>potest</strong></span> <span class='ocrx_word' id='word_1_692' title='bbox 2794 4447 2948 4509; x_wconf 89' lang='lat' dir='ltr'><strong>illud</strong></span> <span class='ocrx_word' id='word_1_693' title='bbox 2974 4449 3264 4522; x_wconf 87' lang='lat' dir='ltr'><strong>retinere,</strong></span> 
     </span>
     <span class='ocr_line' id='line_1_101' title="bbox 1715 4539 3277 4620; baseline -0.003 -16"><span class='ocrx_word' id='word_1_694' title='bbox 1715 4542 1888 4604; x_wconf 88' lang='lat' dir='ltr'><strong>nulla</strong></span> <span class='ocrx_word' id='word_1_695' title='bbox 1945 4543 2273 4603; x_wconf 87' lang='lat' dir='ltr'><strong>collatione</strong></span> <span class='ocrx_word' id='word_1_696' title='bbox 2320 4559 2502 4615; x_wconf 85' lang='lat' dir='ltr'><strong>nova,</strong></span> <span class='ocrx_word' id='word_1_697' title='bbox 2541 4541 2637 4604; x_wconf 85' lang='lat' dir='ltr'><strong>vel</strong></span> <span class='ocrx_word' id='word_1_698' title='bbox 2674 4541 2898 4620; x_wconf 90' lang='lat' dir='ltr'><strong>prioris</strong></span> <span class='ocrx_word' id='word_1_699' title='bbox 2949 4539 3277 4601; x_wconf 85' lang='lat' dir='ltr'><strong>confirma-</strong></span> 
     </span>
     <span class='ocr_line' id='line_1_102' title="bbox 1715 4633 3273 4716; baseline -0.004 -18"><span class='ocrx_word' id='word_1_700' title='bbox 1715 4639 1883 4698; x_wconf 88' lang='lat' dir='ltr'><strong>tione</strong></span> <span class='ocrx_word' id='word_1_701' title='bbox 1940 4636 2268 4716; x_wconf 88' lang='lat' dir='ltr'><strong>postulata.</strong></span> <span class='ocrx_word' id='word_1_702' title='bbox 2325 4637 2415 4696; x_wconf 86' lang='lat' dir='ltr'><strong>lta</strong></span> <span class='ocrx_word' id='word_1_703' title='bbox 2464 4634 2687 4695; x_wconf 83' lang='lat' dir='ltr'><strong>docent</strong></span> <span class='ocrx_word' id='word_1_704' title='bbox 2742 4633 2922 4693; x_wconf 91' lang='lat' dir='ltr'><strong>multi</strong></span> <span class='ocrx_word' id='word_1_705' title='bbox 2960 4635 3152 4694; x_wconf 87' lang='lat' dir='ltr'><strong>etiam</strong></span> <span class='ocrx_word' id='word_1_706' title='bbox 3198 4651 3273 4692; x_wconf 89' lang='lat' dir='ltr'><strong>ex</strong></span> 
     </span>
     <span class='ocr_line' id='line_1_103' title="bbox 1715 4719 3271 4807; baseline -0.004 -16"><span class='ocrx_word' id='word_1_707' title='bbox 1715 4719 2069 4790; x_wconf 74' lang='lat' dir='ltr'><strong>auctoribus</strong></span> <span class='ocrx_word' id='word_1_708' title='bbox 2101 4731 2317 4807; x_wconf 81' lang='lat' dir='ltr'><strong>primae</strong></span> <span class='ocrx_word' id='word_1_709' title='bbox 2359 4728 2677 4788; x_wconf 67' lang='lat' dir='ltr'><strong>sententiae</strong></span> <span class='ocrx_word' id='word_1_710' title='bbox 2703 4769 2722 4802; x_wconf 93' lang='lat'>‚</span> <span class='ocrx_word' id='word_1_711' title='bbox 2769 4733 2841 4785; x_wconf 92' lang='lat' dir='ltr'><strong>ut</strong></span> <span class='ocrx_word' id='word_1_712' title='bbox 2892 4725 3163 4800; x_wconf 79' lang='lat' dir='ltr'><strong>SalzedO,</strong></span> <span class='ocrx_word' id='word_1_713' title='bbox 3202 4725 3271 4784; x_wconf 85' lang='lat' dir='ltr'><strong>in</strong></span> 
     </span>
     <span class='ocr_line' id='line_1_104' title="bbox 1715 4817 3273 4895; baseline -0.005 -11"><span class='ocrx_word' id='word_1_714' title='bbox 1715 4823 1957 4884; x_wconf 88' lang='lat' dir='ltr'><strong>Scholio</strong></span> <span class='ocrx_word' id='word_1_715' title='bbox 1990 4820 2069 4882; x_wconf 83' lang='lat' dir='ltr'><strong>ad</strong></span> <span class='ocrx_word' id='word_1_716' title='bbox 2111 4821 2495 4882; x_wconf 69' lang='lat' dir='ltr'><strong>Ber-nardum</strong></span> <span class='ocrx_word' id='word_1_717' title='bbox 2537 4819 2703 4893; x_wconf 88' lang='lat' dir='ltr'><strong>Diaz,</strong></span> <span class='ocrx_word' id='word_1_718' title='bbox 2749 4824 2812 4880; x_wconf 83' lang='lat' dir='ltr'><strong>et</strong></span> <span class='ocrx_word' id='word_1_719' title='bbox 2860 4817 3136 4892; x_wconf 85' lang='lat' dir='ltr'><strong>Saucius,</strong></span> <span class='ocrx_word' id='word_1_720' title='bbox 3166 4817 3273 4895; x_wconf 89' lang='lat' dir='ltr'><strong>qui</strong></span> 
     </span>
     <span class='ocr_line' id='line_1_105' title="bbox 1707 4911 3273 4995; baseline -0.004 -19"><span class='ocrx_word' id='word_1_721' title='bbox 1707 4915 1912 4995; x_wconf 88' lang='lat' dir='ltr'><strong>plures</strong></span> <span class='ocrx_word' id='word_1_722' title='bbox 1937 4914 2089 4975; x_wconf 89' lang='lat' dir='ltr'><strong>alios</strong></span> <span class='ocrx_word' id='word_1_723' title='bbox 2116 4915 2362 4992; x_wconf 82' lang='lat' dir='ltr'><strong>allegat.</strong></span> <span class='ocrx_word' id='word_1_724' title='bbox 2395 4915 2473 4974; x_wconf 90' lang='lat' dir='ltr'><strong>Et</strong></span> <span class='ocrx_word' id='word_1_725' title='bbox 2499 4914 2617 4973; x_wconf 91' lang='lat' dir='ltr'><strong>hoc</strong></span> <span class='ocrx_word' id='word_1_726' title='bbox 2645 4911 2723 4972; x_wconf 89' lang='lat' dir='ltr'><strong>ad</strong></span> <span class='ocrx_word' id='word_1_727' title='bbox 2752 4912 3084 4971; x_wconf 88' lang='lat' dir='ltr'><strong>minimum</strong></span> <span class='ocrx_word' id='word_1_728' title='bbox 3118 4928 3273 4970; x_wconf 85' lang='lat' dir='ltr'><strong>con-</strong></span> 
     </span>
     <span class='ocr_line' id='line_1_106' title="bbox 1705 5003 3273 5069; baseline -0.005 0"><span class='ocrx_word' id='word_1_729' title='bbox 1705 5009 1970 5069; x_wconf 82' lang='lat' dir='ltr'><strong>vincunt</strong></span> <span class='ocrx_word' id='word_1_730' title='bbox 2012 5007 2421 5068; x_wconf 83' lang='lat' dir='ltr'><strong>fundamenta</strong></span> <span class='ocrx_word' id='word_1_731' title='bbox 2469 5005 2754 5066; x_wconf 75' lang='lat' dir='ltr'><strong>secundae</strong></span> <span class='ocrx_word' id='word_1_732' title='bbox 2796 5003 3145 5064; x_wconf 77' lang='lat' dir='ltr'><strong>sententiae.</strong></span> <span class='ocrx_word' id='word_1_733' title='bbox 3200 5004 3273 5063; x_wconf 86' lang='lat' dir='ltr'><strong>Et</strong></span> 
     </span>
     <span class='ocr_line' id='line_1_107' title="bbox 1707 5094 3271 5180; baseline -0.004 -20"><span class='ocrx_word' id='word_1_734' title='bbox 1707 5119 1783 5160; x_wconf 84' lang='lat' dir='ltr'><strong>cx</strong></span> <span class='ocrx_word' id='word_1_735' title='bbox 1811 5099 1926 5160; x_wconf 87' lang='lat' dir='ltr'><strong>hoc</strong></span> <span class='ocrx_word' id='word_1_736' title='bbox 1967 5100 2198 5180; x_wconf 87' lang='lat' dir='ltr'><strong>optime</strong></span> <span class='ocrx_word' id='word_1_737' title='bbox 2227 5097 2537 5176; x_wconf 81' lang='lat' dir='ltr'><strong>colligitur</strong></span> <span class='ocrx_word' id='word_1_738' title='bbox 2576 5115 2699 5157; x_wconf 90' lang='lat' dir='ltr'><strong>non</strong></span> <span class='ocrx_word' id='word_1_739' title='bbox 2730 5095 2919 5157; x_wconf 81' lang='lat' dir='ltr'><strong>fuisse</strong></span> <span class='ocrx_word' id='word_1_740' title='bbox 2944 5094 3271 5154; x_wconf 87' lang='lat' dir='ltr'><strong>amisssum</strong></span> 
     </span>
     <span class='ocr_line' id='line_1_108' title="bbox 1706 5185 3268 5270; baseline -0.004 -18"><span class='ocrx_word' id='word_1_741' title='bbox 1706 5191 2100 5267; x_wconf 86' lang='lat' dir='ltr'><strong>beneficium,</strong></span> <span class='ocrx_word' id='word_1_742' title='bbox 2138 5191 2339 5270; x_wconf 87' lang='lat' dir='ltr'><strong>quoad</strong></span> <span class='ocrx_word' id='word_1_743' title='bbox 2390 5191 2849 5269; x_wconf 88' lang='lat' dir='ltr'><strong>proprietatem,</strong></span> <span class='ocrx_word' id='word_1_744' title='bbox 2890 5185 3023 5266; x_wconf 89' lang='lat' dir='ltr'><strong>ipso</strong></span> <span class='ocrx_word' id='word_1_745' title='bbox 3082 5187 3268 5261; x_wconf 79' lang='lat' dir='ltr'><strong>fact0,</strong></span> 
     </span>
     <span class='ocr_line' id='line_1_109' title="bbox 1706 5283 3273 5365; baseline -0.002 -19"><span class='ocrx_word' id='word_1_746' title='bbox 1706 5285 1858 5346; x_wconf 84' lang='lat' dir='ltr'><strong>alias</strong></span> <span class='ocrx_word' id='word_1_747' title='bbox 1887 5303 2011 5346; x_wconf 88' lang='lat' dir='ltr'><strong>non</strong></span> <span class='ocrx_word' id='word_1_748' title='bbox 2036 5295 2241 5365; x_wconf 87' lang='lat' dir='ltr'><strong>posset</strong></span> <span class='ocrx_word' id='word_1_749' title='bbox 2262 5283 2423 5362; x_wconf 82' lang='lat' dir='ltr'><strong>juste</strong></span> <span class='ocrx_word' id='word_1_750' title='bbox 2460 5283 2737 5356; x_wconf 83' lang='lat' dir='ltr'><strong>retineri,</strong></span> <span class='ocrx_word' id='word_1_751' title='bbox 2771 5283 3109 5361; x_wconf 78' lang='lat' dir='ltr'><strong>praesertim</strong></span> <span class='ocrx_word' id='word_1_752' title='bbox 3133 5297 3273 5359; x_wconf 76' lang='lat' dir='ltr'><strong>per-</strong></span> 
     </span>
     <span class='ocr_line' id='line_1_110' title="bbox 1705 5373 3275 5458; baseline -0.004 -20"><span class='ocrx_word' id='word_1_753' title='bbox 1705 5385 1916 5458; x_wconf 89' lang='lat' dir='ltr'><strong>petu0,</strong></span> <span class='ocrx_word' id='word_1_754' title='bbox 1957 5380 2089 5438; x_wconf 90' lang='lat' dir='ltr'><strong>sine</strong></span> <span class='ocrx_word' id='word_1_755' title='bbox 2115 5395 2275 5437; x_wconf 86' lang='lat' dir='ltr'><strong>nova</strong></span> <span class='ocrx_word' id='word_1_756' title='bbox 2300 5376 2649 5437; x_wconf 89' lang='lat' dir='ltr'><strong>collatione.</strong></span> <span class='ocrx_word' id='word_1_757' title='bbox 2679 5376 2753 5435; x_wconf 85' lang='lat' dir='ltr'><strong>Et</strong></span> <span class='ocrx_word' id='word_1_758' title='bbox 2778 5373 2923 5434; x_wconf 87' lang='lat' dir='ltr'><strong>hinc</strong></span> <span class='ocrx_word' id='word_1_759' title='bbox 2953 5375 3142 5434; x_wconf 79' lang='lat' dir='ltr'><strong>etiam</strong></span> <span class='ocrx_word' id='word_1_760' title='bbox 3173 5391 3275 5432; x_wconf 89' lang='lat' dir='ltr'><strong>se-</strong></span> 
     </span>
     <span class='ocr_line' id='line_1_111' title="bbox 1705 5466 3275 5556; baseline -0.001 -24"><span class='ocrx_word' id='word_1_761' title='bbox 1705 5473 1920 5556; x_wconf 89' lang='lat' dir='ltr'><strong>quitur</strong></span> <span class='ocrx_word' id='word_1_762' title='bbox 1972 5477 2112 5532; x_wconf 86' lang='lat' dir='ltr'><strong>tuta</strong></span> <span class='ocrx_word' id='word_1_763' title='bbox 2166 5469 2540 5535; x_wconf 83' lang='lat' dir='ltr'><strong>conscientia</strong></span> <span class='ocrx_word' id='word_1_764' title='bbox 2596 5468 2867 5534; x_wconf 83' lang='lat' dir='ltr'><strong>retinere</strong></span> <span class='ocrx_word' id='word_1_765' title='bbox 2912 5466 3275 5534; x_wconf 78' lang='lat' dir='ltr'><strong>haereticum</strong></span> 
     </span>
    </p>
   </div>
   <div class='ocr_carea' id='block_1_4' title="bbox 3155 347 3378 417">
    <p class='ocr_par' dir='ltr' id='par_1_6' title="bbox 3155 347 3378 417">
     <span class='ocr_line' id='line_1_112' title="bbox 3155 347 3378 417; baseline 0 -9"><span class='ocrx_word' id='word_1_766' title='bbox 3155 347 3273 408; x_wconf 77' lang='lat'><strong>555</strong></span> <span class='ocrx_word' id='word_1_767' title='bbox 3368 403 3378 417; x_wconf 72' lang='grc'>,</span> 
     </span>
    </p>
   </div>
  </div>
 </body>
</html>
