3900 6217
591 382 712 443 308

592 504 720 547 non
764 490 965 566 potest
1007 490 1078 545 ut
1107 483 1185 545 ab
1211 482 1570 545 hominibus
1599 483 1995 545 conferatur:
2026 500 2158 544 om-

593 598 703 641 nes
750 596 900 657 ergo
951 578 1310 652 Pontifices,
1341 578 1449 656 qui
1490 577 1570 637 ab
1619 577 1977 637 hominibus
2020 583 2161 657 post

594 675 842 734 Petrum
875 672 1064 733 creati
1093 677 1258 747 sunt,
1293 670 1420 731 veri
1449 669 1772 750 pontifices
1795 688 1920 731 non
1949 676 2152 731 erunt.

593 766 1009 827 confirmatur
1040 768 1095 825 ¹:
1129 783 1276 825 nam
1297 767 1349 825 si
1374 765 1655 825 Pontifex
1685 765 1764 823 ab
1802 763 2158 824 hominibus

597 859 870 938 eligitur,
905 858 1038 937 ejus
1081 864 1348 938 potestas
1373 860 1490 917 erit
1515 856 1793 931 inferior,
1831 874 2021 935 quam
2052 855 2159 917 illa

591 960 723 1013 tota
753 954 1153 1031 congregatio
1183 951 1535 1027 hominum,
1559 969 1598 1010 a
1624 949 1850 1030 quibus
1877 951 2155 1029 eligitur,

595 1044 761 1124 quod
810 1051 903 1105 est
969 1050 1184 1104 contra
1247 1044 1562 1104 Pontificis
1601 1044 1969 1122 dignitatem
1998 1058 2013 1102 ε
2066 1062 2159 1104 se-

595 1137 779 1216 quela
808 1142 1000 1216 patet,
1042 1137 1336 1215 quoniam
1367 1137 1454 1197 ita
1491 1136 1711 1197 accidit
1752 1138 1821 1197 in
1860 1137 2035 1197 omni
2061 1152 2159 1197 re-

593 1230 862 1310 publica,
893 1247 1034 1309 quae
1074 1248 1216 1291 suos
1258 1230 1375 1290 sibi
1402 1230 1577 1308 eligit
1613 1230 2048 1310 magistratus3
2090 1229 2160 1290 hi

595 1323 764 1383 enim
808 1323 922 1383 toti
981 1322 1333 1403 reipublieae
1381 1340 1626 1403 semper
1674 1328 1820 1384 sunt
1869 1322 2155 1400 obnoxii,

595 1416 676 1477 ab
719 1434 914 1497 eaque
941 1416 1314 1495 dependent.

673 1514 737 1572 2.
783 1510 1066 1573 Notabile
1087 1526 1200 1591 pro
1227 1509 1609 1573 resolutione.
1631 1542 1714 1556 -
1735 1510 1866 1572 Duo
1903 1518 2049 1571 sunt
2090 1510 2158 1571 in

595 1605 715 1666 hac
756 1605 1018 1666 materia
1045 1604 1508 1683 distinguenda.
1553 1604 1832 1666 Alterum
1862 1612 1958 1666 est
1999 1605 2159 1666 desi-

597 1699 810 1777 gnatio
835 1714 1135 1777 personat,
1167 1698 1432 1758 alterum
1465 1696 1708 1759 collatio
1748 1699 2069 1778 potestatis
2097 1705 2160 1759 et

598 1790 917 1869 dignitatis
945 1809 960 1849 ε
993 1808 1130 1870 quae
1158 1789 1280 1849 duo
1321 1790 1628 1852 interdum
1665 1792 2155 1870 conjunguntur,

597 1894 669 1945 ut
694 1900 835 1944 cum
865 1883 1138 1944 Christus
1182 1884 1482 1944 Dominus
1509 1906 1834 1969 personam
1867 1888 2028 1948 Petri
2052 1891 2158 1951 de-

598 1988 869 2069 signavit
897 1995 958 2048 et
985 1986 1194 2065 elegit,
1235 1984 1446 2063 illique
1473 1991 1834 2064 potestatem
1859 1984 2153 2060 contulit;

597 2084 910 2146 interdum
957 2099 1105 2163 vero
1157 2086 1554 2160 separantur,
1599 2085 1671 2140 ut
1719 2097 1860 2139 cum
1907 2096 2017 2139 rex
2046 2077 2155 2139 ali·

597 2194 781 2257 quem
820 2176 888 2236 in
939 2175 1290 2255 episcopum
1319 2175 1623 2247 nominat,
1655 2190 1983 2254 personam
2020 2174 2159 2251 qni-

598 2270 741 2331 dem
784 2268 1090 2346 designat,
1127 2286 1254 2328 non
1301 2284 1444 2328 vero
1495 2266 1851 2346 impertitur
1887 2266 2156 2346 dignita-

598 2370 750 2437 tem,
780 2361 885 2423 sed
916 2360 1198 2422 Pontifex
1247 2360 1740 2421 nominationem
1771 2359 2011 2439 regiam
2049 2376 2155 2439 ap·

595 2455 934 2535 prebende,
967 2454 1332 2532 dignitatem
1365 2452 1621 2513 confert.
1667 2452 1801 2526 Quo
1845 2453 2069 2531 posito,

679 2550 739 2609 3.
784 2546 1005 2611 Prima
1039 2547 1312 2609 assertio.
1331 2578 1412 2591 —
1440 2544 1717 2627 Objoetio.
1751 2578 1834 2593 —
1859 2546 2007 2606 Dico
2032 2550 2159 2625 pri·

601 2662 737 2704 mo:
784 2639 1031 2721 quando
1074 2638 1354 2700 Pontifex
1386 2641 1678 2700 Summus
1705 2644 1968 2709 creatur,
2000 2641 2156 2699 elec·

596 2743 760 2799 tores
785 2752 1108 2815 personam
1133 2726 1483 2809 designant,
1516 2733 1682 2793 solus
1709 2739 1921 2793 autem
1960 2732 2160 2794 Chris·

595 2838 697 2893 tus
746 2828 1104 2891 immediate
1151 2826 1388 2887 confert
1437 2826 1801 2905 dignitatem
1843 2833 1908 2887 et
1960 2834 2160 2905 potes·

599 2931 815 2985 tatem.
845 2920 1164 2983 Conclusio
1185 2926 1276 2980 est
1293 2925 1482 2994 certa,
1506 2938 1582 2979 ex
1611 2918 1708 2979 his
1737 2938 1875 2999 quae
1907 2920 1975 2978 in
2002 2936 2158 2998 prae-

598 3017 836 3078 cedenti
865 3014 1133 3076 sectione
1173 3013 1332 3073 dicta
1362 3018 1506 3073 sunt
1530 3034 1548 3087 3
1579 3012 1696 3073 hoc
1728 3014 1897 3073 enim
1938 3013 2158 3075 volunt

599 3107 922 3181 Pontifices
950 3114 1012 3168 et
1053 3108 1284 3171 Patres.
1311 3124 1450 3166 cum
1479 3106 1886 3185 pronuntiant
1931 3106 2157 3166 Roma-

597 3222 752 3265 num
819 3200 1179 3264 Pontificem
1226 3199 1452 3261 habere
1504 3218 1540 3259 a
1597 3199 1839 3260 Christo
1895 3199 2157 3261 Domino

599 3300 985 3377 potestatem.
1032 3294 1184 3355 Item
1228 3295 1391 3373 Papa
1436 3292 1718 3353 Vicarius
1765 3302 1857 3353 est
1885 3292 2152 3368 Christi3

598 3391 758 3453 sicut
795 3406 943 3467 ergo
991 3405 1241 3467 pro-rex
1303 3386 1657 3446 immediate
1699 3385 1778 3447 ab
1826 3386 1959 3465 ipso
2014 3404 2159 3466 rege

595 3484 958 3553 instituitur,
982 3481 1069 3542 ita
1096 3489 1158 3541 et
1182 3482 1366 3560 Papa,
1399 3480 1508 3560 qui
1531 3486 1622 3541 est
1647 3480 1840 3542 veluti
1875 3496 1982 3557 pro
2004 3482 2159 3541 Pon-

596 3576 762 3638 tifice
805 3574 1074 3649 Christo,
1125 3573 1205 3634 ab
1246 3574 1382 3652 ipso
1425 3578 1689 3635 creatur.
1737 3574 2058 3650 Praeterea,
2104 3574 2156 3635 si

597 3668 868 3731 Ecclesia
918 3667 1220 3747 praeberet
1270 3665 1433 3728 hanc
1475 3672 1842 3745 potestatem
1873 3712 1894 3742 ,
1955 3674 2157 3745 1.osset

599 3762 772 3824 illam
791 3762 1061 3823 limitare
1086 3759 1186 3820 vel
1213 3776 1464 3839 augere,
1491 3759 1591 3820 vel
1613 3759 1865 3819 modum
1887 3759 1980 3820 illi
1998 3778 2158 3840 prae-

597 3855 861 3917 scribere
890 3899 910 3930 ,
966 3861 1038 3914 ut
1083 3852 1236 3914 solet
1283 3852 1562 3913 Pontifex
1593 3899 1606 3924 ‚
1643 3870 1786 3912 cum
1835 3852 2159 3933 Episcopos

598 3956 787 4011 creat.
822 3947 1094 4010 Tandem
1128 3952 1440 4007 ostensum
1473 3951 1566 4006 est
1599 3962 1806 4026 supra,
1841 3952 1902 4008 et
1954 3954 2158 4009 osten·

469 4094 478 4103 .
598 4042 781 4104 detur
818 4042 886 4102 in
928 4038 1355 4121 sequentihus,
1389 4038 1700 4099 Christum
1743 4056 1870 4100 non
1915 4040 2157 4103 dedisse

597 4135 758 4198 hanc
781 4142 1145 4215 potestatem
1173 4132 1289 4195 toti
1325 4130 1612 4194 Ecclesiae
1638 4155 1656 4208 ς
1689 4150 1838 4212 ergo
1863 4150 1981 4195 nec
2021 4134 2157 4214 ipsa

595 4234 798 4309 potest
830 4227 1000 4288 illam
1030 4228 1199 4288 dare.
1243 4226 1326 4288 De
1371 4226 1488 4287 hac
1529 4243 1715 4306 porro
1760 4227 2155 4289 conclusione

596 4321 842 4401 legatur
886 4322 1300 4395 Turrecrem.‚
1327 4318 1436 4379 lib.
1482 4320 1546 4395 2,
1575 4337 1710 4398 cap.
1757 4321 1882 4396 443
1918 4318 2156 4399 cajeta-

597 4433 736 4489 nus,
780 4411 1075 4493 opusculo
1107 4412 1310 4493 primo
1338 4411 1414 4473 de
1449 4411 1827 4475 Auctoritate
1867 4414 2073 4494 Papae,
2096 4432 2149 4476 c.

601 4510 702 4583 13,
731 4512 795 4569 et
836 4508 874 4567 2
921 4510 1081 4587 part.
1123 4504 1413 4585 Apolog.,
1443 4505 1628 4585 capit.
1667 4507 1793 4581 223
1835 4508 2153 4584 Turrian.,

600 4604 628 4661 1
665 4606 879 4662 contra
901 4599 1178 4675 Centur.,
1208 4598 1396 4679 capit.
1427 4599 1524 4659 48.
1543 4598 1755 4660 Solum
1785 4600 2153 4678 notandum,

601 4692 823 4756 Christi
859 4694 1104 4756 Domini
1131 4692 1586 4754 concessionem
1619 4737 1639 4768 ,
1693 4694 1979 4773 quamvis
2028 4712 2157 4757 res-

599 4794 780 4869 pectu
816 4787 1004 4866 hujus
1035 4786 1369 4865 designatoe
1411 4802 1686 4866 personoe
1727 4805 1889 4848 nova
1929 4788 2033 4863 sit,
2063 4792 2155 4848 at·

599 4888 806 4942 tamen
840 4898 912 4941 ex
944 4880 1135 4960 priori
1171 4880 1555 4942 concessione
1595 4878 1756 4940 facta
1807 4880 1985 4941 Petro
2036 4881 2157 4941 ori-

599 4974 807 5053 ginem
860 4972 1127 5048 habere,
1172 4978 1358 5051 atque
1401 4972 1587 5032 etiam
1632 4970 1946 5032 moraliter
1988 4990 2155 5033 eam·

599 5067 742 5127 dem
773 5084 901 5128 esse
930 5082 1071 5125 cum
1099 5063 1247 5140 illa3
1290 5071 1440 5125 tunc
1465 5066 1630 5126 enim
1660 5064 1868 5125 stabili
1907 5083 2157 5145 unaque

601 5161 919 5223 voluntate
952 5160 1169 5220 statuit
1204 5158 1478 5220 Christus
1525 5177 1664 5221 eam
1716 5160 1889 5221 Petro
1941 5176 2157 5221 conce-

683 5350 699 5383 ¹
745 5344 874 5406 Hoc
905 5344 982 5405 de
1021 5348 1389 5423 argumento
1409 5340 1688 5421 Majolus‚
1719 5345 1815 5417 12,
1840 5346 1878 5403 2
1903 5342 2153 5405 Dierum

594 5438 885 5516 caule-ul„
915 5436 1218 5516 colloquio
1243 5436 1322 5511 63
1355 5435 1560 5511 Azor.,
1586 5443 1740 5497 tom.
1766 5439 1827 5510 2,
1859 5436 1904 5497 l.
1935 5439 2018 5515 43
2050 5437 2154 5497 lsi-

594 5532 724 5595 dor.
763 5530 1124 5599 Mosconius„
1158 5529 1199 5590 l.
1234 5530 1263 5590 1
1292 5529 1368 5590 de
1401 5530 1660 5590 Roman.
1698 5528 1920 5591 Pontif.

1659 386 1897 440 msrur.
1934 388 1999 440 X.
2032 386 2115 439 DE
2146 386 2355 446 SUUUO
2388 394 2728 448 remmon.

2236 493 2403 568 dere,
2448 498 2513 554 et
2564 492 2855 554 omnibus
2910 493 3045 571 ejus
3100 492 3381 573 legitimis
3418 510 3717 570 successori.

2237 585 2377 663 bue,
2408 586 2473 647 id
2500 597 2615 661 est,
2646 586 2782 647 loco
2810 586 2978 647 illius
3005 586 3123 648 rite
3158 596 3220 649 et
3256 594 3525 657 canonice
3553 598 3719 663 electis

2238 696 2346 739 seu
2386 679 2756 757 designatis;
2802 696 2925 759 qua
2968 681 3165 759 posita
3199 682 3518 764 voluntate,
3550 708 3719 754 neces-

2239 772 2417 833 sitate
2440 772 2707 852 quadam
2740 773 3160 852 hypothetica,
3186 780 3628 844 communicatur
3648 788 3719 847 di-

2238 866 2441 941 gnitas
2484 866 2601 926 rite
2633 865 2847 927 electo.
2901 866 3113 927 Dices:
3162 870 3633 954 quandocumque
3669 881 3720 942 in

2236 958 2533 1020 electione
2582 958 2912 1037 cujuslibet
2950 948 3338 1040 magistratus
3362 965 3477 1025 duo
3498 967 3610 1045 illa,
3637 972 3719 1035 de-

2239 1051 2505 1131 signatio
2538 1052 2767 1113 scilicet
2807 1070 3110 1132 personae,
3150 1061 3212 1116 et
3244 1056 3474 1118 collatio
3508 1068 3723 1139 potesta.

2238 1145 2338 1215 tis,
2385 1144 2465 1204 ad
2506 1144 2775 1206 diversos
2814 1148 3123 1225 pertinent
3147 1195 3167 1225 ‚
3204 1150 3257 1209 is
3282 1150 3384 1231 qui
3416 1150 3723 1233 dignitatem

2241 1236 2501 1313 confert,
2528 1238 2630 1317 jus
2656 1237 2844 1300 habet
2884 1257 3011 1301 non
3058 1242 3407 1305 conferendi
3434 1246 3597 1309 talem
3622 1250 3724 1329 dig-

2240 1330 2523 1407 nitatem,
2557 1332 2608 1391 si
2648 1350 2909 1412 persona
2954 1334 3275 1413 designata
3304 1356 3425 1399 non
3450 1340 3523 1400 sit
3556 1342 3723 1423 digna,

2240 1441 2353 1484 nec
2394 1424 2593 1486 solum
2632 1426 2739 1504 jus
2770 1425 2978 1502 hahet,
3010 1428 3115 1489 sed
3149 1430 3451 1493 interdum
3495 1434 3570 1495 ita
3596 1436 3726 1515 facit,

2240 1532 2312 1575 ac
2340 1518 2675 1595 praesertim
2704 1518 2983 1580 Pontifex
3023 1520 3089 1582 in
3130 1522 3575 1589 confirmatione
3598 1530 3730 1609 Epis-

2239 1626 2579 1688 coporum3
2624 1610 2791 1672 idem
2838 1628 2983 1691 ergo
3024 1613 3211 1675 faciet
3264 1614 3521 1680 Clu-istus
3566 1621 3731 1683 Domi-

2238 1720 2357 1762 nus
2403 1703 2471 1763 in
2522 1703 2817 1765 electione
2860 1706 3221 1781 Pontificis;
3259 1727 3401 1789 ergo
3446 1730 3569 1773 cum
3606 1732 3732 1776 nun-

2238 1812 2424 1875 quam
2460 1803 2697 1857 constet
2742 1816 2823 1858 an
2866 1816 3123 1877 persona
3172 1802 3363 1880 digna
3389 1804 3464 1865 sit
3502 1812 3558 1865 et
3598 1810 3732 1871 suffi-

2238 1890 2405 1949 ciens
2434 1890 2509 1949 ad
2542 1889 2695 1951 illud
2729 1892 3170 1969 ministerium,
3208 1895 3259 1955 si
3288 1912 3364 1956 ex
3393 1897 3451 1955 vi
3476 1897 3733 1962 electionis

2237 1980 2529 2043 humanat
2558 2001 2683 2044 non
2712 1983 2901 2047 habet
2923 1992 3312 2065 potestatem,
3344 1989 3443 2051 sed
3464 2000 3735 2071 expectan-

2240 2075 2320 2135 da
2368 2077 2625 2137 omnino
2670 2082 2759 2138 est
2787 2077 3009 2139 Christi
3054 2078 3303 2143 collatio
3330 2088 3392 2143 et
3426 2083 3595 2144 veluti
3624 2104 3735 2146 con-

2240 2166 2511 2229 firmatio
2532 2214 2553 2245 ,
2596 2187 2923 2249 nunquam
2970 2172 3115 2233 satis
3156 2174 3457 2235 constabit
3496 2194 3567 2238 an
3611 2180 3737 2260 Papa

2240 2261 2490 2337 electus,
2526 2281 2708 2325 verus
2736 2264 2818 2324 sit
2843 2266 3029 2345 Papa.

2318 2357 2378 2415 4.
2425 2358 2710 2421 Ero-oneo
2750 2362 3143 2440 quorumdam
3184 2364 3505 2444 responsio.
3524 2398 3597 2412 —
3611 2364 3739 2429 Alio-

2235 2466 2375 2511 rum
2413 2466 2604 2512 error.
2647 2484 2728 2497 —
2774 2452 3154 2530 Refutantwr
3208 2458 3464 2538 utrique.
3504 2492 3575 2504 -—-
3624 2460 3739 2524 Vera

2236 2546 2566 2623 responsio.
2602 2578 2683 2589 —-
2730 2546 3091 2625 Respondeo
3164 2556 3482 2629 propterea
3554 2570 3739 2613 errasse

2234 2635 2530 2713 quosdam
2556 2636 2897 2713 haeretic-m,
2930 2639 3207 2703 dicentes
3233 2643 3487 2703 electum
3508 2662 3618 2705 non
3638 2645 3741 2704 fieri

2240 2746 2456 2789 verum
2480 2729 2733 2810 Papam,
2755 2733 2877 2792 nisi
2904 2734 2983 2794 sit
3000 2736 3097 2795 vir
3116 2736 3369 2814 probus.
3398 2736 3741 2799 Confirmant·

2237 2838 2383 2899 que,
2402 2823 2549 2901 quia
2570 2825 2742 2902 prius
2769 2826 3181 2905 interrogavit.
3204 2830 3479 2891 Christus
3504 2832 3741 2891 Dominus

2240 2914 2490 2976 Petrum
2526 2934 2606 2977 au
2636 2936 2701 2978 se
2724 2918 3032 2999 diligeret.
3061 2923 3193 2982 Imo
3224 2924 3509 2984 dixerunt
3534 2923 3625 2985 alii
3646 2942 3739 2983 non

2237 3004 2369 3068 fore
2422 3026 2641 3071 verum
2689 3013 2941 3093 Papam,
2974 3016 3095 3075 nisi
3130 3017 3636 3097 praedestinatum,
3666 3036 3740 3079 ea·

2238 3100 2505 3181 demque
2530 3104 2771 3167 ratione
2788 3107 3013 3169 addere
3028 3116 3283 3189 possent
3297 3130 3507 3172 verum
3522 3130 3629 3172 non
3642 3128 3734 3173 esse

2235 3194 2359 3255 nisi
2386 3196 2469 3257 sit
2490 3196 2741 3273 doctus,
2788 3205 2851 3260 et
2895 3200 3121 3265 habeat
3152 3210 3378 3265 caetera
3414 3205 3607 3265 omnia
3635 3220 3731 3283 qne

2238 3290 2581 3351 necessaria
2602 3298 2746 3351 sunt
2796 3292 2886 3353 illi
2945 3298 3211 3358 muneri.
3254 3298 3372 3358 Sed
3414 3298 3635 3359 haeresis
3668 3304 3735 3357 est

2240 3380 2533 3443 damnata
2550 3384 2613 3443 in
2630 3385 2901 3447 Concilio
2912 3387 3395 3466 Constautiensi,
3412 3397 3473 3452 et
3488 3392 3548 3451 in
3568 3408 3741 3471 genere

2238 3482 2453 3537 contra
2474 3476 2648 3538 illam
2688 3478 3037 3561 disputatur
3075 3482 3143 3543 in
3188 3486 3454 3546 materia
3480 3485 3551 3546 de
3580 3486 3743 3545 Sacra-

2236 3570 2465 3630 mentis
2490 3570 2655 3632 etde
2692 3571 2989 3648 clavibuS‚
3022 3580 3085 3635 et
3114 3574 3293 3638 alibi.
3326 3578 3530 3658 itaque
3554 3584 3745 3639 certum

2236 3668 2351 3736 est,
2383 3669 2455 3723 ut
2476 3664 2638 3725 Deus
2664 3667 2937 3729 conferat
2959 3668 3379 3734 infallibiliter
3416 3672 3565 3733 hanc
3584 3671 3745 3748 digni-

2238 3762 2427 3819 tatem
2454 3805 2467 3828 ‚
2532 3758 2691 3821 nihil
2726 3761 2899 3821 aliud
2952 3763 3185 3843 requiri
3236 3782 3429 3844 quam
3475 3782 3745 3845 personam

2239 3848 2602 3931 simpliciter
2663 3870 2949 3933 capacem
3013 3855 3149 3935 ejus
3202 3856 3481 3936 legitime
3538 3856 3747 3919 electam

2237 3940 2470 4019 fuisse,
2521 3944 2650 4007 sive
2702 3946 2894 4026 digna
2942 3948 3067 4025 sit,
3128 3948 3260 4012 sive
3304 3950 3588 4031 indigna3
3633 3967 3745 4010 nam

2236 4035 2396 4096 Deus
2448 4036 2530 4097 ob
2574 4039 2779 4118 majus
2826 4041 3110 4102 Ecclesiae
3154 4041 3397 4104 bonum
3447 4044 3531 4103 ita
3576 4040 3748 4102 statuit

2236 4134 2422 4209 atque
2454 4132 2800 4211 exequitur,
2846 4134 2997 4213 quia
3024 4134 3221 4197 multo
3260 4142 3419 4198 esset
3456 4136 3638 4214 majus
3666 4134 3750 4193 Ec-

2236 4220 2433 4283 clesioe
2462 4222 2926 4286 incommodum
2969 4244 3179 4290 carere
3228 4231 3454 4309 saepius
3500 4244 3631 4290 vero
3672 4244 3749 4287 ca-

2236 4314 2386 4393 pite,
2418 4332 2784 4398 semperque
2824 4336 3000 4400 possc
3033 4320 3327 4384 dubitare
3359 4323 3435 4385 de
3462 4321 3749 4401 illo‚quam

2234 4406 2466 4471 habere
2506 4412 2821 4473 interdum
2849 4410 3197 4477 infirmum.
3232 4417 3447 4496 Neque
3477 4417 3539 4476 in
3561 4414 3660 4474 hoc
3680 4417 3752 4472 est

2236 4501 2454 4564 eadem
2490 4505 2650 4566 ratio
2677 4505 2755 4566 de
2788 4508 2915 4567 Deo
2952 4512 3015 4567 et
3047 4505 3411 4570 hominibus
3428 4524 3449 4588 3
3485 4514 3607 4569 tum
3637 4504 3751 4585 quia

2236 4594 2425 4657 homo
2451 4604 2545 4658 est
2588 4604 2832 4660 tantum
2876 4599 3281 4680 dispensator,
3312 4602 3472 4663 Deus
3498 4618 3630 4661 vero
3668 4600 3754 4659 do·

2236 4690 2445 4751 minus
2473 4706 2494 4769 ;
2532 4696 2665 4753 tum
2706 4692 2897 4754 etiam
2953 4694 3101 4774 quia
3140 4700 3311 4755 certo
3368 4702 3632 4756 constare
3668 4710 3754 4773 po-

2236 4787 2378 4858 test,
2405 4784 2737 4863 quandone
2772 4786 2960 4848 homo
3004 4785 3335 4849 confirmat
3380 4787 3753 4869 proesentatio-
3805 4776 3806 4795 ³

2235 4892 2409 4953 nem,
2448 4878 2515 4937 in
2564 4879 2685 4939 Deo
2713 4884 2921 4940 autem
2951 4886 3232 4941 constare
3261 4898 3391 4941 non
3428 4886 3619 4961 posset
3641 4876 3751 4939 abs-

2236 4986 2357 5047 que
2402 4970 2650 5049 speciali
2678 4972 3074 5048 revelatione,
3106 4990 3296 5052 quam
3348 4990 3473 5035 non
3524 4970 3753 5052 oportuit

2229 5060 2447 5140 jugem
2489 5082 2619 5125 esse
2664 5064 2730 5125 in
2768 5064 3035 5127 Ecclesia
3065 5088 3085 5142 3
3130 5072 3267 5127 tum
3320 5064 3585 5146 denique
3632 5062 3751 5143 quia

2236 5153 2425 5216 homo
2470 5157 2685 5236 nequit
2748 5158 3247 5220 insufficientiam
3290 5158 3543 5221 alterius
3584 5154 3749 5216 homi·
3803 5226 3804 5229 Ἴ

2238 5248 2335 5307 nis
2378 5248 2553 5310 electi
2586 5250 2869 5329 supplere
2906 5252 3101 5313 instar
3148 5252 3255 5312 Dei
3279 5298 3301 5328 ,
3350 5252 3459 5332 qui
3504 5268 3607 5331 per
3640 5264 3753 5328 pra·

2232 5357 2381 5400 vum
2432 5341 2527 5403 vel
2556 5342 2874 5405 indoctum
2927 5344 3283 5405 Pontificem
3323 5351 3539 5424 potest,
3580 5343 3625 5402 si
3668 5354 3753 5398 ve-

2234 5432 2327 5508 lit,
2372 5452 2545 5514 mque
2592 5435 2749 5497 hene
2801 5438 3122 5517 providere
3174 5436 3457 5499 Ecclesia
3484 5482 3504 5511 ,
3552 5452 3621 5497 ae
3664 5448 3753 5512 per

2234 5529 2425 5588 alium
2459 5532 2917 5610 quantumlibet
2960 5532 3209 5593 dotibus
3250 5544 3561 5594 ornatum.
3594 5530 3753 5588 Porro
