3900 6217
684 367 856 419 SECT.
889 367 971 419 vl.
1008 367 1092 420 AN
1121 367 1286 420 PAPA
1317 366 1518 421 snm-:L
1547 368 1858 423 Exismus
1889 368 2054 421 PAPA
2084 366 2483 431 NEOESSAmo,
2519 368 2651 421 mm
2682 368 2872 433 VWIT,
2908 369 3044 423 ETc.

237 462 430 538 tolus,
459 462 569 538 24,
591 480 658 544 q.
691 464 754 539 3,
785 462 1118 543 colligique
1145 470 1344 543 potest
1367 484 1444 526 ex
1471 465 1632 527 facto
1659 467 1818 529 Mar·

235 557 476 629 cellini,
527 558 714 637 capit.
763 558 952 621 Nunc
1003 563 1224 632 autom,
1273 558 1670 621 distinctione
1713 562 1816 639 21,

233 651 348 713 ubi
373 650 592 713 Glossa
632 652 884 713 assentit
895 668 916 729 ;
941 658 1004 713 et
1031 653 1214 733 capit.
1245 652 1325 716 Si
1347 654 1552 736 Papa,
1575 655 1820 718 distinc-

233 746 414 807 tione
439 748 549 822 ⁴0,
575 744 688 806 ubi
716 746 1064 807 Canonistae
1087 746 1150 806 id
1175 747 1533 826 opinantur,
1559 754 1623 810 et
1651 748 1817 811 vide-

231 844 342 899 tur
365 838 558 919 plane
583 856 730 900 vera
749 840 1080 915 sententia,
1105 840 1412 920 praecipue
1435 859 1578 903 cum
1608 842 1816 904 mode·-

231 932 488 993 ramine
528 931 832 1011 Cajetani,
873 931 1364 1009 admonendum,
1395 934 1646 1009 scilicet,
1686 954 1816 997 esse

231 1020 616 1087 haereticum'
660 1027 888 1104 Papam
931 1025 1124 1087 semel
1171 1044 1244 1087 ac
1287 1028 1540 1103 iterum,
1572 1028 1816 1106 resipis·

231 1126 630 1199 centemque·
669 1136 798 1179 non
841 1136 974 1180 esse
1017 1118 1458 1198 deponendum
1473 1136 1495 1198 3
1543 1120 1708 1200 quod
1759 1120 1814 1183 si

229 1212 518 1273 nimium
529 1212 743 1274 'fuerit
781 1218 1142 1287 contumax,
1175 1213 1278 1275 vel
1316 1220 1482 1275 certe
1509 1213 1809 1293 relapsuS,

231 1305 616 1368 crediderim
659 1322 836 1385 posse
865 1298 944 1367 ⁴et
987 1305 1212 1368 dehere
1255 1306 1519 1387 deponi,
1570 1308 1815 1369 etiamsi

229 1417 482 1461 errores
537 1400 808 1477 corrigat
833 1444 854 1475 ,
910 1405 973 1460 et
1025 1400 1549 1479 perseverantiam
1602 1403 1808 1479 juret,

231 1494 420 1571 juxta
437 1492 510 1553 id
537 1492 756 1572 primic
779 1492 862 1553 ad
886 1493 1158 1555 Timoth.
1181 1493 1366 1553 tertio
1391 1515 1406 1553 ε
1436 1492 1813 1557 Haereticam

234 1587 540 1648 hominem
553 1591 698 1667 post
710 1587 977 1667 primam
1003 1592 1062 1651 et
1088 1587 1406 1650 secumdam
1429 1588 1813 1651 monitionem

235 1678 440 1744 devita
463 1707 488 1742 .·
517 1682 670 1757 imo,
713 1682 802 1743 ait
843 1681 1225 1757 sambatius,
1261 1681 1422 1742 libro
1469 1688 1692 1743 octavo
1737 1682 1815 1744 de

235 1772 544 1849 Concilio,
581 1775 844 1835 articulo
873 1773 1163 1849 secundo,
1189 1774 1440 1853 planam
1481 1792 1610 1837 esse
1641 1792 1813 1837 men-

235 1874 364 1927 tem
393 1867 898 1943 canonistarum,
919 1868 1036 1929 hoc
1064 1866 1394 1947 procedere
1421 1867 1672 1947 quando
1705 1869 1813 1928 Pa-

237 1978 316 2039 pa
363 1961 594 2023 incidit
637 1961 708 2022 in
747 1960 1028 2023 haeresim
1075 1961 1358 2023 nondum
1409 1961 1490 2023 ab
1541 1960 1814 2023 Ecclesia

237 2060 452 2133 aperte
505 2053 864 2116 damnatam
887 2098 908 2129 ,
962 2054 1552 2135 animadversusque
1599 2055 1812 2116 statim

235 2147 546 2227 resipiscit
555 2163 578 2225 ;
601 2147 764 2227 quod
791 2148 846 2207 si
869 2154 1182 2209 erraverat
1201 2149 1648 2209 contumaciter
1669 2166 1814 2210 cou-

237 2245 334 2301 tra
359 2241 698 2327 veritatem
724 2242 854 2320 jam
881 2246 1092 2320 aperte
1113 2240 1434 2302 definitam
1439 2287 1460 2317 ,
1487 2241 1648 2303 nihil
1681 2260 1812 2303 esse

237 2334 734 2413 expectandum,
789 2334 896 2395 sed
943 2334 1110 2395 illico
1158 2334 1628 2415 deponendum;
1673 2342 1810 2397 tum

234 2427 386 2505 quia
413 2426 470 2487 is
493 2428 628 2506 jam
651 2432 935 2487 censetur
961 2427 1151 2489 semel
1179 2446 1250 2489 ac
1279 2427 1503 2489 millies
1527 2428 1811 2490 admoni-

235 2526 362 2594 tus,
389 2538 600 2600 neque
631 2526 840 2599 postea
867 2521 1186 2600 urgendus
1211 2522 1330 2583 erit
1355 2522 1576 2601 maJori
1601 2529 1810 2583 aucto-

234 2612 446 2688 ritate,
477 2632 672 2693 quam
697 2614 780 2675 sit
799 2632 876 2676 ea
899 2632 938 2675 a
955 2632 1082 2693 qua
1107 2614 1476 2688 desciverat3
1503 2620 1637 2675 tum
1663 2614 1811 2694 quia

235 2724 484 2787 semper
528 2708 766 2786 grande
813 2708 1102 2769 imminet
1141 2708 1508 2787 periculum,
1535 2726 1616 2770 ne
1645 2707 1812 2769 illius

235 2801 560 2862 conversio
583 2800 730 2862 ficta
755 2802 856 2862 sit.
887 2801 1036 2875 Quae
1075 2807 1240 2863 certe
1271 2801 1483 2863 omnia
1522 2802 1813 2881 probabi-

239 2893 378 2955 liter
400 2894 578 2975 dieta
603 2901 748 2956 sunt
760 2911 781 2972 ;
807 2894 1150 2974 procedunt
1173 2902 1386 2957 tamen
1410 2894 1811 2975 supponendo

251 3005 458 3049 verum
509 2988 870 3051 Pontificem
903 3007 1078 3069 posse
1109 2988 1378 3051 incidere
1401 2990 1467 3049 in
1495 2988 1805 3052 haeresim.

247 3082 408 3157 Quod
427 3081 582 3143 licet
599 3083 784 3144 multi
805 3082 1226 3145 verisimiliter
1249 3082 1560 3145 affirment
1583 3086 1600 3121 ¹
1609 3127 1630 3158 ,
1653 3080 1812 3142 mihi

241 3182 448 3237 tamen
484 3174 757 3237 breviter
781 3182 845 3237 et
885 3177 1086 3256 magis
1125 3176 1300 3255 pium
1327 3182 1392 3237 et
1431 3175 1814 3255 probabilius

239 3269 509 3344 videtur,
565 3286 740 3348 posse
785 3270 1038 3349 quidem
1088 3270 1342 3349 Papam,
1390 3276 1460 3329 ut
1503 3269 1810 3348 privatam

239 3380 594 3443 personam,
639 3382 847 3425 errare
889 3382 968 3425 ex
1011 3365 1388 3444 ignorantia,
1427 3381 1553 3424 non
1597 3370 1810 3425 tamen

239 3474 316 3517 ex
361 3458 782 3520 contumacia.
825 3458 1120 3533 Quamvis
1148 3460 1318 3521 enim
1363 3458 1606 3519 efficere
1649 3459 1810 3519 Deus

241 3551 432 3629 possit
455 3557 534 3613 ut
559 3550 886 3613 haereticus
917 3553 1078 3631 Papa
1109 3570 1237 3613 non
1262 3557 1480 3613 noceat
1501 3551 1806 3626 Ecclesiae,

241 3644 492 3705 suavior
515 3651 726 3707 tamen
752 3646 972 3706 modus
999 3644 1227 3707 divinis
1260 3644 1664 3724 providentiae
1691 3649 1806 3721 est,

241 3744 334 3813 ut,
376 3736 529 3817 quia
591 3739 752 3799 Dens
802 3738 1084 3818 promisit
1127 3738 1356 3819 Papam
1409 3737 1810 3799 definientem

245 3846 570 3909 nunqnam
607 3838 989 3908 errattirum,
1019 3840 1466 3913 consequenter
1491 3830 1815 3910 provideat

245 3940 322 3983 ne
363 3940 652 4004 unquam
701 3924 806 3987 ille
857 3925 1187 3987 haereticus
1237 3927 1336 3986 sit.
1387 3924 1590 4000 Adde,
1645 3922 1812 4004 quod

245 4016 541 4079 hactenus
583 4019 652 4079 in
697 4016 965 4081 Ecclesia
1005 4036 1328 4099 nunquam
1373 4018 1621 4093 accidit,
1670 4036 1812 4079 cen-

245 4110 506 4171 sendum
533 4126 614 4173 ex
639 4112 746 4173 Dei
775 4111 1164 4173 ordinatione
1193 4117 1256 4172 et
1295 4111 1684 4191 providentia
1711 4128 1812 4172 ac-

245 4204 450 4265 cidere
479 4222 610 4266 non
652 4222 848 4285 posse.
895 4204 1050 4267 Vide
1099 4205 1412 4284 Pighium,
1442 4205 1486 4265 l.
1535 4206 1578 4265 4
1604 4203 1812 4266 Eccle-

243 4299 502 4359 siasticae
535 4298 930 4375 Hierarchiae,
960 4318 1018 4361 c.
1051 4301 1124 4377 83
1147 4299 1484 4376 Simancas,
1531 4299 1596 4359 in
1630 4299 1810 4361 Insti-

241 4392 589 4455 tutionibus
635 4393 974 4467 catholicis,
1023 4394 1208 4455 titulo
1255 4393 1643 4469 duodecimo,
1695 4412 1812 4455 nu·

243 4504 416 4549 mero
457 4488 705 4550 decimo
743 4494 987 4568 quarto.
1023 4488 1100 4549 Et
1143 4486 1312 4549 idem
1342 4488 1812 4550 incommodum

241 4587 626 4660 sequeretur,
673 4582 726 4641 si
775 4580 1050 4641 occultus
1099 4580 1424 4643 hoereticus
1469 4582 1536 4641 in
1581 4581 1812 4661 Papam

243 4674 536 4754 eligatur,
557 4674 722 4753 quod
745 4674 958 4737 nullus
979 4692 1163 4755 quem
1187 4676 1450 4737 viderim
1477 4680 1666 4754 negat
1685 4692 1814 4737 esse

241 4766 562 4847 possibile3
604 4768 656 4828 si
687 4786 835 4847 ergo
862 4768 986 4831 tale
1013 4768 1163 4849 quid
1205 4768 1524 4844 accideret,
1567 4786 1696 4829 non
1719 4770 1813 4829 vi-

241 4860 424 4921 detur
453 4858 868 4921 dubitandum
898 4880 1072 4942 posse
1105 4861 1414 4941 ejusmodi
1451 4860 1814 4924 Pontificem

241 4969 386 5013 cum
432 4970 549 5013 sua
591 4952 816 5015 haeresi
859 4972 1276 5035 perseverare.
1313 4954 1622 5034 Quidquid
1667 4972 1815 5018 vero

239 5046 319 5106 sit
373 5046 458 5107 de
513 5044 618 5106 his
658 5046 924 5124 casibus,
970 5046 1348 5109 credendum
1406 5048 1665 5109 omnino
1723 5054 1816 5109 est

239 5138 436 5201 Deum
475 5156 804 5220 nunqnam
845 5142 1290 5220 permissurum
1318 5146 1389 5201 nt
1429 5140 1698 5203 Ecclesia
1735 5142 1815 5203 sd

239 5250 340 5293 eas
363 5234 696 5313 angustias
715 5232 1026 5308 deveniat,
1049 5252 1206 5315 quas
1229 5233 1419 5295 dubia
1443 5252 1632 5315 supra
1654 5240 1816 5297 tacta

321 5422 338 5455 ¹
383 5416 548 5478 Vide
583 5416 840 5493 Bellar„
871 5415 914 5478 l.
945 5418 985 5480 4
1026 5416 1102 5479 de
1136 5418 1394 5479 Summo
1423 5417 1737 5495 Pontifice,
1778 5436 1817 5480 a

237 5527 292 5569 c.
327 5512 392 5570 ’1.

3343 368 3463 429 319

1899 472 2295 546 supponunt3
2338 484 2487 527 nam
2532 466 2587 527 si
2630 465 2771 527 talis
2819 466 3128 547 quispiam
3179 468 3465 530 Pontifex

1899 558 2201 637 inciperet
2244 558 2577 620 Ecclesiam
2623 559 3078 635 administrare,
3132 560 3233 621 vel
3283 560 3463 623 illum

1897 652 2057 713 Deus
2098 651 2423 713 confestim
2472 651 2549 713 de
2600 652 2807 713 medio
2847 652 3115 729 tolleret,
3156 652 3258 715 vel
3298 660 3462 716 certe

1897 745 2251 824 provideret
2277 764 2403 825 qua
2444 746 2685 807 ratione
2728 752 2976 807 tantum
3020 746 3255 807 malum
3287 746 3463 808 brevi

1897 838 2390 915 extingueretur,
2414 845 2485 899 ut
2511 839 2578 899 in
2606 838 2845 900 casibus
2871 840 3077 901 minus
3096 839 3463 918 urgentibus

1895 931 2179 992 videmus
2208 931 2505 991 hactenus
2532 949 2776 1011 semper
2800 908 3035 995 fecisse.

1981 1026 2079 1085 12.
2106 1024 2393 1099 Quintum
2414 1026 2675 1087 dubim.
2682 1027 2854 1087 —Ex
2876 1025 3101 1106 quibus
3125 1028 3253 1106 jam
3282 1045 3464 1108 expe-

1891 1117 2154 1180 diuntur
2212 1119 2333 1179 duo
2390 1119 2513 1179 alia
2572 1137 2711 1199 quae
2774 1120 3181 1181 occurrebant
3245 1120 3457 1183 dubia.

1893 1210 2193 1284 Quintum
2244 1217 2397 1287 erat,
2440 1212 2493 1272 si
2542 1214 2707 1292 Papa
2754 1213 3049 1274 innocens
3096 1214 3462 1295 probaretur

1890 1301 2240 1378 haereticus,
2271 1322 2424 1364 num
2458 1314 2659 1384 posset
2689 1305 2955 1385 deponi3
2984 1312 3169 1385 atque
3196 1306 3249 1367 si
3277 1305 3464 1386 depo-

1893 1402 2169 1468 neretur,
2192 1413 2277 1457 an
2304 1402 2543 1458 teneret
2570 1397 2825 1458 factum.
2854 1399 3063 1459 Primo
3091 1416 3238 1478 ergo
3266 1416 3463 1477 nega-

1891 1506 2031 1551 rem
2056 1489 2247 1551 talem
2276 1508 2491 1551 casum
2530 1509 2663 1553 esse
2698 1491 3073 1571 possibilem,
3104 1510 3232 1553 non
3260 1492 3462 1555 solum

1894 1583 2041 1663 quia
2090 1584 2356 1663 Spiritus
2406 1585 2661 1646 Sanctus
2712 1603 2839 1646 non
2894 1586 3281 1665 permitteret
3328 1604 3464 1649 rem

1893 1680 2051 1739 adeo
2098 1678 2509 1757 perniciosam
2548 1680 2853 1741 universae
2900 1680 3203 1755 Ecclesiae,
3244 1699 3463 1743 verum

1895 1770 2084 1831 etiam
2104 1771 2254 1850 quia
2276 1789 2401 1833 non
2432 1778 2633 1851 posset
2659 1773 2943 1835 Pontifex
2964 1774 3212 1853 probari
3238 1792 3464 1836 nocens

1885 1864 2155 1941 juridice
2177 1907 2198 1938 ,
2235 1865 2357 1925 nisi
2406 1871 2545 1945 post
2595 1866 2948 1945 legitimum
2992 1868 3337 1929 Concilium
3382 1867 3464 1929 ad

1889 1974 2033 2017 eam
2076 1975 2323 2018 causam
2351 1966 2831 2037 congregatum3
2860 1977 2989 2021 non
3022 1968 3225 2040 posset
3249 1968 3462 2023 autem

1891 2051 2255 2129 congregari
2287 2050 2587 2129 legitime,
2628 2053 2749 2112 nisi
2792 2058 3119 2133 postquam
3158 2054 3464 2134 inciperet

1891 2160 2023 2203 esse
2070 2144 2390 2206 notorium
2442 2162 2515 2205 ac
2566 2146 2715 2205 satis
2770 2146 3169 2208 manifestum
3224 2148 3461 2209 crimen

1893 2235 2237 2311 Pontificis;
2267 2236 2515 2299 difficile
2538 2243 2748 2299 autem
2776 2240 3011 2301 creditu
3030 2246 3207 2315 esset,
3234 2238 3459 2301 falsum

1889 2328 2151 2404 crimen,
2197 2330 2487 2410 quodque
2518 2349 2845 2411 nunquam
2874 2334 3003 2412 ipse
3048 2333 3295 2413 publice
3364 2352 3464 2395 ro-

1887 2421 2084 2483 fessus
2134 2430 2249 2498 est,
2300 2442 2429 2485 esse
2484 2440 2659 2503 posse
2704 2425 2995 2487 omnibus
3040 2426 3323 2487 existima
3350 2444 3463 2488 um

1889 2516 2161 2579 evidens.
2216 2518 2498 2580 Secundo
2522 2564 2541 2594 ,
2590 2520 2979 2582 admittendo
3030 2538 3241 2582 casum
3263 2565 3284 2596 ,
3334 2539 3464 2583 non

1891 2617 2094 2689 posset
2132 2612 2201 2672 in
2242 2612 2349 2672 illo
2397 2612 2679 2674 deveniri
2718 2612 2797 2675 ad
2833 2615 3061 2694 justam
3091 2614 3463 2677 sententiam

1888 2704 2311 2784 depositionis,
2354 2706 2502 2785 quia
2538 2707 2591 2767 si
2626 2707 2758 2786 ipse
2787 2708 3085 2771 innocens
3124 2716 3237 2785 est,
3276 2708 3463 2771 facile

1891 2798 2204 2875 abjurabit
2244 2816 2495 2860 omnem
2536 2799 2848 2877 haeresim,
2881 2808 2943 2863 et
2972 2801 3464 2881 probabilissima

1891 2891 2109 2951 saltem
2162 2892 2341 2971 signa
2390 2910 2519 2953 suae
2570 2892 2941 2955 innocentiae
2988 2894 3268 2955 ostendet
3284 2910 3305 2971 ;
3353 2894 3463 2973 qui

1891 2990 2109 3047 autem
2149 2986 2239 3046 ita
2278 3003 2343 3046 se
2372 2991 2567 3063 geret,
2596 3004 2725 3045 non
2765 2988 2994 3065 poterit
3013 2989 3179 3066 juste
3206 2987 3459 3067 deponi,

1889 3087 1963 3139 ut
1990 3078 2287 3140 diximus.
2312 3078 2485 3152 Quod
2514 3079 2567 3139 si
2594 3078 2849 3140 tandem
2883 3079 3159 3158 fingatur
3186 3098 3361 3141 casus
3392 3080 3463 3143 in

1891 3190 2015 3252 quo
2056 3173 2219 3250 juste
2252 3173 2446 3251 possit
2485 3171 2573 3233 ita
2598 3171 2907 3249 damnari,
2954 3180 3027 3234 ut
3064 3175 3121 3235 si
3148 3174 3317 3235 falsis
3342 3176 3458 3235 eri-

1889 3265 2335 3327 minationibus
2378 3272 2789 3333 accusaretnr,
2835 3266 3325 3348 probareturque
3364 3286 3460 3330 re-

1889 3358 2123 3439 lapsus,
2168 3358 2503 3419 dicendum
2534 3358 2602 3419 in
2632 3377 2707 3419 eo
2746 3378 2893 3420 casu
2920 3360 3125 3439 ipsum
3150 3362 3353 3422 teneri
3376 3363 3458 3424 ad

1889 3451 2307 3513 obediendum
2328 3496 2349 3527 ,
2392 3458 2455 3512 et
2498 3458 2751 3531 propter
2804 3452 3069 3515 dubium
3117 3455 3282 3534 quod
3328 3474 3461 3518 esse

1891 3552 2093 3626 posset
2122 3546 2189 3608 in
2216 3545 2483 3607 Ecclesia
2510 3546 2587 3608 de
2615 3564 2763 3609 vero
2792 3555 3058 3627 pastore,
3088 3548 3351 3627 obligari
3380 3550 3461 3611 ad

1890 3639 2380 3701 renuntiandum
2406 3648 2647 3719 sponte,
2684 3646 2756 3700 ut
2792 3642 3139 3701 maximum
3180 3642 3461 3704 Ecclesiae

1890 3732 2193 3793 damnum
2238 3735 2529 3795 evitetur.
2579 3733 2753 3807 Quod
2800 3734 2853 3794 si
2897 3734 3055 3795 forte
3101 3738 3461 3798 renuntiare

1892 3824 2212 3901 detrectet,
2240 3824 2607 3887 crediderim
2636 3844 2889 3889 manere
2915 3844 3061 3889 vere
3086 3826 3457 3908 depositum,

1893 3919 2041 3997 quia
2066 3920 2375 3981 sententia
2400 3926 2495 3981 est
2522 3920 2887 3999 simpliciter
2908 3920 3099 3999 justa,
3128 3939 3329 4001 neque
3354 3942 3463 4003 po·

1891 4018 2013 4073 test
2038 4012 2165 4073 alio
2194 4013 2379 4075 modo
2416 4012 2701 4075 Ecclesiae
2742 4013 3118 4076 sufficienter
3144 4014 3462 4077 subveniri

1893 4106 2079 4185 (Vide
2116 4112 2269 4169 tom.
2300 4107 2379 4169 de
2406 4108 2693 4184 Censen,
2722 4107 3019 4188 disputat.
3058 4110 3124 4185 4,
3152 4115 3299 4171 sect.
3332 4112 3391 4186 7,
3422 4126 3462 4171 a

1893 4216 1960 4261 n.
1986 4200 2087 4279 8).

1978 4294 2073 4354 13.
2124 4290 2385 4357 Sextum
2424 4292 2664 4356 dubium
2703 4294 3095 4376 sepedum·
3082 4328 3163 4343 --
3192 4296 3460 4357 Sextum

1892 4386 2153 4448 dubium
2186 4392 2341 4461 erat,
2388 4386 2539 4466 quid
2584 4387 2653 4449 in
2682 4389 2971 4468 prasenti
3004 4390 3343 4469 qu‘oestione
3368 4388 3463 4450 di·-

1891 4478 2159 4541 cendum
2194 4480 2247 4541 si
2283 4481 2447 4560 Papa
2476 4481 2747 4542 exterius
2784 4488 3031 4559 tantum
3068 4488 3227 4543 esset
3263 4481 3463 4543 haere-

1889 4575 2075 4636 ticus.
2107 4574 2627 4654 Respondendum
2660 4575 2973 4640 breviter·
3015 4578 3068 4638 si
3114 4578 3179 4637 vi
3214 4582 3461 4639 coactus

1891 4665 2255 4729 idololatriis
2294 4674 2503 4729 actum
2546 4682 2853 4745 exerceat,
2902 4670 3003 4731 vel
3053 4670 3273 4731 hoeresi
3314 4670 3462 4731 sub-

1891 4762 2141 4835 scribat,
2173 4768 2509 4841 posteaque
2547 4762 2818 4824 fateatur
2854 4763 3124 4826 invitum
3166 4781 3233 4825 se
3272 4764 3339 4825 id
3374 4765 3463 4826 fe-

1891 4856 2067 4932 cisse,
2098 4873 2171 4917 ac
2196 4861 2383 4935 neget
2408 4874 2475 4917 se
2508 4857 2597 4917 ita
2624 4858 2884 4919 sensisse
2916 4857 3018 4920 vel
3043 4858 3247 4921 adhuc
3273 4860 3462 4921 senti-

1894 4968 1983 5026 re,
2022 4968 2151 5011 non
2185 4966 2363 5029 posse
2406 4968 2481 5011 eo
2527 4949 2597 5010 in
2637 4957 2867 5012 eventu
2908 4953 3307 5015 condemnari
3350 4958 3461 5015 aut

1894 5044 2146 5123 deponi,
2180 5049 2253 5104 ut
2298 5060 2377 5105 ex
2408 5043 2571 5105 facto
2614 5044 2957 5106 Marcellini
3000 5052 3239 5109 constat
3252 5062 3274 5125 3
3302 5053 3460 5107 atta-

1895 5154 2043 5199 men
2072 5138 2125 5199 si
2150 5137 2497 5199 voluntarie
2526 5136 2941 5214 deliberasset,
2964 5144 3029 5201 et
3054 5148 3351 5221 tanquam
3382 5157 3461 5201 ex

1894 5230 2147 5311 propria
2200 5230 2508 5292 sententia
2566 5231 2839 5292 exterius
2890 5232 3197 5311 professus
3244 5230 3461 5295 fuisset

1895 5325 2253 5385 haereticam
2274 5324 2644 5397 doctrinam,
2670 5324 2970 5404 quidquid
2999 5326 3081 5385 sit
3103 5325 3181 5387 de
3208 5325 3460 5387 interio-

1894 5419 1950 5480 ri
1994 5418 2129 5497 eJus
2172 5416 2316 5492 fide,
2366 5417 2582 5478 eadem
2628 5417 2867 5479 ratione
2914 5424 2977 5479 et
3020 5417 3205 5478 modo
3244 5424 3460 5480 contra

1893 5528 2042 5573 eum
2094 5510 2340 5591 procedi
2394 5514 2629 5590 posset,
2684 5526 2809 5589 qua
2854 5514 3071 5571 contra
3118 5510 3461 5591 quemlibet
