3900 6217
893 352 1061 406 SECT.
1101 354 1159 406 V.
1193 353 1275 405 AN
1314 352 1436 407 CUM
1471 348 1853 405 PnAEcEPTuu
1886 348 2312 403 ELt-:EuosYNAE
2342 348 2625 411 onmem,
2662 348 2797 402 mc.

234 455 489 535 ptionis‚
522 454 670 534 quia
695 452 817 515 fuit
850 455 1039 533 justa,
1072 454 1202 515 sive
1232 453 1471 514 ratione
1514 453 1603 513 rei
1638 470 1806 512 acce-

234 554 381 628 ptae,
412 566 553 609 cum
582 564 707 607 nou
735 553 924 621 extet,
951 553 1015 608 et
1053 548 1184 607 sine
1223 546 1401 625 culpa
1443 550 1807 623 consumpta

241 643 341 701 sit.
360 642 592 715 Tertio,
620 638 869 720 quando
897 658 995 700 res
1022 658 1147 699 non
1178 644 1631 699 consumuntur
1662 654 1802 712 usu,

242 738 491 793 tenetur
530 734 668 812 quis
716 732 971 793 reddere
1018 731 1197 793 finito
1237 750 1376 807 usu,
1405 737 1591 809 atque
1618 731 1667 789 si
1712 746 1803 790 res

242 845 381 888 casu
424 826 631 906 periit,
675 844 801 885 non
844 830 1091 886 tenetur
1124 824 1379 885 reddere
1414 822 1749 902 quidquam
1776 866 1797 896 ,

240 919 427 979 etiam
454 936 561 998 pro
591 917 698 978 illo
727 936 867 991 usu,
898 917 949 977 si
976 935 1121 979 vere
1144 917 1301 979 nihil
1321 914 1587 977 habebat
1604 932 1803 993 quan-

236 1010 317 1070 do
334 1030 483 1071 usus
502 1018 626 1086 est3
659 1010 765 1071 sed
789 1013 853 1071 iu
877 1009 1059 1071 rebus
1078 1028 1194 1069 usu
1224 1008 1803 1087 consumptibilibus

238 1122 360 1164 non
394 1103 559 1165 valet
588 1102 725 1181 plus
760 1121 859 1163 res
884 1120 1075 1183 quam
1124 1102 1259 1181 ejus
1290 1120 1439 1162 usus
1458 1118 1477 1178 ;
1516 1118 1665 1179 ergo
1710 1100 1805 1161 in·

236 1202 503 1257 tentum.
532 1186 833 1267 Tandem,
872 1197 1019 1275 quia
1062 1196 1159 1257 vel
1204 1215 1314 1275 per
1348 1195 1511 1255 hanc
1540 1194 1807 1254 subven-

238 1292 473 1351 tionem
514 1288 586 1351 fit
622 1290 913 1350 dominus
940 1290 1031 1349 rei
1059 1288 1163 1350 illc
1204 1290 1310 1367 qui
1346 1288 1591 1367 accipit,
1630 1292 1692 1346 et
1720 1286 1807 1345 sic

243 1387 545 1461 tanquam
576 1382 865 1443 dominus
894 1382 1122 1461 poterit
1166 1380 1337 1441 illam
1368 1381 1558 1441 libere
1580 1397 1805 1440 consu·

241 1493 431 1549 mere,
460 1474 557 1535 vel
584 1491 711 1534 non
730 1474 803 1535 fit
828 1475 1142 1550 dominus,
1167 1480 1237 1533 ut
1262 1476 1485 1535 Navar.
1517 1475 1635 1535 late
1662 1490 1809 1531 con-

238 1568 461 1641 tendit,
505 1573 568 1627 et
612 1585 728 1645 ego
770 1566 1033 1627 libenter
1077 1566 1384 1644 concedoj,
1428 1567 1577 1646 quia
1618 1567 1682 1625 in
1712 1564 1811 1625 his

240 1661 427 1721 etiam
468 1661 651 1721 rebus
693 1679 841 1720 usus
890 1660 1297 1737 distinguitur
1340 1678 1379 1720 a
1416 1660 1715 1731 dominio,
1747 1663 1810 1718 et

241 1754 383 1833 quia
420 1773 547 1814 non
578 1754 921 1815 necessario
950 1754 1307 1814 conceditur
1331 1753 1511 1834 plena
1551 1752 1805 1814 facultas

240 1847 450 1907 utendi
486 1847 552 1906 in
577 1864 827 1907 omnem
850 1866 1052 1921 usum,
1076 1846 1181 1907 sed
1210 1846 1409 1907 solum
1440 1864 1585 1906 usus
1608 1844 1806 1907 deter-

241 1942 513 2000 minatus
564 1940 631 1999 in
695 1940 1011 2020 propriam
1062 1942 1603 2013 sustentationem;
1656 1955 1803 1998 nam

242 2032 371 2093 haec
400 2038 491 2093 est
520 2032 825 2093 sufficiens
860 2031 1143 2093 facultas.
1179 2034 1261 2093 At
1310 2032 1457 2093 hinc
1493 2031 1804 2091 concludi-

238 2130 343 2184 tur
392 2125 555 2203 quod
594 2125 997 2200 intendimus,
1045 2127 1213 2205 quia,
1260 2132 1332 2185 ut
1376 2124 1678 2199 dicebam,
1711 2141 1807 2183 res

238 2236 377 2295 quae
414 2218 547 2278 sine
584 2218 765 2296 culpa
811 2219 1068 2297 alicujus
1101 2219 1508 2292 consumitur,
1552 2217 1805 2277 domino

237 2312 657 2383 consumitur;
696 2318 761 2371 at
788 2313 1095 2390 accipiens
1134 2312 1441 2371 consumit
1468 2311 1599 2371 sine
1622 2308 1807 2387 culpa

240 2421 375 2463 rem
398 2424 417 2475 ;
447 2420 596 2479 ergo
620 2403 875 2465 domino
900 2404 1060 2483 perit
1120 2422 1269 2482 ergo
1296 2403 1455 2463 nihil
1482 2407 1689 2482 postea
1720 2407 1813 2461 te-

234 2502 423 2557 netur
448 2495 721 2557 reddere.

318 2592 380 2651 6.
432 2588 689 2667 objectio
728 2588 1007 2652 diluitm.
1054 2622 1139 2635 -
1177 2588 1489 2668 chscitur
1516 2587 1809 2651 limitatio

240 2683 507 2745 Medffnoe
546 2681 709 2745 circa
756 2683 1213 2745 conclusionem.
1242 2714 1321 2727 --
1348 2682 1505 2741 Hinc
1532 2700 1679 2741 vero
1715 2682 1793 2741 in·

240 2776 425 2847 screa,
478 2792 603 2835 non
634 2793 761 2835 esse
798 2794 1012 2837 verum
1046 2780 1333 2854 oportere
1370 2774 1504 2835 fieri
1534 2775 1813 2834 donatio·

244 2888 391 2931 nem
423 2868 788 2945 absolutam,
814 2871 863 2929 si
890 2889 1015 2929 non
1052 2870 1417 2931 transiet-tur
1437 2870 1804 2930 dominium.

246 2962 761 3041 Respondendum
806 2969 1017 3023 tamen
1063 2982 1174 3043 per
1202 2963 1601 3023 donationem
1636 2962 1808 3023 abso-

242 3054 437 3115 lutam
482 3054 753 3117 hocloco
777 3055 1045 3134 intelligi
1074 3055 1329 3117 liberam
1356 3057 1807 3116 concessionem

242 3166 391 3209 usus
430 3148 571 3209 talis
598 3148 691 3209 rei
724 3148 955 3227 absque
997 3148 1373 3225 obligatione
1414 3147 1735 3222 reddendi,
1758 3148 1811 3208 si

244 3260 361 3301 usu
380 3247 801 3313 consumatur,
834 3258 971 3319 quae
997 3242 1184 3302 etiam
1210 3240 1463 3301 concedi
1489 3247 1688 3321 potest
1716 3259 1809 3299 re-

244 3334 491 3413 ligioso,
518 3336 625 3413 qui
660 3342 755 3397 est
775 3336 1037 3413 incapax
1064 3335 1346 3395 dominii.
1380 3334 1673 3395 Instabis:
1703 3335 1812 3413 qui

240 3436 467 3487 mutuo
495 3429 717 3507 accipit
760 3446 915 3503 rem,
952 3428 1001 3487 si
1028 3427 1201 3488 illam
1236 3427 1565 3501 consumit,
1606 3433 1813 3505 postca

240 3527 490 3581 tenetur
536 3524 881 3594 restituere,
934 3521 1215 3599 quamvis
1255 3519 1349 3580 illi
1394 3521 1473 3579 sit
1499 3536 1815 3579 concessus

241 3612 403 3675 liber
428 3630 577 3673 usus
603 3612 743 3673 talis
767 3614 880 3673 rei.
906 3614 1041 3673 Non
1060 3619 1385 3673 esttamen
1409 3611 1635 3687 simile,
1667 3611 1815 3690 quia

248 3707 339 3767 ibi
366 3706 733 3767 transfertur
760 3706 1107 3766 dominium
1137 3707 1203 3765 in
1240 3707 1445 3785 ipsum
1486 3722 1627 3773 cum
1656 3703 1815 3764 obli·

242 3799 495 3877 gatione
558 3798 891 3874 reddendi3
944 3799 1109 3859 unde
1156 3800 1207 3859 si
1255 3798 1659 3871 consumitur,
1700 3796 1817 3875 ipsi

242 3898 543 3970 tanquam
571 3891 825 3951 domino
850 3893 1261 3963 consumitur,
1286 3897 1349 3951 et
1368 3890 1663 3968 obligatio
1678 3888 1817 3949 red-

240 3984 433 4045 dendi
461 3991 671 4045 manet
713 3989 849 4045 orta
875 4002 953 4045 ex
979 3984 1170 4063 priori
1194 3988 1533 4044 contractu.
1567 3982 1647 4041 At
1668 3997 1815 4041 vero

242 4078 315 4137 in
378 4078 711 4156 proposito,
750 4077 861 4139 illa
906 4076 1201 4156 obligatio
1246 4094 1371 4137 non
1407 4074 1610 4155 potuit
1654 4074 1815 4152 juste

248 4169 515 4248 imponi,
559 4170 707 4248 quia
738 4169 843 4231 ille
888 4172 995 4249 qui
1025 4176 1297 4231 extreme
1323 4167 1663 4246 indigebat,
1704 4166 1815 4225 ha-

240 4261 432 4323 bebat
450 4263 554 4339 jus
580 4262 659 4323 ad
682 4262 945 4323 liberum
976 4280 1159 4323 usum
1188 4262 1327 4322 talis
1354 4260 1483 4335 rei;
1534 4260 1682 4339 quia
1710 4258 1814 4318 ille

238 4356 311 4413 in
350 4362 625 4415 extrema
662 4356 1017 4415 necessitate
1046 4354 1227 4415 debet
1262 4372 1391 4415 esse
1429 4352 1811 4423 communis;

237 4465 377 4507 non
400 4464 546 4509 vcro
578 4447 845 4508 habebat
866 4448 967 4527 jus
992 4448 1069 4508 ad
1111 4448 1480 4521 dominium,
1514 4444 1817 4523 siquidem

236 4538 339 4599 illi
368 4557 494 4599 non
536 4546 666 4601 erat
692 4540 1139 4614 necessarium3
1168 4558 1309 4599 cum
1344 4558 1493 4617 ergo
1520 4536 1819 4597 manserit

234 4633 415 4711 apud
454 4633 803 4710 dominum,
839 4634 953 4713 ipsi
978 4636 1251 4712 protecto
1280 4633 1483 4711 periit.
1510 4633 1695 4691 Porro
1716 4629 1817 4689 ad-

236 4726 451 4786 ductoe
523 4727 793 4787 rationes
842 4725 1109 4807 probant
1155 4726 1635 4800 conclusionem,
1694 4743 1821 4785 non

236 4818 447 4880 solum
474 4821 527 4879 si
575 4820 966 4899 eleemosyna
994 4820 1103 4879 fiat
1126 4838 1203 4879 ex
1230 4818 1557 4897 superfluis
1578 4817 1784 4893 simpli
1812 4850 1821 4861 ·

238 4912 425 4987 citer,
474 4914 577 4973 sed
608 4914 797 4973 etiam
844 4932 917 4973 ex
960 4914 1115 4973 aliis.
1174 4913 1349 4973 Unde
1386 4913 1633 4975 Medina
1688 4913 1821 4971 siue

239 5024 435 5067 causa
472 5024 657 5084 supra
697 5006 1077 5067 contrarium
1132 5007 1343 5079 sentit,
1390 5005 1636 5084 quando
1664 5005 1821 5065 clee-

240 5114 513 5174 mosyna
550 5098 619 5157 tit
661 5116 737 5159 ex
766 5101 1123 5160 necessariis
1155 5099 1231 5160 ad
1267 5106 1521 5174 statum,
1552 5099 1659 5178 qui
1694 5116 1823 5159 non

243 5197 697 5269 consequenter
725 5192 1002 5272 loquitur
1025 5193 1140 5253 hae
1168 5194 1233 5254 in
1265 5198 1459 5272 parte.

334 5286 392 5343 7.
442 5284 669 5359 Quinta
714 5284 1011 5348 conclusio
1055 5287 1374 5367 bipartita.
1406 5320 1483 5331 --
1518 5286 1829 5348 Probatur

240 5377 460 5459 prima
490 5394 669 5459 pars.
696 5410 777 5425 -
803 5380 949 5440 Dico
978 5382 1233 5459 quinto:
1278 5380 1525 5459 quando
1566 5380 1828 5442 eleemo-

245 5489 412 5549 syna
446 5470 517 5531 fit
540 5489 619 5532 ex
644 5473 901 5532 omnino
930 5472 1278 5552 superfluis,
1324 5472 1703 5551 probabilius
1737 5480 1831 5535 est

584 5593 685 5637 xit.

3323 338 3444 408 689

1885 450 2107 513 debere
2141 452 2272 513 fieri
2300 470 2411 531 per
2450 450 2705 513 liberam
2745 451 3225 528 concessionem,
3257 454 3444 513 etiam

1884 550 2061 605 extra
2109 562 2318 605 casum
2371 552 2656 607 extremae
2713 544 3106 616 necessitatis,
3159 546 3444 623 quamvis

1884 638 2234 718 oppositum
2294 636 2612 717 probabile
2640 636 2737 698 sit.
2791 636 2962 696 Prior
3008 654 3148 715 pars
3183 642 3274 697 cst
3299 656 3446 699 con·

1883 731 2140 793 formior
2185 750 2370 793 sacrae
2415 730 2742 810 Scripturae
2777 735 2840 789 et
2877 730 3178 805 Patribus,
3209 732 3446 813 ipsique

1885 824 2170 885 charitati
2203 824 2382 885 valde
2401 829 2928 897 consentanea,·ut
2947 824 3358 886 consideranti
3379 827 3449 888 in

1887 924 2033 978 sect.
2069 919 2110 978 4
2137 927 2512 979 memoratos
2539 914 2862 976 constabit.
2905 916 2980 975 Et
3004 916 3299 996 probatur
3323 920 3450 998 pri·

1888 1028 1992 1069 mo
2047 1028 2124 1069 ex
2159 1016 2382 1071 natura
2427 1015 2488 1071 et
2531 1008 2918 1069 institutione
2971 1009 3192 1070 harum
3237 1028 3448 1073 rerum

1885 1102 2362 1181 temporalium:
2409 1102 2776 1163 ordinantur
2818 1101 2986 1162 enim
3025 1102 3199 1180 quasi
3227 1100 3450 1165 natura

1886 1214 1996 1257 sua
2018 1198 2092 1257 ad
2115 1194 2522 1255 sublevandas
2555 1194 2880 1256 hominum
2915 1194 3324 1272 indigentias3
3353 1214 3452 1257 er-

1885 1309 1967 1369 go
1997 1290 2127 1369 ipsa
2155 1288 2314 1350 ratio
2343 1286 2616 1367 postulat
2659 1293 2750 1355 ut,
2801 1286 3052 1365 quando
3091 1288 3276 1349 alicui
3306 1298 3454 1350 sunt

1886 1387 2144 1442 omuino
2181 1380 2515 1461 superflua,
2567 1386 2631 1440 et
2667 1380 2808 1439 aliis
2831 1379 3056 1439 desunt
3083 1385 3448 1457 necessaria,

1886 1474 2046 1534 liber
2099 1492 2246 1534 usus
2290 1474 2430 1535 aliis
2481 1472 2873 1535 concedatur.
2924 1473 3246 1550 Secundo,
3303 1476 3452 1553 quia

1890 1566 2022 1627 haec
2067 1565 2366 1643 obligatio
2401 1583 2477 1625 ex
2507 1564 2724 1626 eodem
2762 1572 3064 1644 praecepto
3087 1567 3303 1641 oritur,
3327 1586 3452 1647 quo

1891 1661 2090 1720 oritur
2125 1658 2424 1738 obligatio
2449 1658 2527 1719 ad
2553 1658 2830 1719 dandum
2853 1658 2920 1718 in
2943 1665 3220 1720 extrema
3247 1678 3452 1723 neees-

1886 1755 2098 1825 sitate;
2127 1758 2191 1815 et
2218 1752 2512 1813 articulus
2539 1752 3033 1813 est-necessitatis
3053 1752 3414 1831 simpliciter
3427 1769 3448 1831 3

1886 1864 2164 1926 suppono
2193 1846 2358 1907 enim
2390 1845 2606 1905 saltem
2647 1862 2778 1905 esse
2826 1845 3252 1907 necessitatem
3313 1864 3456 1924 gra-

1884 1958 2048 2014 vem,
2079 1940 2178 1999 vel
2207 1939 2467 2018 alicujus
2489 1937 2738 2017 privati,
2762 1937 2857 1997 vel
2887 1936 3238 2017 reipublicae
3263 1957 3278 2011 ς
3305 1956 3456 2017 ergo

1885 2032 2121 2110 obligat
2165 2033 2243 2092 ad
2290 2032 2454 2091 idem
2509 2048 2708 2109 genus
2753 2028 2964 2091 liberae
3015 2034 3444 2095 concessionis,

1891 2128 2160 2205 Denique
2211 2124 2461 2205 quando
2507 2124 2704 2184 babeo
2755 2122 3085 2203 superflua,
3138 2126 3458 2188 charitatis

1887 2220 2022 2297 lege
2049 2230 2266 2279 teneor
2293 2217 2371 2278 ad
2401 2217 2894 2278 subveniendum
2971 2234 3098 2277 non
3125 2226 3217 2279 est
3237 2226 3450 2281 etitem

1888 2312 2054 2372 unde
2077 2311 2340 2373 babeam
2389 2312 2488 2389 jus
2517 2310 2591 2369 ad
2621 2309 3067 2388 imponendum
3097 2310 3276 2371 alteri
3301 2312 3458 2371 obli-

1888 2405 2224 2483 gationem,
2277 2410 2348 2463 ut
2397 2402 2616 2463 reddat
2659 2403 2824 2481 quod
2869 2403 3110 2482 accipit,
3139 2422 3278 2464 cum
3309 2422 3456 2467 vere

1890 2516 2014 2557 non
2061 2496 2308 2572 habeat,
2357 2514 2561 2574 neque
2609 2500 2820 2574 postea
2859 2501 3142 2557 teneatur
3179 2514 3458 2575 quaerero

1890 2589 2056 2649 unde
2077 2590 2316 2663 reddat,
2347 2596 2464 2649 etc.

1972 2685 2032 2744 8.
2083 2682 2364 2745 Secunda
2401 2698 2554 2763 pars
2596 2680 2990 2743 conclusionis
3034 2683 3343 2745 suadetur.
3379 2718 3458 2733 --

1888 2776 1992 2839 Aa
2007 2778 2300 2857 primam,
2323 2775 2890 2856 quatmusprimam
2909 2775 3302 2839 conclusionis
3316 2796 3460 2859 par-

1892 2876 2009 2932 tem
2039 2875 2368 2951 oppuynat.
2397 2900 2476 2915 —
2517 2868 2622 2930 Aa
2660 2869 2997 2929 secundam.
3027 2900 3112 2915 -·-
3136 2870 3462 2931 Nihilomi-

1892 2981 2008 3023 nus
2033 2963 2302 3023 secunda
2327 2978 2467 3041 pars
2495 2960 2904 3021 conclusionis
2931 2978 3078 3021 vera
3105 2970 3219 3037 est,
3245 2964 3298 3023 si
3323 2965 3462 3043 quis

1891 3058 1960 3118 in
2005 3058 2182 3136 praxi
2229 3057 2379 3116 velit
2419 3074 2554 3116 eam
2593 3056 2795 3134 sequi;
2833 3063 2966 3116 tum
3016 3056 3162 3136 quia
3195 3058 3464 3119 rationes

1890 3150 2070 3210 factae
2113 3166 2238 3211 non
2284 3151 2372 3209 ita
2398 3154 2626 3225 urgent
2669 3148 2822 3226 quin
2867 3149 3300 3211 convenienter
3329 3170 3466 3230 pos·

1892 3246 2016 3305 sint
2043 3244 2192 3304 solvi
2216 3256 2388 3319 3tu1n
2419 3244 2604 3303 etiam
2637 3242 2786 3321 quia
2815 3249 2988 3301 extra
3019 3260 3227 3303 casum
3255 3262 3463 3306 neces-

1894 3339 2092 3397 sitatis
2123 3343 2414 3396 extremae
2451 3352 2576 3395 non
2607 3352 2847 3413 possum
2875 3352 2988 3411 ego
3011 3337 3284 3415 accipere
3319 3338 3468 3399 alie·

1896 3448 2084 3507 num3
2140 3446 2288 3506 ergo
2325 3427 2641 3508 probabile
2667 3434 2760 3488 est
2787 3427 2976 3487 alium
3006 3446 3133 3489 non
3163 3432 3355 3491 teneri
3385 3432 3465 3491 ad

1898 3524 2261 3602 simpliciter
2305 3523 2603 3583 «tandum.
2659 3522 2811 3581 Item
2853 3522 2920 3581 iu
2968 3520 3063 3581 his
3092 3524 3466 3583 necessitati·

1897 3615 2014 3677 bus
2039 3622 2240 3695 potest
2281 3618 2420 3694 quis
2461 3632 2584 3683 nm
2619 3614 2768 3674 dare
2797 3614 2958 3685 huic,
3003 3616 3104 3675 scd
3149 3633 3464 3677 reservare

1897 3708 2110 3781 alteri3
2141 3726 2288 3785 ergo
2315 3708 2506 3769 etiam
2533 3708 2758 3787 poterit
2787 3707 3130 3768 satisfacere
3155 3706 3300 3767 huic
3327 3725 3465 3769 mu-

1898 3800 2154 3861 tuando.
2208 3802 2317 3861 Hae
2351 3808 2557 3859 tamen
2595 3800 2866 3860 rationes
2901 3816 3028 3859 non
3058 3808 3284 3876 urgent
3324 3817 3460 3861 nos.

1896 3892 2144 3953 Etenim
2173 3893 2226 3952 si
2252 3892 2418 3970 prior
2441 3899 2596 3953 esset
2617 3890 2799 3965 bona,
2827 3890 3136 3969 probaret,
3157 3910 3360 3971 neque
3383 3892 3464 3952 ad

1896 3984 2312 4044 mutuandum
2345 3985 2544 4045 teneri
2572 3984 2854 4053 divitem,
2900 3984 3046 4062 quia
3072 4002 3308 4063 pauper
3333 4002 3464 4046 non

1897 4083 2093 4155 potest
2121 4077 2396 4156 accipere
2445 4077 2632 4137 etiam
2665 4086 2906 4151 mutuo,
2947 4077 3145 4136 invito
3181 4076 3455 4139 domino.

1896 4171 2170 4247 Negatur
2189 4186 2336 4247 ergo
2357 4168 2522 4229 illius
2541 4168 2797 4230 rationis
2821 4172 3282 4248 consequentia,
3317 4188 3464 4231 nam

1896 4263 2044 4342 quia
2073 4260 2204 4323 hoec
2245 4261 2544 4339 obligatio
2593 4262 2791 4324 oritur
2843 4280 2920 4323 ex
2963 4261 3089 4322 sola
3141 4263 3464 4339 charitate,

1894 4361 2025 4423 tota
2049 4354 2212 4415 cadit
2239 4354 2306 4413 in
2333 4354 2618 4427 divitem;
2651 4355 2758 4433 jus
2785 4374 2928 4415 vero
2957 4374 3083 4415 non
3113 4356 3296 4417 datur
3319 4356 3468 4417 alte·

1898 4450 1975 4524 ri,
2003 4448 2124 4507 nisi
2155 4447 2360 4527 qando
2393 4465 2490 4508 res
2519 4448 2650 4526 ipsa
2678 4448 2918 4509 ratione
2959 4451 3334 4509 necessitatis
3359 4468 3468 4509 ex·-

1899 4554 2114 4600 tremoe
2163 4556 2526 4601 communes
2572 4539 2746 4601 factae
2785 4546 2950 4601 sunt.
3004 4540 3096 4600 Ad
3133 4542 3468 4601 secundam

1901 4634 2328 4713 respondetur,
2379 4649 2554 4711 posse
2591 4634 2944 4712 quempiam
2977 4652 3290 4695 reservare
3317 4635 3470 4695 altc-

1902 4727 1982 4801 ri,
2011 4728 2063 4785 si
2095 4726 2410 4786 moraliter
2437 4724 2744 4804 intelligat
2769 4742 3120 4785 occursuras
3147 4725 3298 4785 alias
3325 4742 3466 4802 gra-

1903 4837 2010 4881 ves
2053 4820 2472 4893 necessitates;
2519 4824 2724 4879 tamen
2757 4836 2866 4897 per
2891 4836 2958 4879 se
3007 4823 3070 4879 et
3107 4818 3468 4897 simpliciter

1900 4918 2148 4975 tenetur
2191 4912 2386 4973 libere
2431 4914 2664 4971 donare
2711 4911 2892 4972 alicui
2923 4912 3181 4990 patienti
3209 4928 3466 4989 gravem

1904 5006 2346 5066 necessitatem.
2391 5004 2546 5077 Quid
2597 5006 2648 5065 si
2693 5003 2866 5065 dives
2917 5004 3110 5064 nollet
3147 5004 3294 5063 dare
3343 5004 3464 5063 nisi

1904 5098 2248 5159 mutuando
2275 5104 2336 5157 ct
2363 5096 2698 5176 obligando
2733 5098 2812 5157 ad
2839 5096 3264 5159 reddendum?
3299 5105 3469 5157 tene-

1906 5192 2158 5253 biturne
2187 5192 2292 5269 qui
2321 5190 2564 5268 accipit,
2596 5188 2852 5268 implere
2888 5196 3100 5268 postea
3125 5197 3468 5268 susceptam

1907 5284 2399 5362 obligationem?
2462 5282 2886 5361 Respondctur
2945 5283 3010 5341 in
3081 5300 3228 5342 casu
3284 5282 3473 5361 hujus

1910 5377 2324 5439 conclusionis
2346 5376 2565 5446 teneri,
2595 5376 2740 5454 qnia
2757 5374 2928 5435 dives
2954 5392 3080 5435 non
3105 5374 3252 5437 fecit
3277 5377 3473 5454 injus-

1908 5470 2110 5531 titiam
2155 5468 2524 5548 acceptanti‚
2571 5476 2754 5545 atquc
2787 5468 2942 5529 adco
2970 5474 3318 5529 contractus
3353 5468 3472 5529 fuit

3065 5574 3147 5635 44
