3900 6217
552 364 632 426 ⁰2

551 470 718 551 quia,
753 470 898 533 licet
922 475 1070 532 tunc
1109 488 1238 532 non
1270 472 1706 534 testificaretur
1733 472 1961 535 falsum
1988 470 2117 533 for-

550 564 817 638 maliter,
847 560 1286 627 testificaretur
1315 566 1660 627 virtualiter
1703 572 1766 627 et
1805 566 2115 645 interpre-

548 657 758 729 tative,
791 663 854 719 et
881 657 1083 737 (quod
1112 660 1492 739 praecipuum
1521 661 1646 738 est)
1675 658 2003 721 induceret
2032 656 2113 720 ad

549 750 948 813 mendacium
977 754 1040 813 et
1065 752 1146 813 ad
1173 753 1411 813 malum
1435 753 1695 827 morale,
1726 752 1896 833 quod
1921 768 2115 831 repu-

549 850 701 923 gnat
729 842 992 906 bonitati
1019 844 1265 919 divium,
1300 852 1367 907 ut
1393 846 1458 906 in
1498 846 1762 909 materia
1791 846 1872 907 de
1898 844 2111 908 Gratia

547 937 886 1017 tetigimus,
921 937 1028 999 ubi
1077 939 1266 1002 etiam
1313 938 1703 1003 ostendimus
1746 956 1877 1000 non
1921 957 2109 1020 posse

545 1030 746 1091 Deum
775 1030 1192 1093 determinare
1239 1038 1348 1093 aut
1383 1032 1683 1094 inclinare
1719 1032 2109 1095 voluntatem

544 1122 623 1185 ad
663 1124 921 1185 malum.
956 1123 1226 1203 Legatur
1261 1125 1692 1205 prolegomen.
1725 1128 1762 1187 5
1793 1124 1872 1187 de
1905 1124 2107 1199 siret„

542 1234 598 1279 c.
625 1218 662 1278 7
690 1233 710 1295 3
748 1216 908 1298 disp.
939 1218 1020 1279 44
1047 1217 1355 1298 Metaph„
1385 1224 1536 1281 sect.
1570 1221 1668 1293 13,
1703 1236 1768 1279 ιι.
1805 1221 1903 1292 17,
1935 1226 1996 1281 et
2022 1225 2103 1281 tr.

541 1310 622 1373 de
665 1310 1066 1374 passionibus
1095 1319 1158 1374 et
1198 1313 1537 1386 habitibus,
1567 1313 1729 1392 disp.
1759 1314 1822 1387 4,
1855 1320 2006 1375 sect.
2040 1317 2103 1375 2.

623 1408 722 1467 Η.
755 1403 857 1470 Aa
882 1405 1225 1469 testimonia
1257 1404 1606 1489 Scriptwoe
1630 1406 1697 1468 in
1726 1404 1836 1469 illo
1863 1424 1926 1469 n.
1960 1408 2109 1469 5.—

542 1498 637 1563 Ad
674 1499 1030 1562 testimonia
1065 1516 1216 1580 ergo
1256 1498 1320 1561 in
1363 1500 1470 1561 illo
1502 1505 1874 1580 argumento
1921 1501 2107 1563 citata

538 1592 978 1673 respondetur,
1026 1610 1170 1655 cum
1216 1592 1359 1654 divo
1405 1594 1646 1655 Thoma
1689 1598 1751 1655 et
1795 1592 2018 1669 Salm.,
2064 1596 2107 1657 Β

536 1686 818 1748 Thessal.
849 1687 912 1759 2,
945 1684 1242 1749 Abulens.
1289 1694 1352 1748 et
1397 1686 1704 1766 cajetan„
1735 1690 1776 1749 3
1805 1689 1958 1768 Reg.
1996 1690 2100 1762 22,

539 1780 750 1841 omnia
780 1796 916 1840 esse
951 1778 1355 1859 intelligenda
1383 1780 1780 1859 permissive3
1811 1778 1901 1843 sic
1933 1780 2103 1847 anim

535 1870 760 1933 dicitur
802 1873 970 1935 Deus
1005 1890 1323 1935 excaecare
1365 1876 1430 1935 et
1469 1873 1782 1935 obdurare
1813 1874 2103 1935 homines

535 1964 760 2037 malos,
787 1968 858 2025 ut
888 1966 952 2026 in
993 1966 1054 2026 1.
1089 1968 1151 2037 2,
1180 1972 1396 2045 quaest.
1432 1967 1533 2039 75,
1562 1966 1749 2027 latius
1777 1971 2094 2043 tractatur,

537 2063 601 2119 et
627 2057 896 2119 diximus
925 2056 990 2118 in
1017 2058 1279 2121 materia
1311 2058 1392 2120 de
1419 2057 1652 2133 Gratia,
1675 2059 1717 2121 l.
1743 2062 1804 2136 4,
1828 2078 1967 2139 cap.
1998 2060 2099 2133 18,

537 2150 690 2213 etin
719 2151 762 2211 l.
793 2152 833 2213 Ξ
872 2150 952 2213 de
993 2152 1282 2224 Auxiliis;
1329 2158 1391 2214 et
1421 2152 1509 2213 ita
1537 2152 1804 2215 correxit
1845 2170 1958 2215 seu
1994 2170 2105 2215 ex·-

533 2243 784 2324 plicavit
809 2244 1001 2307 verba
1044 2262 1158 2307 sua
1201 2245 1608 2325 Aug-ustinus,
1643 2246 1710 2306 in
1735 2245 1838 2307 illa
1869 2253 2095 2324 quaest.

533 2338 634 2412 53,
677 2336 894 2399 dicens
923 2355 938 2397 z
971 2338 1235 2403 Factum
1269 2344 1364 2402 est
1399 2343 1474 2401 ut
1505 2340 1745 2419 juberet
1789 2338 1976 2413 Deus,
2006 2340 2103 2403 vel

525 2430 731 2513 potius
761 2448 880 2511 pro
921 2430 1168 2495 illm-um
1215 2432 1543 2515 cupiditate
1584 2432 1995 2512 permittere&
2036 2439 2101 2495 et

528 2522 698 2587 infra·
739 2544 754 2585 z
807 2523 1130 2601 Quoedam,
1176 2526 1380 2606 inquit
1407 2572 1424 2599 ,
1467 2544 1584 2609 per
1630 2529 1896 2609 seipsum·
1943 2530 2101 2601 facit

527 2618 714 2693 Dm,
743 2636 878 2700 quoe
911 2618 1022 2683 illo
1058 2619 1185 2681 solo
1211 2621 1398 2701 digna
1425 2622 1594 2695 aaut,
1623 2626 1696 2683 at
1717 2618 2093 2694 illuminare,

528 2714 584 2774 ot
611 2712 780 2775 beare
819 2711 1055 2775 animas
1075 2736 1098 2783 ;
1122 2714 1394 2793 quaeda-m
1433 2730 1569 2775 vero
1595 2731 1706 2795 per
1744 2714 2097 2777 servientem

524 2802 643 2867 siba·
670 2808 1036 2878 creaturam,
1061 2804 1334 2887 quoedam
1347 2804 1778 2887 proecipt’ondo,
1797 2806 1930 2869 alia
1956 2824 2097 2871 vero

517 2896 941 2978 permittendo.
989 2897 1355 2975 specialiter
1396 2904 1610 2959 autem
1657 2897 1881 2960 dicitur
1923 2900 2095 2962 Deus

525 2989 816 3069 decipere
859 2989 1124 3068 aliquos,
1154 2990 1408 3070 quando
1451 3010 1565 3052 sua
1595 2991 1822 3053 virtute
1870 2997 1934 3053 et
1976 3010 2091 3071 po-

523 3084 717 3144 tentia
750 3082 985 3162 aliquid
1013 3088 1330 3161 operatur,
1363 3078 1608 3145 etiamsi
1637 3086 1924 3165 praesciat
1949 3085 2089 3147 illos

520 3175 654 3237 fore
680 3175 826 3237 inde
858 3173 1294 3255 decipiendos;
1319 3182 1383 3237 et
1409 3176 1488 3237 de
1519 3176 1640 3239 hoc
1663 3177 1852 3239 modo
1885 3178 2089 3259 loqui-

521 3276 623 3331 tur
652 3269 1004 3348 specialiter
1028 3270 1414 3349 Augustinus
1439 3270 1506 3331 in
1529 3272 1654 3333 alio
1667 3272 1806 3333 loco
1829 3272 1908 3335 de
1937 3274 2089 3336 Gra·

519 3362 604 3422 tia
631 3368 696 3423 et
729 3362 930 3424 libero
961 3362 1254 3435 arbitrio;
1289 3365 1502 3427 tamen
1547 3365 1611 3426 in
1639 3364 1746 3427 illo
1775 3366 1981 3427 solum
2015 3384 2085 3429 se

521 3453 710 3516 habet
751 3457 916 3516 Deus
955 3456 1322 3535 permissive
1365 3458 1578 3536 quoad
1619 3456 2081 3538 deceptionem,

517 3564 644 3609 non
673 3548 844 3610 enim
871 3554 1132 3629 propter
1155 3548 1327 3611 illam
1365 3566 1550 3611 suum
1587 3568 1746 3630 opus
1773 3551 1940 3625 facit,
1970 3552 2084 3615 sed

516 3646 771 3721 propter
817 3642 1068 3706 altiores
1118 3648 1179 3705 et
1220 3643 1692 3707 honestissimos
1734 3644 1896 3708 fines
1928 3666 1967 3709 a
2013 3664 2081 3709 se

513 3734 807 3809 intentos,
833 3735 1078 3797 etiamsi
1108 3735 1211 3797 alii
1239 3736 1388 3799 inde
1417 3742 1668 3800 sumant
1686 3738 2082 3801 occasionem

515 3826 794 3889 scandali
838 3829 940 3891 vel
987 3830 1238 3903 erroris,
1281 3830 1428 3910 quia
1465 3848 1594 3891 non
1643 3836 1893 3894 tenetur
1925 3832 2083 3895 illud

511 3920 766 3996 evitare,
793 3921 972 4001 juxta
1007 3921 1162 3985 illud
1198 3922 1423 3984 Christi
1455 3941 1468 3984 ε
1514 3922 1722 3987 Sinite
1749 3924 1905 4001 illis,
1933 3942 2084 3989 nam

513 4015 655 4079 ωσι·
677 4019 846 4091 em,
867 4020 926 4079 et
949 4015 1126 4081 ducet
1153 4034 1463 4080 cecorum.
1493 4018 1696 4096 Atque
1725 4017 1827 4079 hic
1849 4020 2077 4085 modus

513 4106 738 4169 sufficit
769 4112 836 4168 ut
869 4108 1038 4169 Deus
1079 4108 1298 4189 puniat
1343 4108 1584 4189 aliquos
1612 4128 1728 4189 per
1767 4126 2073 4189 errorem,

509 4199 609 4261 vel
639 4199 1095 4278 deceptionem,
1125 4219 1255 4267 non
1295 4202 1584 4277 activam,
1618 4208 1686 4265 ut
1727 4204 1816 4266 sic
1837 4204 2069 4280 dicam,

510 4291 624 4353 sed
647 4292 982 4372 passivam,
1016 4294 1432 4373 permittendo
1469 4294 1662 4370 illam,
1693 4312 1822 4357 non
1867 4297 2077 4361 inten-

508 4384 750 4461 dendo3
782 4386 882 4448 hic
911 4386 1080 4459 enim
1107 4387 1332 4449 modus
1361 4394 1456 4452 est
1483 4389 1819 4465 sufficiens,
1851 4396 1916 4453 et
1940 4408 2075 4453 ma-

511 4478 606 4559 gis
627 4484 1092 4543 consentaneus
1114 4480 1336 4543 divinae
1355 4482 1674 4562 sapientiai
1691 4487 1757 4545 et
1773 4484 2066 4561 bonitati3

511 4578 737 4633 caetera
775 4588 946 4647 vero,
979 4590 1121 4652 quae
1150 4575 1216 4635 in
1257 4574 1362 4636 illo
1395 4582 1770 4656 arg-umento
1809 4593 2073 4643 sumun—

509 4670 630 4739 tur,
657 4682 808 4727 vera
831 4682 960 4729 non
987 4668 1155 4741 sunt,
1181 4668 1328 4746 quia
1355 4669 1524 4729 Deus
1547 4686 1670 4732 nec
1695 4669 2072 4735 determinat

510 4755 862 4819 voluntates
889 4756 971 4821 ad
996 4759 1236 4821 malum
1263 4760 1451 4823 etiam
1477 4777 1591 4841 pro
1619 4764 1970 4839 materiali,
2000 4771 2071 4827 ut

509 4850 575 4911 in
602 4850 805 4913 citatis
831 4851 986 4915 locis
1011 4850 1090 4913 de
1117 4852 1348 4929 Gratia,
1379 4859 1444 4915 et
1470 4854 1728 4918 Auxiliis
1755 4856 1883 4917 late
1909 4857 2070 4919 dixi-

508 4959 682 5019 mus;
719 4960 928 5024 neque
967 4944 1158 5007 etiam
1185 4963 1302 5025 per
1335 4964 1402 5011 se
1445 4948 1616 5011 solus
1653 4948 1926 5013 infundit
1964 4956 2075 5015 aut

509 5035 838 5099 infundere
882 5044 1090 5118 potest
1133 5039 1384 5103 habitus
1427 5042 1798 5105 inclinantes
1839 5042 1923 5105 ad
1956 5044 2073 5107 fal-

509 5146 681 5205 sum;
727 5130 898 5210 quod
929 5130 1076 5194 licet
1116 5150 1246 5197 non
1289 5134 1368 5196 sit
1405 5141 1534 5197 tam
1580 5143 1817 5200 certum
1859 5138 2071 5217 quoad

507 5222 860 5287 absolutam
897 5224 1264 5304 potentiam,
1309 5227 1472 5293 sicut
1515 5229 1660 5305 alia,
1689 5248 1830 5311 quas
1857 5232 2071 5295 hacte-

507 5334 628 5389 nus
671 5316 942 5381 diximus
959 5364 976 5392 ,
1023 5325 1120 5381 ast
1165 5325 1378 5387 tamen
1420 5322 1610 5404 longe
1656 5323 2065 5403 probabilius,

507 5408 658 5488 quia
691 5411 846 5472 illud
883 5430 1024 5474 non·
1041 5412 1228 5475 decet
1264 5413 1536 5478 divinam
1579 5418 1978 5498 majestatem
2006 5424 2073 5480 et

507 5502 936 5581 prudentiam3
972 5505 1135 5569 Deus
1177 5512 1390 5570 autem
1433 5528 1562 5573 non
1605 5514 1812 5591 potest
1851 5516 2069 5573 contra

1031 368 1274 423 msam.
1305 370 1390 425 m.
1423 370 1506 424 1>ss
1538 370 1802 425 omnmo
1834 370 2109 423 rounam
2140 370 2324 435 Fiunt,
2360 372 2439 425 m·
2472 370 2768 436 Quonam
2796 370 2883 425 ΑΙ)
2916 368 3117 433 laun,
3147 370 3283 425 mc.

2194 489 2375 531 suam
2404 470 2759 535 decentiam
2780 470 3048 550 operari,
3072 470 3153 532 de
3173 488 3299 550 qua
3326 487 3397 533 re
3416 468 3543 532 dini
3570 470 3769 533 etiam

2193 563 2259 624 in
2300 564 2567 627 materia
2606 564 2687 627 de
2731 564 3188 638 lucarnatione‚
3215 564 3510 644 disputat.
3542 565 3645 637 34,
3682 562 3771 623 ad

2190 655 2404 733 finem,
2438 658 2595 721 etin
2622 658 2785 736 disp.
2812 659 2891 719 M
2917 657 3221 737 Metaph„
3244 662 3399 719 sect.
3428 658 3529 731 13,
3556 675 3623 717 n.
3652 657 3765 725 173

2192 759 2255 814 et
2280 753 2347 814 in
2374 760 2553 819 tract.
2595 756 2655 827 4,
2676 753 2757 815 de
2796 752 3103 815 Humanis
3130 752 3397 825 actibus,
3434 752 3665 833 disput.
3696 753 3768 826 4,

2191 850 2341 907 sect.
2373 847 2445 925 23
2475 854 2541 910 et
2563 844 2765 910 tenuit
2794 846 3049 920 Victor..
3076 846 3143 909 in
3171 845 3403 908 Relect.
3437 844 3517 907 de
3546 844 3771 907 Homi-

2191 938 2376 1003 cidio.

2812 1082 3030 1136 smne
3060 1082 3145 1136 vl.

2199 1234 2419 1300 Utrum
2452 1237 2659 1325 priam
2688 1238 2915 1302 veo-itas
2948 1239 3037 1301 eit
3072 1238 3362 1318 obiectum
3396 1235 3658 1313 formale
3678 1237 3769 1315 fi·-

2269 1330 2365 1391 dei
2380 1374 2400 1404 ,
2440 1336 2516 1393 ut
2554 1331 2935 1413 coqnosct’w
2974 1331 3201 1395 lmine
3236 1332 3481 1395 mame
3496 1374 3513 1403 ‚
3554 1330 3651 1393 ul
3684 1334 3767 1391 nt

2266 1422 2819 1502 supernaturaliter
2846 1424 3105 1507 macta.

2268 1609 2326 1670 1.
2371 1607 2699 1673 Fundam·
2724 1610 3019 1675 dubitatio
3053 1610 3763 1696 praesm.-Supponi-

2184 1716 2349 1774 mus,
2388 1720 2465 1783 ex
2506 1703 2810 1765 hactenus
2854 1703 3055 1779 dictis,
3100 1706 3303 1767 Deum
3348 1704 3469 1765 sub
3508 1704 3761 1765 ratione

2185 1794 2399 1865 primae
2424 1796 2703 1858 veritatis
2730 1814 2859 1859 non
2887 1816 3073 1877 posse
3100 1814 3417 1870 exercere,
3447 1801 3519 1859 ut
3542 1796 3633 1859 sic
3658 1797 3760 1857 di-

2184 1902 2345 1959 cam,
2373 1904 2607 1950 munus
2644 1890 2870 1970 objecti
2894 1890 3173 1953 formalis
3198 1890 3371 1966 fidei,
3400 1891 3520 1952 nisi
3547 1908 3586 1951 a
3614 1908 3761 1951 cre-

2182 1978 2369 2041 dente
2414 1986 2831 2061 cognoscatur
2862 1990 2931 2045 ut
2957 1985 3134 2046 testis
3175 1982 3513 2045 infallibilis
3546 1983 3617 2043 in
3658 1983 3759 2043 lo—

2186 2072 2469 2150 quend03
2502 2092 2650 2135 nam
2686 2075 2842 2137 illud
2874 2082 2967 2138 est
2996 2076 3314 2156 objectum
3352 2075 3635 2149 formale,
3680 2082 3759 2136 ut

2184 2182 2349 2243 saepe
2380 2166 2529 2241 dixi,
2562 2168 2965 2245 assentiendi,
3001 2169 3065 2230 in
3093 2170 3264 2249 quod
3298 2169 3518 2231 ultimo
3553 2170 3759 2231 resol-

2180 2258 2345 2320 vitur
2368 2278 2685 2335 assensus,
2719 2269 3023 2341 tanquam
3048 2263 3114 2325 in
3140 2265 3415 2345 primum
3442 2263 3755 2324 motivum

2180 2353 2593 2427 assentiendi;
2626 2354 2795 2417 unde
2838 2356 3199 2435 huiusmodi
3238 2356 3557 2437 objectum
3598 2362 3755 2417 tune

2180 2450 2473 2509 censetur
2500 2453 2645 2509 actu
2682 2466 2981 2511 exercere
3008 2468 3239 2512 munus
3269 2450 3519 2529 objecti,
3546 2468 3759 2530 quan-

2178 2539 2261 2603 do
2285 2547 2520 2618 movet,
2552 2547 2617 2603 et
2645 2542 2725 2604 de
2766 2562 2833 2605 se
2868 2544 3250 2607 sufficienter
3282 2544 3539 2607 inclinat
3568 2544 3757 2606 intel-

2170 2616 2409 2695 lectum
2462 2635 2543 2696 ad
2598 2653 2947 2698 assensum.
3000 2638 3130 2699 Hoc
3176 2642 3390 2699 aut‘em
3444 2642 3753 2716 praestare

2176 2744 2303 2789 non
2327 2734 2553 2807 potest,
2580 2728 2701 2791 nisi
2724 2729 2805 2791 ab
2825 2730 3143 2793 intellectu
3168 2736 3597 2809 cognoscatur,
3622 2730 3753 2791 sub

2174 2820 2278 2881 illa
2305 2822 2547 2883 ratione
2570 2822 2691 2883 sub
2712 2840 2837 2902 qua
2860 2828 3067 2903 potest
3086 2824 3265 2885 illum
3290 2842 3565 2896 movere,
3592 2824 3751 2902 quia

2173 2916 2255 2977 ab
2282 2914 2527 2995 objecto
2556 2916 2871 2997 incognito
2898 2936 3027 2981 non
3051 2924 3341 2981 movetur
3360 2916 3745 2990 intellectus,

2170 3008 2333 3069 utin
2368 3009 2646 3070 secunda
2670 3011 2862 3071 etiam
2888 3010 3307 3091 disputatione
3345 3010 3579 3073 dictum
3610 3016 3743 3081 est;

2170 3098 2253 3162 ad
2294 3100 2681 3164 credendum
2725 3120 2902 3185 ergo,
2930 3104 3361 3166 necessarium
3392 3110 3489 3165 est
3513 3109 3581 3166 ut
3628 3106 3743 3183 qui

2170 3192 2367 3255 credit
2388 3194 2542 3268 Deo,
2568 3192 2759 3257 etiam
2786 3204 3125 3276 cognoscat
3148 3198 3348 3258 Deum
3374 3214 3513 3258 esse
3538 3196 3746 3257 omni-

2167 3306 2251 3349 no
2284 3294 2513 3351 testem
2542 3306 2857 3365 veracem,
2886 3292 2997 3370 qni
3035 3308 3157 3353 nec
3180 3290 3312 3353 falli
3358 3308 3479 3353 nec
3516 3290 3746 3352 fallere

2165 3385 2393 3460 potest,
2436 3382 2615 3461 juxta
2652 3373 2814 3445 illud
2857 3383 3042 3447 Joan.
3074 3387 3113 3447 3
3148 3404 3161 3446 :
3210 3384 3327 3459 Qui
3373 3383 3563 3449 eredit
3599 3386 3743 3465 ejus

2166 3474 2505 3538 testimonio
2519 3520 2540 3552 ,
2582 3475 2955 3558 remoavit
2993 3478 3139 3559 quia
3183 3478 3347 3543 Deus
3388 3494 3577 3540 verae
3618 3482 3739 3539 esc.

2164 3566 2321 3628 Hinc
2362 3584 2515 3647 ergo
2561 3569 2839 3631 nascitur
2884 3570 3141 3649 quaestio
3186 3570 3499 3649 proposita
3522 3617 3537 3644 ‚
3584 3571 3741 3649 quia

2162 3674 2498 3738 possumus
2546 3678 2931 3742 cognoscere
2970 3664 3174 3727 Deum
3225 3681 3363 3725 esse
3412 3680 3739 3732 veracem,

2162 3757 2225 3812 et
2255 3768 2369 3831 per
2397 3754 2707 3816 rationem
2734 3754 3110 3830 naturalem,
3140 3761 3204 3818 et
3224 3772 3341 3836 per
3362 3762 3743 3836 supernatu-

2160 3844 2293 3905 rale
2331 3844 2569 3921 lumen,
2602 3850 2667 3908 et
2697 3846 2946 3911 difficile
2986 3853 3085 3910 est
3108 3847 3373 3911 definire
3412 3848 3739 3928 quomodo

2160 3935 2227 3999 id
2268 3939 2779 4018 cognoscendum
2828 3939 2927 4014 sit,
2970 3940 3057 4004 ita
3102 3948 3173 4003 ut
3216 3942 3301 4005 ad
3342 3940 3739 4005 credendum

2158 4030 2456 4105 sufficiat-3
2520 4050 2599 4093 ex
2652 4032 2836 4115 cujus
2888 4033 3305 4114 explicatione
3362 4052 3594 4115 magna
3652 4052 3739 4097 ex

2154 4128 2334 4204 parte
2360 4122 2595 4205 pendet
2620 4126 2885 4205 quaestio
2912 4126 2995 4189 de
3022 4128 3403 4190 resolutione
3430 4128 3599 4191 fidei.

2234 4220 2297 4279 2.
2341 4219 2565 4283 Prima
2582 4222 2885 4285 contentia
2908 4220 3392 4287 Massivam-t·-
3414 4220 3741 4287 Suadeam·

2153 4312 2389 4381 ratim
2436 4313 2658 4395 primo.
2686 4346 2770 4361 —
2799 4312 3096 4379 Secundo.
3143 4346 3225 4361 —
3272 4315 3496 4379 Tertio.
3526 4346 3607 4361 -
3655 4316 3729 4376 In

2154 4404 2464 4486 hocergo
2506 4412 2763 4486 puncto,
2804 4411 2934 4469 tres
2978 4415 3242 4487 possunt
3292 4408 3553 4490 cogitari
3588 4427 3735 4469 mo·

2154 4495 2217 4559 di
2242 4497 2489 4560 dicendi
2522 4516 2536 4559 :
2570 4498 2813 4578 primus
2838 4506 2955 4574 est,
2988 4498 3071 4561 ad
3096 4499 3483 4563 credendum
3508 4518 3623 4580 per
3652 4500 3733 4561 fi-

2154 4590 2301 4653 dem
2326 4608 2429 4653 res
2452 4590 2651 4653 dictas
2686 4608 2724 4653 a
2750 4592 2905 4669 Deo,
2936 4592 3365 4655 necessarium
3395 4610 3533 4655 esse
3562 4610 3735 4672 prae-

2151 4700 2533 4764 cognoscere
2574 4702 2689 4765 per
2726 4686 3010 4747 naturale
3052 4685 3297 4760 lumen,
3336 4686 3540 4749 Deum
3582 4702 3729 4747 esse

2150 4774 2419 4853 primam
2443 4778 2793 4853 veritatem,
2826 4784 2889 4841 et
2913 4778 3077 4841 hanc
3101 4778 3523 4860 cognitionem
3552 4780 3733 4841 suffi-

2153 4884 2298 4931 cere
2336 4869 2419 4931 ad
2446 4868 2835 4932 fundandam
2870 4870 3064 4933 fidem
3100 4870 3367 4933 aliarum
3404 4888 3615 4933 rerum
3658 4872 3729 4931 in

2154 4960 2507 5023 testimonio
2534 4963 2751 5044 primae
2774 4963 3075 5039 veritatis,
3100 4980 3309 5045 neque
3332 4980 3518 5045 posse
3548 4964 3727 5025 illam

2152 5054 2573 5134 cognitionem
2616 5072 2755 5118 esse
2786 5055 3069 5118 altiorem
3104 5063 3212 5118 aut
3253 5056 3722 5137 perfectiorem.

2152 5146 2332 5209 Hunc
2372 5147 2619 5211 dicendi
2667 5148 2926 5211 modum
2968 5148 3203 5211 indicat
3230 5148 3531 5211 -Altisiod.
3555 5193 3574 5222 ,
3600 5149 3649 5209 l.
3686 5152 3729 5213 3
3838 5206 3840 5218 .

2150 5238 2323 5303 Sum.
2346 5284 2365 5315 ‚
2393 5246 2637 5305 tractat.
2672 5244 2743 5317 3,
2774 5260 2831 5304 c.
2863 5244 2924 5318 2,
2954 5260 3017 5323 q.
3054 5247 3113 5319 l,
3146 5249 3209 5305 et
3248 5242 3488 5306 inducit
3524 5242 3729 5303 verba

2150 5331 2350 5408 Pauli,
2394 5334 2477 5395 ad
2524 5335 2713 5396 Hebr.
2760 5337 2829 5396 Η
2878 5353 2893 5395 :
2939 5333 3325 5399 decedentem
3368 5337 3453 5399 ad
3495 5335 3722 5409 mum,

2148 5427 2380 5506 oportue
2420 5428 2656 5491 croam
2688 5428 2837 5509 quia
2866 5433 2982 5504 ost,
3010 5444 3153 5509 qnoe
3178 5428 3266 5491 ita
3294 5426 3603 5509 intelligit,
3652 5436 3729 5491 ut

2150 5517 2233 5580 ad
2286 5520 2717 5585 accedendum
2770 5520 2852 5585 ad
2904 5523 3108 5584 Deum
3154 5520 3732 5603 supernaturaliter
