3900 6217
455 309 574 370 540

455 419 840 474 sacramenta
858 395 939 470 ab
965 407 1251 470 haeretico
1273 413 1445 484 noto,
1467 407 1616 486 quia
1635 407 1910 487 loquitur
1932 425 2025 467 se·

456 504 728 565 cundum
764 503 868 582 jus
910 503 1270 580 antiquum,
1322 506 1390 561 ut
1422 507 1570 562 sect.
1603 505 1664 574 1,
1708 517 1954 562 numer.
1986 501 2023 560 7

456 597 852 658 advertimus.
885 593 1086 656 Habet
1107 601 1320 655 autem
1357 593 1490 655 haec
1513 595 1764 656 assertio
1792 593 2025 673 specia-

454 688 580 750 lem
612 687 1038 749 difficultatem
1071 688 1140 747 in
1178 693 1564 748 sacramento
1603 686 2024 760 confessionis,

457 783 606 862 quia
629 782 697 842 in
731 781 838 842 illo
875 787 966 844 est
1003 780 1344 842 necessaria
1363 779 1736 858 jurisdictio.
1767 778 2028 840 Haereti-

458 893 568 936 cus
604 880 816 935 autem
835 891 964 934 non
987 872 1236 934 videtur
1260 872 1488 934 habere
1505 871 2025 951 jurisdictionem,

461 974 539 1029 ut
565 968 746 1029 docet
785 966 966 1026 divus
987 965 1256 1026 Thomas
1275 967 1342 1028 2.
1367 969 1429 1040 2,
1453 984 1516 1044 q.
1547 967 1648 1036 39,
1679 971 1797 1026 art.
1831 967 1891 1025 3.
1932 964 2032 1024 Di-

452 1080 532 1126 co
565 1067 776 1122 tamen
809 1077 884 1120 ex
935 1058 998 1119 vi
1027 1076 1304 1120 censurae
1343 1077 1472 1119 non
1501 1058 1758 1120 omnino
1797 1057 2031 1120 auferri

460 1153 980 1235 jurisdictionem,
1037 1151 1233 1213 donec
1278 1170 1540 1234 persona
1578 1151 1889 1214 declarata
1925 1153 2023 1216 sit.

469 1251 567 1312 An
593 1265 740 1310 vero
767 1265 846 1308 ex
886 1246 953 1308 vi
981 1245 1230 1308 haeresis
1265 1247 1592 1308 amittatur
1617 1247 1824 1307 statim
1841 1248 2031 1326 juris-

462 1341 681 1418 dictio,
722 1341 926 1402 dicam
969 1342 1034 1400 in
1078 1345 1226 1401 sect.
1260 1341 1321 1400 5.
1358 1339 1612 1400 Addunt
1637 1357 1782 1400 vero
1809 1339 2025 1420 aliqui,

469 1435 752 1516 quamvis
795 1433 930 1494 haec
977 1450 1128 1494 vera
1155 1432 1283 1492 sint
1319 1449 1397 1492 ex
1439 1432 1504 1492 vi
1531 1451 1827 1508 censurae,
1867 1433 2033 1494 nihi·

464 1529 740 1590 lominus
781 1545 857 1590 ex
895 1527 960 1586 vi
989 1525 1245 1587 haeresis
1271 1524 1652 1606 prohibitum
1679 1544 1808 1588 esse
1833 1525 2031 1588 fideli·

461 1622 578 1683 bus
607 1621 887 1700 accipere
931 1625 1318 1680 sacramenta
1359 1619 1440 1679 ab
1478 1618 1793 1681 haeretico.
1825 1620 1916 1680 Ita
1936 1625 2030 1680 te·

463 1721 574 1776 net
601 1713 783 1788 Azor,
809 1717 961 1773 tom.
993 1715 1057 1787 2,
1095 1711 1207 1773 lib.
1244 1713 1306 1788 8,
1338 1713 1524 1792 capit.
1559 1713 1659 1786 11,
1707 1718 1929 1792 quaest.
1964 1714 2021 1776 7.

463 1808 583 1870 Sed
613 1807 994 1868 contrarium
1017 1824 1236 1878 verum
1259 1811 1370 1879 est,
1393 1823 1512 1888 per
1531 1822 1595 1867 se
1617 1805 1923 1886 loquendo,
1956 1812 2028 1866 ut

464 1901 534 1962 in
562 1898 764 1961 citatis
812 1899 962 1960 locis
989 1898 1141 1974 dixi,
1173 1906 1233 1959 et
1280 1899 1438 1959 bene
1466 1897 1742 1960 defendit
1769 1899 2025 1960 Saucius

467 2009 652 2072 supra
669 2007 690 2069 ;
719 1992 868 2070 quia
895 1990 1037 2052 talis
1067 1991 1402 2072 prohibitio
1429 2008 1634 2070 neque
1666 1997 1757 2052 est
1788 1991 2027 2071 dejure

465 2086 708 2159 divine,
741 2089 810 2145 ut
837 2102 1023 2164 supra
1051 2084 1250 2156 docui,
1304 2102 1418 2144 nec
1445 2083 1514 2144 in
1549 2083 1689 2162 jure
1717 2083 2026 2146 ecclesias-

462 2177 584 2239 tico
641 2179 980 2254 invenitur,
1025 2176 1262 2238 seclusa
1304 2195 1582 2240 censura.
1629 2177 1770 2238 Dixi
1814 2184 2025 2238 autem

456 2288 573 2352 per
615 2287 678 2334 so
709 2271 1016 2351 loquendo,
1047 2270 1193 2350 quia
1233 2285 1344 2350 per
1385 2270 1665 2332 accidens
1710 2271 1775 2330 id
1827 2277 2027 2352 potest

467 2379 599 2423 esse
642 2361 876 2424 malum
895 2407 916 2436 ,
955 2361 1053 2423 vel
1103 2362 1344 2424 ratione
1375 2361 1648 2424 scandali
1694 2364 1859 2442 quod
1889 2363 2028 2426 aliis

466 2455 766 2517 tribuitur
796 2471 816 2533 3
842 2455 942 2517 vel
968 2455 1208 2516 ratione
1251 2455 1507 2535 periculi
1529 2457 1630 2518 cui
1658 2475 1722 2518 se
1745 2441 2023 2537 &xponit,

461 2550 569 2630 qui
615 2549 694 2610 ab
739 2548 1032 2611 haeretico
1065 2549 1218 2629 petit
1257 2559 1679 2624 sacramenta3
1708 2549 1829 2624 vel,
1875 2551 1928 2610 si
1951 2550 2026 2610 il·

460 2643 617 2718 lum,
662 2661 789 2705 non
818 2649 1103 2722 paratum
1137 2644 1217 2704 ad
1250 2641 1373 2704 tale
1413 2642 1830 2704 ministerium
1870 2661 2027 2722 prae·

461 2737 776 2811 standum,
815 2737 947 2797 sine
973 2737 1333 2798 necessitate
1376 2735 1628 2798 inducat
1665 2736 1746 2796 ad
1775 2753 2029 2815 peccan-

462 2829 636 2905 dum,
667 2847 778 2891 seu
830 2830 909 2892 ad
959 2829 1024 2890 id
1053 2830 1366 2908 agendum
1416 2827 1580 2908 quod
1627 2829 1760 2890 sine
1815 2846 2029 2908 pecca-

463 2930 528 2984 to
575 2923 850 2984 facturus
892 2941 1020 2983 non
1064 2931 1177 2985 est.
1229 2923 1381 2983 Item
1412 2927 1610 3000 potest
1635 2939 1762 2982 esse
1787 2921 2027 2982 malum

465 3017 706 3078 ratione
742 3016 1188 3095 cooperationis
1223 3014 1301 3075 ad
1339 3014 1613 3094 aliquam
1649 3015 2031 3093 superstitio—

460 3127 631 3183 nem,
665 3115 734 3170 ut
776 3109 829 3169 si
868 3108 1192 3170 haereticus
1232 3106 1440 3187 aliquo
1477 3108 1603 3168 ritu
1643 3125 1768 3168 non
1813 3107 2030 3168 catho-

459 3202 580 3264 lico
612 3219 837 3263 usurus
883 3203 985 3277 sit,
1035 3206 1108 3261 'ut
1135 3200 1323 3261 variis
1367 3199 1666 3280 exemplis
1694 3201 1919 3262 Navar.
1970 3205 2033 3261 et

465 3296 644 3356 Sanc.
691 3293 853 3355 bene
886 3293 1228 3370 declarant,
1286 3300 1348 3356 et
1393 3292 1590 3354 videri
1617 3293 1802 3354 etiam
1834 3298 2034 3372 potest

462 3389 762 3469 Vasquez,
809 3387 875 3448 in
905 3405 1113 3467 opusc.
1140 3386 1218 3448 de
1253 3387 1576 3460 Scandalo,
1609 3385 1796 3447 dubio
1824 3389 1884 3448 4.
1919 3387 2034 3448 De-

463 3483 654 3562 nique
691 3487 892 3562 potest
913 3482 1294 3566 intervenire
1321 3479 1740 3543 accidentaria
1768 3480 2033 3554 malitia,

463 3593 542 3636 ex
569 3575 778 3654 aliqua
826 3575 1076 3655 speciali
1121 3572 1562 3654 prohibitione,
1611 3573 1814 3653 qualis
1837 3578 1929 3634 est
1967 3574 2035 3634 in

463 3669 861 3729 matrimonio
909 3666 1329 3730 contrahendo
1386 3684 1524 3726 cum
1590 3664 1902 3740 haeretico,
1954 3667 2031 3728 de

462 3779 586 3839 qua
612 3761 807 3822 videri
837 3767 1036 3840 potest
1059 3759 1238 3821 Sanc.
1246 3804 1267 3835 ,
1290 3758 1338 3820 l.
1367 3759 1406 3822 7
1435 3759 1512 3820 de
1540 3759 1840 3836 matrim„
1865 3758 2028 3840 disp.

467 3859 569 3930 17,
601 3873 667 3916 n.
700 3857 738 3917 5
761 3861 822 3916 et
851 3855 912 3916 6.

544 3947 602 4008 6.
639 3947 917 4010 Tertium
945 3947 1212 4023 dubium,
1256 3947 1614 4012 oriminisne
1651 3965 1732 4012 an
1768 3964 2035 4011 cemuroe

467 4041 874 4104 declaratoria
898 4039 1582 4122 aquintum—Prima
1603 4039 1802 4120 opinio
1825 4044 2034 4104 aucto·

463 4130 943 4195 ris.—-Tertium
971 4153 1044 4194 ac
1083 4132 1426 4213 principale
1454 4131 1716 4194 dubium
1743 4139 1858 4208 est,
1883 4151 2033 4212 qua·

470 4225 549 4286 lis
579 4224 911 4288 declaratio
940 4245 1052 4288 seu
1100 4225 1490 4288 denuntiatio
1526 4226 1796 4288 hoeretici
1826 4244 2033 4287 neces-

472 4319 637 4379 saria
663 4319 742 4380 sit
770 4325 832 4380 et
865 4319 1196 4395 sufficiens,
1217 4325 1288 4380 ut
1307 4319 1490 4381 vitari
1516 4318 1596 4380 ab
1619 4319 1906 4380 omnibus
1925 4318 2035 4380 dc-

467 4410 646 4487 beat3
683 4411 911 4493 duplex
957 4413 1126 4473 enim
1159 4411 1418 4490 cogitari
1468 4417 1710 4492 potest:
1741 4430 1888 4486 una,
1921 4429 2034 4492 per

467 4505 840 4566 sententiam
861 4504 1339 4566 tleclaratoriam
1367 4503 1668 4578 criminis,
1703 4522 1815 4584 per
1841 4521 2031 4583 quam

465 4597 694 4659 scilicet
708 4599 1142 4678 pronuntiatur
1154 4598 1436 4660 haeresim
1455 4597 1828 4658 commisisse
1843 4618 1860 4672 3
1881 4596 2029 4672 alia,

467 4711 578 4772 per
627 4693 999 4754 sententiam
1046 4691 1518 4754 declaratoriam
1563 4709 1864 4765 censurae,
1917 4707 2031 4770 per

469 4804 684 4865 quam,
713 4785 965 4858 scilicet,
998 4785 1438 4865 pronuntiatur
1465 4801 1790 4846 censuram
1819 4784 2031 4844 incur-

467 4879 644 4954 risse,
691 4896 800 4939 seu
841 4877 1447 4938 excommunicatum
1494 4895 1648 4938 esse.
1714 4877 1823 4938 Est
1881 4893 2031 4954 ergo

468 4971 670 5055 prima
714 4971 948 5051 opinio,
994 4969 1270 5031 sufficere
1314 4969 1790 5032 declarationem
1823 4968 2032 5029 crimi-

467 5064 592 5137 nis,
620 5081 792 5140 nam,
819 5083 892 5124 eo
921 5064 1052 5144 ipso
1080 5063 1244 5143 quod
1273 5061 1496 5142 aliquis
1523 5080 1631 5142 per
1657 5061 2031 5121 sententiam

466 5157 586 5218 den
598 5155 876 5218 untiatur
917 5155 1084 5236 quod
1135 5156 1456 5217 haereticus
1483 5158 1584 5230 sit,
1621 5154 1889 5232 juridice
1919 5172 2031 5214 no·

467 5249 742 5311 tificatur
779 5249 1066 5312 omnibus
1111 5249 1278 5330 quod
1328 5249 1900 5309 excommunicatus
1926 5248 2029 5322 sit,

471 5343 622 5424 quia
649 5344 1041 5404 notissimum
1080 5340 1370 5402 omnibus
1413 5346 1504 5400 est
1529 5338 2035 5402 excommunica-

469 5435 707 5501 tionem
735 5435 816 5498 ab
853 5436 1074 5498 haeresi
1101 5453 1228 5496 non
1277 5425 1568 5516 separari.
1598 5433 1772 5496 Hanc
1791 5437 2037 5496 senten·

1179 307 1416 362 mspn'r.
1451 309 1578 360 xxl.
1615 307 1696 362 DE
1729 306 1936 360 POENJS
1967 305 2433 361 smmwALmus
2462 307 2942 362 HAERETlconuu.

2110 407 2258 468 tiam
2309 409 2477 468 tenui
2522 408 2590 468 in
2622 413 2771 470 tom.
2806 411 2869 483 5,
2912 405 3071 488 disp.
3102 412 3163 486 9,
3194 413 3351 471 sect.
3385 411 3445 481 2,
3492 431 3651 475 num.

2107 502 2209 574 10,
2256 517 2401 560 cum
2446 501 2616 576 Soto,
2660 500 2771 563 lib.
2822 503 2863 562 9
2890 501 2969 562 de
2996 502 3239 578 Justit„
3276 521 3341 581 q.
3378 507 3437 577 1,
3466 513 3578 565 art.
3600 507 3654 582 8,

2106 594 2185 654 ad
2217 597 2274 669 1,
2306 601 2369 656 et
2406 595 2475 655 in
2520 597 2585 670 4,
2616 595 2680 656 d.
2732 598 2793 670 1,
2845 603 3057 674 quaest.
3108 599 3169 670 5,
3202 603 3331 658 art.
3360 599 3425 671 6,
3474 609 3602 677 pos·-
3624 603 3659 663 8

2107 688 2405 764 conc1u3.,
2432 695 2495 750 et
2520 689 2585 751 d.
2624 691 2725 764 13,
2758 708 2817 769 q.
2857 693 2915 764 1,
2944 697 3061 752 art.
3098 693 3161 766 9,
3198 697 3267 752 et
3296 691 3363 752 d.
3392 695 3494 768 22,
3524 711 3580 772 q.
3608 699 3657 770 1,

2106 787 2227 842 art.
2273 783 2335 843 4.
2378 779 2602 844 Tenuit
2640 783 2831 843 etiam
2878 783 3094 844 Petrus
3137 785 3311 856 Sota,
3362 784 3504 846 lect.
3534 789 3573 847 4
3594 789 3661 849 de

2110 875 2645 936 Excommunicat.
2669 897 2687 950 3
2718 875 2983 952 Gutier„
3003 876 3281 950 Medina,
3314 877 3662 958 Hem-iquos,

2110 966 2300 1028 etalii
2330 985 2485 1046 quos
2524 966 2712 1028 refert
2754 968 3033 1043 Saucius,
3096 969 3265 1030 dicto
3299 969 3345 1031 l.
3392 971 3456 1045 Ξ,
3504 989 3558 1033 c.
3604 976 3661 1048 9,

2112 1077 2287 1121 num.
2332 1062 2397 1136 4,
2428 1060 2639 1122 dicens
2684 1079 2815 1124 esee
2840 1060 3413 1140 probabilissimum
3438 1071 3665 1126 senten-

2110 1151 2287 1214 tiam.
3526 1183 3533 1188 ·

2190 1248 2250 1307 7.
2284 1244 2569 1310 Secunda
2584 1244 2785 1327 opinio
2812 1247 3555 1324 &naamam-atara
3648 1298 3662 1313 .

2110 1338 2525 1402 -Po-obatur.
2538 1371 2619 1386 -—
2638 1339 2938 1404 Secundo.
2956 1375 3043 1390 --
3062 1343 3489 1404 Nihilominus
3517 1345 3665 1407 idem

2110 1432 2369 1496 Saucius
2386 1432 2759 1497 contrariam
2774 1436 2973 1514 magis
2985 1434 3209 1515 probat
3236 1453 3383 1496 cnm
3394 1437 3621 1498 Navarr
3645 1486 3663 1515 ,

2113 1531 2288 1586 tract.
2322 1526 2399 1586 de
2414 1526 2718 1602 Oration.,
2748 1528 3007 1590 miscell.
3036 1530 3140 1603 47,
3168 1529 3236 1590 in
3266 1527 3401 1590 fine
3430 1547 3492 1592 n.
3526 1533 3583 1605 2,
3610 1540 3665 1594 et

2110 1619 2393 1697 sequitur
2418 1617 2639 1680 Graffis
2674 1620 2742 1680 in
2785 1621 3227 1696 Decisionibus,
3253 1621 3371 1683 lib.
3404 1624 3467 1698 4,
3498 1641 3546 1685 c.
3573 1628 3661 1701 11,

2108 1728 2286 1772 num.
2318 1712 2379 1772 5.
2435 1710 2798 1774 Fundantur
2828 1714 2896 1774 in
2938 1713 3147 1774 verbis
3170 1715 3659 1794 Exti-evagantia,

2106 1804 2363 1866 scilicet:
2399 1804 2559 1868 Nisi
2585 1809 2908 1879 sententia,
2942 1807 3038 1870 vol
3076 1825 3367 1876 consuo-a.
3410 1815 3522 1872 aut
3536 1829 3663 1891 pro·

2107 1895 2317 1960 bibitio
2346 1903 2557 1960 contra
2576 1915 2893 1976 personam
2923 1905 3145 1962 certam
3190 1919 3233 1962 a
3244 1902 3467 1979 judice
3485 1905 3663 1981 publi·-

2106 1996 2249 2054 cata
2302 1994 2360 2052 et
2414 1992 2769 2054 denuntiata
2815 1993 3006 2070 neeric
3020 2037 3041 2066 ‚
3085 1993 3450 2075 specialiter
3492 2002 3547 2058 et
3578 2015 3663 2058 av·

2096 2101 2329 2164 presse.
2360 2083 2537 2144 Unde
2552 2090 3092 2160 argumentantur,
3123 2087 3280 2165 quia
3306 2103 3427 2165 per
3442 2093 3662 2148 senten-

2106 2178 2263 2238 tiam
2297 2180 2547 2236 tantum
2587 2176 3056 2240 declaratoriam
3083 2179 3381 2240 criminis
3406 2197 3531 2241 non
3574 2183 3663 2243 tle-

2109 2269 2439 2330 nuutiatur
2488 2287 2748 2331 censura
2794 2271 3161 2350 specialiter,
3194 2292 3313 2334 seu
3342 2274 3665 2339 formaliter

2106 2367 2171 2423 et
2207 2380 2513 2442 expresse,
2564 2363 2673 2424 sed
2718 2369 2963 2426 tantum
3005 2366 3384 2441 virtualiter,
3418 2376 3481 2429 et
3502 2373 3659 2449 quasi

2106 2460 2341 2515 remote
2372 2461 2435 2517 et
2478 2455 2546 2516 in
2589 2455 2794 2517 radice
2820 2473 2841 2534 ;
2872 2459 2961 2518 sic
2984 2459 3159 2520 enim
3185 2477 3459 2520 censura
3490 2463 3553 2522 in
3576 2463 3665 2524 de-

2106 2546 2252 2608 licto
2280 2547 2666 2623 continetur3
2716 2567 2867 2628 ergo
2897 2567 3009 2628 per
3051 2551 3249 2612 talem
3300 2555 3664 2616 sententiam

2110 2658 2239 2700 non
2296 2639 2515 2702 satisfit
2560 2640 2766 2702 verbis
2807 2642 2977 2704 illius
3034 2643 3313 2723 decreti3
3364 2663 3513 2726 ergo
3554 2665 3665 2710 non

2110 2733 2337 2794 sufficit
2368 2739 2439 2793 ut
2489 2733 2633 2794 inde
2674 2734 2911 2796 oriatur
2940 2735 3239 2815 obligatio
3275 2739 3518 2799 vitandi
3555 2741 3665 2802 hoe-

2110 2826 2395 2888 reticum.
2422 2825 2729 2901 Secundo,
2755 2827 2927 2906 quia,
2957 2827 3109 2890 licet
3150 2829 3355 2890 doctis
3380 2831 3481 2892 vel
3507 2832 3665 2891 suffi-

2110 2918 2345 2981 cienter
2381 2919 2695 2980 instructis
2720 2918 3005 2982 fidelibus
3034 2927 3259 2984 notum
3300 2923 3403 2996 sit,
3446 2924 3667 2986 haereti-

2109 3030 2253 3073 cum
2306 3031 2436 3074 esse
2478 3015 3108 3091 excommunicatum,
3136 3016 3329 3078 multi
3368 3018 3665 3079 nibilomi-

2110 3124 2231 3166 nus
2252 3123 2332 3165 ex
2366 3105 2546 3186 plebe
2582 3105 2763 3166 facile
2804 3108 2925 3170 hoc
2946 3109 3241 3186 ignorare
3270 3117 3527 3190 possunt
3537 3133 3552 3186 3
3580 3128 3665 3172 er-

2113 3217 2193 3276 go
2220 3217 2349 3260 non
2374 3204 2469 3259 est
2490 3199 2601 3260 illa
2624 3202 2933 3262 sententia
2956 3201 3275 3264 sufficiens
3298 3204 3383 3263 ad
3402 3199 3663 3280 obligan-

2112 3293 2222 3352 dos
2261 3309 2496 3364 omnes,
2540 3309 2657 3354 nec
2698 3311 2809 3372 per
2857 3293 3035 3356 illam
3077 3295 3307 3358 satisfit
3350 3296 3659 3358 intentioni

2114 3389 2177 3446 et
2198 3384 2427 3445 rationi
2454 3383 2620 3446 illius
2659 3385 2914 3462 decreti,
2948 3405 3086 3466 quoe
3128 3387 3251 3449 fuit
3304 3395 3377 3450 ut
3420 3390 3660 3449 vitemus

2115 3477 2425 3550 scandala,
2456 3485 2519 3538 ct
2566 3479 2911 3540 occasiones
2960 3479 3061 3541 vel
3114 3481 3537 3562 delinquendi,
3572 3480 3657 3542 vel

2115 3568 2389 3631 habendi
2428 3569 2765 3649 scrupulos,
2814 3577 2881 3632 et
2918 3571 3341 3634 dubitationes
3365 3575 3525 3635 circa
3548 3575 3659 3635 evi·

2115 3664 2415 3726 tationem
2468 3665 3171 3729 excommunicatorum.
3210 3668 3470 3747 Propter
3488 3685 3654 3747 quam

2114 3758 2423 3817 rationem
2452 3757 2710 3818 Saucius
2742 3757 2833 3818 ita
2858 3757 2981 3818 hoc
3018 3766 3380 3837 exaggerat,
3422 3765 3492 3820 ut
3516 3759 3657 3818 dicat

2114 3866 2241 3910 non
2280 3849 2562 3912 sufficere
2604 3854 2677 3910 ut
2704 3851 3013 3912 sententia
3044 3850 3320 3914 declaret
3346 3852 3527 3912 talem
3544 3865 3654 3910 csse

2116 3941 2499 4018 haereticum,
2566 3949 2631 4004 et
2676 3961 2893 4004 omnes
2967 3961 3180 4023 poenas
3240 3943 3651 4006 haercticorum

2114 4035 2461 4110 incurrisse,
2524 4036 2627 4096 vel
2684 4038 2872 4099 etiam
2931 4055 3225 4100 censtuas
3278 4037 3646 4106 contraxisse,

2114 4127 2167 4188 si
2206 4129 2275 4189 in
2318 4128 2713 4208 generalibus
2758 4129 2962 4192 verbis
3000 4131 3201 4206 sistat,
3250 4131 3365 4192 sed
3398 4135 3651 4210 oportere

2113 4221 2281 4284 utin
2320 4222 2523 4300 specie
2562 4222 2829 4284 declaret
2874 4241 3003 4286 esse
3045 4223 3643 4294 excommunicatum,

2113 4313 2259 4392 quia
2300 4315 2505 4374 omnis
2542 4314 2669 4374 alia
2706 4314 3038 4378 declaratio
3086 4333 3216 4378 non
3254 4324 3353 4378 est
3396 4310 3647 4376 foi-unalis

2112 4416 2176 4468 et
2212 4425 2515 4487 expressa,
2534 4425 2737 4486 neque
2748 4426 3003 4469 omnem
3016 4409 3465 4472 dubitationem
3484 4405 3641 4466 tollit.

2192 4504 2254 4562 8.
2298 4498 2527 4562 Auctor
2550 4499 2781 4578 inipso
2800 4501 3007 4578 prima
3032 4499 3309 4584 opinione
3327 4504 3647 4582 perstat.-

2112 4594 2181 4654 In
2228 4593 2347 4654 hoc
2376 4598 2629 4672 puncto,
2660 4593 2971 4672 imprimis
3011 4611 3253 4670 censeo,
3294 4593 3549 4674 practice
3582 4605 3643 4650 ac

2110 4684 2429 4747 moraliter
2456 4685 2561 4745 vix
2607 4685 2967 4763 contingere
3000 4692 3073 4748 ut
3096 4686 3233 4746 haec
3258 4685 3550 4749 dubitatio
3568 4681 3643 4742 lo-

2112 4796 2253 4838 cum
2281 4777 2529 4852 habeat,
2582 4777 2751 4857 quia,
2802 4785 2874 4838 ut
2916 4778 3069 4840 alias
3096 4780 3338 4840 notavit
3372 4779 3638 4845 Simanc„

2111 4871 2179 4932 in
2219 4871 2519 4945 Institut.,
2547 4871 2645 4932 tit.
2680 4873 2743 4944 9,
2782 4889 2848 4930 n.
2890 4871 3030 4946 164,
3060 4887 3189 4932 non
3216 4871 3413 4934 solent
3432 4868 3640 4948 judices

2111 4964 2264 5025 adeo
2310 4964 2527 5025 breves
2570 4982 2699 5024 esse
2740 4963 2809 5024 in
2854 4965 3331 5043 pronuntiandis
3356 4959 3641 5026 sententiis

2112 5063 2175 5118 et
2214 5057 2698 5119 condemnandis
2726 5060 2873 5132 reis,
2908 5065 2979 5117 ut
3007 5057 3323 5120 declarent
3352 5057 3475 5119 illos
3498 5069 3639 5114 com-

2114 5151 2349 5210 misisse
2374 5150 2697 5223 delictum,
2740 5155 2805 5210 et
2824 5167 2951 5210 non
2976 5150 3165 5210 simul
3192 5151 3493 5212 declarent
3512 5143 3637 5206 satis

2112 5243 2399 5304 distincte
2424 5249 2487 5304 et
2525 5260 2807 5321 expresse
2830 5260 2955 5322 qua
2983 5261 3165 5322 poena
3192 5242 3352 5324 ipsos
3372 5240 3631 5308 afficiant,

2116 5335 2216 5397 vel
2240 5336 2373 5414 ipso
2404 5335 2546 5414 jure
2586 5333 2787 5396 affecti
2824 5335 2969 5397 sint.
3011 5336 3211 5416 Atque
3234 5337 3321 5398 ita
3355 5330 3635 5396 moraliter

2117 5447 2303 5490 nemo
2342 5447 2453 5509 per
2500 5427 2871 5489 sententiam
2928 5428 3279 5491 declaratur
3321 5424 3625 5493 haereticus,
