3900 6217
625 402 795 456 ssscT.
833 404 914 456 vt.
949 404 1034 455 AN
1069 404 1229 457 PAPA
1257 404 1460 457 SEMEL
1491 404 1792 457 Existi-:Ns
1823 406 1987 458 PAPA
2020 408 2415 474 NECESSARIO,
2450 411 2581 464 mm
2614 410 2802 473 vivrr,
2838 412 2975 466 ETC.

193 495 412 559 haeraei
429 514 452 579 3
491 518 604 583 per
649 518 788 563 eam
829 501 1000 563 enim
1046 503 1442 565 constituitur
1469 503 1752 565 Pontifex

193 598 369 653 extra
403 594 779 657 Ecclesiam:
811 602 874 657 et
917 596 1055 657 ideo
1083 596 1306 657 merito
1334 596 1753 659 excludendus

195 689 390 761 venit,
423 695 500 749 ut
542 690 788 769 ineptus
817 690 894 751 ad
928 689 1102 751 illam
1132 692 1490 770 regendam.
1521 694 1754 769 Terti0‚

193 778 446 842 haeresis
475 783 710 843 crimen
746 788 986 843 certum
1015 789 1105 843 est
1134 802 1206 843 ac
1235 784 1662 864 ‹lesignatum3
1705 786 1758 847 si

199 892 344 933 vero
393 875 473 935 ad
525 875 647 936 alia
691 877 957 937 crimina
1005 876 1252 938 licentia
1298 878 1755 959 extenderetur,

201 965 410 1026 nullus
437 974 598 1029 esset
623 969 928 1029 terminus
946 969 1428 1045 accusationum,
1445 976 1506 1029 et
1531 950 1760 1031 calum·

199 1060 468 1122 uiarum.
501 1062 774 1141 Denique
800 1061 850 1122 si
878 1060 1058 1123 aliter
1096 1081 1193 1124 res
1221 1070 1379 1125 esset
1399 1066 1754 1141 constituta,

197 1160 446 1231 possent
467 1170 613 1215 oves
639 1172 706 1216 se
727 1172 940 1233 gerere
963 1174 1111 1235 erga
1132 1161 1440 1235 pastorem
1457 1165 1756 1238 tanquam

189 1246 434 1324 judiees
460 1253 524 1308 et
551 1248 923 1327 superiores,
955 1248 1119 1329 quod
1149 1255 1241 1310 est
1267 1256 1481 1311 contra
1519 1256 1758 1313 rectum

195 1338 483 1402 ordinem
512 1346 576 1401 et
601 1342 928 1403 rationem.

281 1432 380 1493 16.
463 1432 692 1498 Contra
760 1440 1044 1514 quartam
1117 1434 1502 1500 assertionem
1570 1440 1758 1502 sentit

198 1524 454 1603 atussa,
515 1528 956 1590 ete—Eorum
984 1533 1342 1611 ammenta
1392 1548 1470 1593 ez
1523 1533 1760 1595 ratione

191 1622 722 1685 salvanum—Et
747 1622 876 1687 alia
901 1638 974 1685 etv
1002 1624 1368 1687 auctoritate
1405 1623 1755 1701 Clementis,

193 1730 285 1792 ep.
314 1720 338 1775 l
380 1716 1038 1779 evocabam—Porro
1063 1722 1278 1777 contra
1299 1717 1497 1797 ipsam
1514 1718 1759 1779 conclu-

199 1808 440 1869 sionem
487 1810 677 1870 sentit
705 1808 938 1884 Glossa,
980 1826 1118 1888 cap.
1162 1806 1244 1873 Si
1271 1808 1472 1891 Papa,
1509 1810 1759 1871 distinc-

196 1904 366 1965 tione
401 1905 509 1980 40,
539 1912 602 1966 et
634 1904 1028 1965 consentiunt
1067 1905 1413 1965 Canonistae
1463 1907 1714 1985 quidam
1732 1922 1753 1985 ;

195 1997 426 2077 aliique
473 2015 618 2059 cnm
667 1998 929 2074 Abbate,
953 1993 1176 2077 'capite
1223 1996 1632 2081 Significasti,
1679 1998 1758 2060 de

195 2090 539 2166 Electione,
561 2090 786 2152 volunt
812 2090 1040 2152 scilicet
1072 2091 1302 2170 Papam
1328 2090 1554 2173 deponi
1585 2110 1756 2171 posse

193 2182 272 2243 ob
297 2184 544 2245 notoria
575 2184 837 2244 crimina
865 2183 974 2244 illa
1006 2201 1147 2263 quae
1179 2202 1370 2263 grave
1399 2184 1756 2245 scandalum

189 2274 456 2337 afferant
481 2276 802 2352 Ecclesiae,
839 2275 889 2337 si
923 2282 1133 2338 tamen
1177 2276 1614 2355 incorrigibilis
1661 2296 1757 2339 os·

187 2372 505 2433 tendatur.
535 2370 918 2449 Argumenta
945 2388 1160 2432 eorum
1207 2370 1482 2431 referunt
1523 2370 1760 2451 Cajeta-

189 2484 304 2525 nus
340 2472 408 2526 et
447 2464 926 2525 Tui-recremata
969 2481 1179 2543 supra,
1211 2470 1270 2525 et
1321 2464 1758 2537 BellarminuS,

187 2558 294 2619 lib.
327 2558 612 2619 secundo
653 2558 730 2618 de
781 2557 1062 2619 Romano
1117 2557 1435 2632 Pontifice,
1484 2577 1521 2619 a
1561 2559 1762 2638 capite

189 2652 508 2731 vigesimo
553 2652 836 2732 septimO.
893 2650 1182 2724 Quasdam
1228 2670 1376 2712 vero
1429 2658 1764 2713 sumuntur

191 2766 264 2807 ex
313 2744 598 2807 naturali
646 2745 910 2820 ratione,
959 2762 1100 2824 quae
1141 2763 1178 2805 a
1227 2744 1406 2805 nobis
1445 2745 1758 2807 insinuata

190 2843 314 2920 jam
360 2846 539 2913 sunt,
599 2845 662 2900 et
703 2838 833 2900 fere
882 2838 1120 2917 solnta3
1163 2840 1544 2901 ostendimus
1587 2842 1758 2900 enim

199 2952 316 2993 non
357 2950 494 2995 oese
521 2950 735 3012 parem
773 2933 1078 2993 rationem
1131 2930 1207 2993 de
1251 2932 1472 2993 haeresi
1511 2938 1574 2995 et
1619 2932 1758 2994 aliis

209 3022 582 3102 climinibu's,
623 3032 810 3105 atque
835 3024 1120 3087 naturale
1160 3026 1264 3105 jus
1309 3027 1378 3087 in
1422 3026 1542 3087 hac
1583 3033 1758 3106 parte

203 3140 322 3183 non
347 3120 469 3181 nisi
491 3120 966 3181 convenientem
992 3117 1414 3181 defensionem
1453 3118 1755 3194 concedit,

195 3232 330 3293 quae
349 3219 560 3293 potest
593 3210 674 3273 ab
719 3212 988 3273 Ecclesia
1018 3213 1338 3291 procurari
1369 3219 1430 3273 et
1479 3212 1760 3274 adhiberi

191 3307 418 3386 absque
449 3304 717 3385 judicio,
763 3304 861 3366 vel
903 3304 1284 3385 depositione
1325 3304 1655 3367 Pontificis.
1695 3304 1758 3367 Si

191 3400 358 3460 enim
410 3398 654 3479 aliquid
711 3404 940 3460 statuat
997 3404 1216 3458 contra
1261 3396 1458 3458 bonos
1489 3416 1711 3459 mores
1736 3444 1756 3473 ,

141 3528 164 3547 .
191 3511 311 3553 non
341 3492 466 3553 erit
506 3492 604 3553 illi
655 3491 1042 3570 parendum3
1101 3491 1152 3551 si
1207 3491 1524 3570 quidpiam
1563 3496 1761 3552 tentet

193 3594 407 3649 contra
471 3586 862 3647 manifestam
919 3584 1224 3665 justitiam
1300 3590 1361 3646 et
1431 3602 1761 3646 commune

191 3682 456 3757 honum,
488 3678 586 3741 fas
612 3680 732 3741 erit
753 3678 848 3740 illi
875 3680 1202 3756 resistere3
1252 3678 1300 3739 si
1329 3678 1455 3739 vim
1507 3678 1756 3753 inferat,

197 3778 250 3835 vi
279 3772 522 3856 poterit
542 3772 779 3853 repelli,
813 3788 957 3834 cum
981 3771 1406 3833 moderamine
1431 3771 1759 3851 inculpatae

197 3868 434 3930 tutelae.
483 3863 628 3928 Alia
667 3866 890 3927 deinde
919 3870 1289 3945 argumenta
1325 3869 1658 3925 sumuntur
1681 3862 1762 3925 ab

196 3962 595 4023 anctoritate.
629 3960 835 4020 Prima
862 3965 952 4021 est
989 3957 1322 4020 Clementis
1369 3956 1634 4018 Romani
1685 3972 1762 4018 ex

197 4074 296 4116 ore
327 4054 522 4128 Petri,
554 4053 785 4133 Papam
835 4066 902 4114 se
939 4050 1274 4113 mundanis
1314 4048 1552 4111 actibus
1603 4048 1762 4112 infe·

195 4156 432 4211 rentem
463 4147 731 4227 dignum
772 4162 901 4209 esse
941 4146 1048 4226 qui
1094 4144 1457 4225 deponatur.
1505 4142 1625 4205 Sed
1655 4162 1760 4204 ne·

199 4259 515 4324 quaquam
545 4259 624 4302 eo
649 4240 718 4301 in
744 4239 878 4301 loco
923 4244 1233 4311 narratur,
1279 4236 1330 4297 si
1371 4235 1578 4312 faciat,
1611 4252 1755 4316 pro·

200 4344 402 4415 pterea
425 4334 660 4397 debere
685 4330 934 4413 deponi.
981 4328 1267 4393 Secunda
1305 4328 1478 4390 Pauli
1509 4330 1762 4390 Petrum

199 4424 732 4509 reprehendentiS,
753 4426 834 4487 ad
861 4426 1110 4491 Galatas
1125 4420 1416 4485 secundo.
1451 4419 1568 4485 Sed
1591 4422 1762 4484 aliud

199 4532 280 4585 est
307 4522 592 4585 fraterne
613 4520 944 4598 corrigere,
974 4517 1148 4579 aliud
1182 4515 1483 4597 judicare.
1529 4516 1758 4591 Tertia,

197 4636 409 4679 eorum
473 4612 848 4677 Pontificum
929 4612 1038 4692 qui
1115 4628 1182 4673 so
1243 4608 1535 4671 canonice
1599 4628 1722 4691 pur
1738 4642 1764 4656 -

193 4718 424 4791 garunt
498 4726 711 4771 coram
771 4704 1083 4788 Ecclesia,
1152 4704 1255 4766 vei
1313 4702 1587 4765 Concilio
1611 4748 1626 4775 ‚
1685 4704 1762 4765 cle

191 4804 565 4866 criminibus
626 4800 745 4862 sibi
791 4798 1068 4879 objectis,
1129 4806 1200 4857 ut
1247 4802 1414 4878 patet
1475 4796 1544 4856 in
1605 4796 1764 4857 Con-

189 4900 368 4974 ciliis,
415 4904 484 4959 et
531 4896 601 4956 in
639 4893 905 4974 juribus,
957 4908 1220 4952 numero
1267 4890 1508 4951 decimo
1540 4894 1764 4970 quarto

189 4994 417 5055 citatiS.
464 4987 892 5069 Respondetur
932 4984 1000 5045 id
1055 4999 1182 5045 non
1232 4983 1450 5045 fecisse
1501 4990 1761 5060 coactos,

190 5104 304 5147 nec
332 5102 413 5145 ex
440 5080 826 5161 obligatione
847 5078 1126 5159 justitiis,
1171 5083 1244 5139 ut
1281 5094 1360 5138 ex
1397 5076 1548 5157 ipsis
1576 5074 1764 5137 etiam

189 5176 490 5239 Cone-'diis
509 5174 718 5236 citatis
749 5177 1010 5248 constat,
1053 5170 1160 5232 sed
1204 5190 1281 5233 ex
1321 5170 1644 5245 charitate,
1684 5187 1763 5230 ne

189 5270 564 5333 scandalum
593 5268 722 5329 suis
753 5266 974 5329 ovibus
1001 5273 1304 5329 crearent.
1333 5265 1587 5339 Quarta,
1617 5262 1764 5343 quia

191 5365 474 5426 historiae
517 5359 1064 5433 circumferuntur,
1105 5360 1172 5420 in
1211 5358 1436 5438 quibus
1479 5362 1768 5417 narratur

195 5458 528 5521 Pontifices
575 5454 766 5516 fuisse
801 5452 1112 5532 depositos
1165 5458 1337 5513 extra
1387 5468 1596 5511 casum
1640 5449 1764 5510 hae-

195 5554 382 5629 resis3
407 5556 482 5613 ut
501 5551 813 5612 Joannem
845 5547 976 5625 ΧΠ,
1005 5544 1356 5625 Eugenium
1385 5544 1488 5617 IV,
1517 5544 1582 5602 in
1611 5542 1767 5603 Con-

523 5671 628 5723 111.

3284 414 3395 474 321

1837 506 1977 567 cilio
2028 508 2369 573 Basiliensi.
2414 510 2896 586 Occurrendum,
2938 514 3231 595 quicquid
3280 516 3403 580 tale

1836 606 2046 660 actum
2092 602 2173 662 sit
2217 608 2429 664 contra
2466 622 2681 665 verum
2724 611 2785 666 et
2827 605 3247 671 indubitatum
3290 614 3402 675 Pa-

1839 710 2009 771 pam,
2038 712 2282 755 mernm
2310 696 2496 757 fuisse
2520 696 2806 772 schisma,
2856 706 2919 759 et
2970 699 3224 763 inanem
3271 706 3401 766 vio·

1837 785 2115 860 lentiam,
2173 806 2311 867 quae
2362 788 2646 851 effectum
2709 810 2836 852 non
2890 799 2979 853 est
3037 806 3358 861 consecuta
3374 816 3396 878 3

1841 878 1916 939 de
1951 898 2076 959 quo
2103 879 2225 941 late
2252 882 2720 945 Turrecremata
2750 902 2957 965 supra,
2980 892 3041 948 et
3068 888 3109 949 1.
3143 892 3204 963 4,
3239 899 3393 970 part.

1841 974 1902 1042 1,
1927 991 1984 1032 c.
2016 974 2090 1048 93
2120 974 2395 1051 PighiuS,
2432 974 2476 1035 1.
2508 978 2570 1053 6,
2600 998 2651 1038 c.
2686 979 3313 1064 19·Be11a1msupra‚
3340 1005 3395 1048 c.

1839 1066 1940 1126 29.
1982 1066 2067 1126 Ex
2102 1066 2200 1127 his
2223 1068 2378 1146 jam,

1923 1161 2023 1219 17.
2074 1158 2299 1233 Quinta
2327 1162 2605 1226 assertio,
2610 1164 2836 1226 —Dico
2881 1166 3099 1247 quinto
3145 1192 3159 1230 :
3216 1190 3397 1234 verns

1840 1264 1901 1313 et
1927 1251 2313 1315 indubitatus
2360 1254 2693 1333 Pontifex,
2744 1258 2863 1320 nisi
2899 1260 2963 1321 in
3037 1270 3399 1342 perpetuam

1837 1343 2074 1406 incidat
2102 1348 2437 1408 amentiam
2469 1350 2559 1425 (in
2601 1367 2722 1427 quo
2771 1368 2913 1410 casu
2956 1351 3093 1432 ipso
3134 1355 3269 1432 jure
3309 1358 3401 1418 di·

1837 1438 1989 1499 vino
2038 1439 2367 1518 privatur),
2410 1443 2694 1519 quamvis
2745 1444 2959 1504 multis
3000 1446 3136 1505 aliis
3168 1447 3403 1515 income

1838 1532 2045 1591 modis
2072 1536 2138 1607 et
2176 1531 2630 1595 calamitatibus
2654 1535 3050 1616 impediatur,
3090 1558 3169 1599 ne
3214 1542 3404 1620 possit

1837 1624 2170 1685 Ecclesiam
2200 1626 2521 1687 commode
2549 1626 2924 1705 gubernare,
2958 1630 3021 1689 in
3038 1648 3149 1691 sua
3172 1641 3401 1713 perstat

1841 1734 2086 1797 semper
2116 1716 2444 1795 dignitate,
2478 1737 2591 1780 nec
2622 1726 2819 1798 potest
2848 1720 2953 1781 illa
2984 1724 3237 1801 privari.
3270 1726 3397 1787 Sub

1837 1810 1952 1871 hac
1988 1809 2380 1872 conclusione
2406 1810 2863 1891 comprehendo
2891 1813 3189 1893 plurimos
3217 1836 3399 1879 even·

1835 1910 1960 1979 tus,
2005 1904 2081 1965 de
2120 1903 2345 1984 quibus
2396 1906 2748 1983 cajetanus,
2819 1909 3285 1971 Turrecremata
3338 1920 3401 1975 et

1836 1996 2094 2075 Pighius
2121 2016 2307 2077 supra
2346 1996 2468 2060 late
2516 1998 2858 2077 disputant,
2888 2018 3029 2061 cnm
3079 2004 3287 2083 eisque
3330 2006 3397 2066 in

1837 2090 2128 2151 omnibus
2167 2091 2501 2167 convenio;
2568 2109 2715 2152 nam
2774 2100 3071 2173 perpetua
3126 2100 3400 2161 amentia

1837 2183 2166 2263 aequivalet
2204 2184 2414 2260 morti,
2464 2184 2668 2265 quoad
2712 2202 2895 2245 usum
2932 2187 3189 2267 rationis
3231 2196 3291 2250 et
3326 2190 3401 2251 li-

1838 2275 2117 2353 bertatis,
2152 2282 2339 2356 atque
2368 2277 2521 2337 adeo
2540 2277 2743 2356 quoad
2784 2279 3181 2357 capacitatem
3210 2282 3403 2362 juris-

1841 2370 2127 2430 dictionis
2157 2377 2218 2430 et
2237 2370 2579 2449 dignitatis.
2610 2371 2911 2433 Probatur
2929 2376 3115 2434 etiam
3145 2376 3403 2437 rationi-

1841 2460 1958 2521 bus
1992 2480 2179 2541 supra
2206 2459 2384 2523 factis
2410 2463 2476 2523 in
2505 2481 2769 2525 numero
2804 2463 3064 2529 decimo.
3088 2468 3333 2529 Etenim
3350 2470 3404 2531 si

1841 2552 2055 2615 liceret
2098 2573 2273 2615 casus
2326 2554 2479 2617 alios
2530 2554 2791 2636 fingere,
2846 2557 2914 2619 in
2964 2559 3188 2639 quibus
3247 2569 3407 2625 esset

1842 2650 2007 2728 Papa
2036 2648 2457 2727 deponenduS,
2488 2656 2560 2711 ut
2599 2658 2852 2731 propter
2896 2651 3157 2717 nimiam
3200 2674 3407 2719 senec-

1838 2747 2063 2817 tutem,
2100 2748 2210 2803 aut
2237 2743 2657 2822 captivitatem
2684 2751 3075 2826 perpetuam,
3119 2764 3191 2809 ac
3234 2749 3404 2812 simi-

1839 2834 1955 2910 les,
1984 2836 2245 2897 daretur
2267 2838 2503 2898 occasio
2531 2837 2959 2917 schismatum,
2991 2848 3232 2924 etsaepe
3262 2846 3404 2923 jure

1839 2928 1984 2989 vel
1968 2930 2199 3008 injuria
2229 2947 2413 2991 verus
2436 2928 2763 2993 Pontifex·
2746 2950 2811 2993 ιιι
2847 2932 3107 2995 dubium
3160 2954 3407 2998 vocare·
3498 2940 3505 2947 '

1837 3028 1979 3099 tur3
2034 3024 2291 3084 omnino
2355 3042 2503 3103 ergo
2566 3026 2838 3105 oportuit
2886 3026 3179 3107 praecludi
3236 3032 3405 3093 viam

1840 3115 2247 3176 seditionibus
2267 3123 2329 3177 et
2358 3116 2921 3196 perturbationibus
2944 3118 3225 3183 Ecclesiae
3242 3122 3405 3187 circa

1839 3226 2059 3269 verum
2090 3210 2475 3272 Pontificem.
3416 3282 3423 3289 .

1925 3303 2024 3363 18.
2076 3300 2481 3377 Quorumdam
2519 3304 2721 3386 opinio
2777 3311 3165 3387 temperatur.
3188 3312 3409 3373 —Vo-

1839 3395 1979 3456 lunt
2008 3404 2217 3457 autem
2257 3397 2512 3475 quidam
2542 3400 2737 3460 teneri
2794 3402 2860 3461 in
2918 3400 3275 3480 hujusmodi
3306 3422 3405 3467 ca-

1840 3488 2009 3549 sibus
2032 3489 2391 3550 Pontificem
2421 3492 2781 3554 renuntiare
2810 3495 3214 3574 episcopatui,
3232 3496 3406 3575 ‘quod

1840 3582 2099 3644 fortasse
2154 3600 2375 3644 verum
2426 3590 2539 3662 est,
2592 3586 2841 3665 quando
2883 3588 3403 3668 impedimentum

1843 3676 1977 3755 ejus
2000 3676 2065 3735 in
2098 3692 2399 3754 magnum
2436 3686 2719 3757 vergeret
2750 3678 3035 3741 Ecclesiae
3064 3680 3402 3742 detrimen·

1841 3774 2005 3845 tum,
2036 3774 2098 3830 ct
2136 3769 2313 3831 nulla
2334 3772 2422 3831 vis
2458 3778 2519 3833 et
2548 3772 2780 3851 injuria
2808 3774 3145 3835 inferretur
3194 3774 3406 3836 Ponti-

1842 3859 1944 3921 fici
1968 3860 2048 3921 ab
2074 3862 2219 3941 ipsis
2242 3860 2567 3942 fidelibus3
2602 3866 2880 3945 quandiu
2916 3883 3064 3927 vem
3094 3867 3257 3947 Papa
3293 3884 3403 3929 va-

1841 3952 1930 4015 let
1966 3953 2121 4015 alias
2174 3954 2548 4018 sufficienter
2574 3958 2895 4037 providere
2931 3958 3241 4037 Ecclesiae,
3273 3978 3403 4021 non

1841 4047 2156 4109 tenebitur
2182 4050 2564 4126 renuntiare,
2594 4050 2885 4132 idemque
2926 4070 3170 4128 censen,
3218 4054 3269 4114 si
3324 4072 3401 4115 ex

1842 4140 2075 4221 injuria
2115 4146 2178 4202 et
2214 4142 2635 4205 inobedientia
2678 4144 2959 4206 fidelium
3014 4144 3403 4209 subditorum

1843 4234 2191 4313 proveniat,
2223 4236 2559 4314 quominus
2587 4237 2775 4315 possit
2802 4238 3242 4299 convenienter
3262 4236 3407 4301 fun-

1841 4326 1906 4404 gi
1937 4344 2053 4387 suo
2106 4342 2390 4403 munere,
2420 4329 2569 4407 quia
2598 4328 2770 4389 fraus
2814 4335 2874 4391 et
2910 4328 3206 4409 iniquitas
3242 4330 3403 4392 nulli

1840 4419 2049 4481 favere
2102 4419 2306 4497 debet,
2358 4422 2639 4501 quamvis
2677 4422 2745 4483 in
2808 4421 2925 4483 hac
2964 4428 3138 4503 parte
3184 4426 3404 4505 regula

1842 4512 2159 4574 charitatis
2190 4519 2351 4575 esset
2402 4514 2687 4575 Pontifici
2743 4515 3140 4577 consulenda.
3192 4518 3405 4599 Neque

1843 4624 2014 4681 vero,
2045 4606 2099 4667 si
2138 4608 2205 4668 in
2248 4622 2395 4667 casu
2449 4606 2661 4687 aliquo
2701 4607 2779 4667 ad
2822 4609 3308 4672 renuntiandum
3336 4612 3405 4673 in

1843 4702 2219 4763 conscientia
2240 4700 2643 4782 obligaretur,
2668 4706 2870 4783 posset
2908 4702 2987 4763 ab
3010 4704 3279 4765 Ecclesia
3302 4704 3407 4766 de-

1844 4795 2018 4874 poni,
2050 4794 2149 4857 vel
2199 4795 2341 4873 cogi
2394 4795 2473 4855 ad
2514 4796 3038 4873 renuntiandum,
3088 4798 3237 4877 quia
3288 4816 3404 4859 nec

1843 4886 1936 4948 illi
1966 4888 2247 4969 superior
2273 4894 2387 4963 est,
2418 4906 2534 4949 nec
2560 4890 2629 4951 in
2657 4888 2838 4950 illum
2867 4888 3057 4950 habet
3074 4890 3202 4949 vim
3234 4896 3406 4953 'coac-

1843 4982 2062 5042 tivam.
2100 4980 2360 5043 Minime
2387 4997 2532 5043 vero
2558 4983 2751 5062 probo
2782 4983 3221 5046 limitationem
3254 5004 3405 5065 quo·

1845 5075 2163 5150 rumdam,
2214 5073 2265 5134 si
2315 5074 2479 5155 Papa
2533 5076 2886 5157 juramento
2928 5077 3297 5157 promiserat
3342 5098 3407 5141 se

1843 5168 2374 5244 renuntiaturum,
2407 5186 2582 5249 posse
2610 5168 2691 5231 ab
2720 5169 2985 5231 Ecclesia
3018 5170 3156 5249 cogi
3182 5171 3261 5231 ad
3284 5190 3409 5234 ser·-

1847 5262 2122 5323 vandum
2160 5264 2591 5341 juramentum
2606 5278 2627 5341 ;
2672 5282 2820 5324 nam
2865 5264 3158 5344 quiequid
3215 5266 3294 5326 sit
3330 5267 3407 5327 de

1845 5354 1991 5415 talis
2014 5356 2354 5434 juramenti
2374 5356 2579 5418 valore
2602 5363 2666 5419 et
2687 5357 3087 5437 obligatione,
3115 5358 3407 5439 quicquid

1851 5449 2040 5510 etiam
2070 5448 2145 5510 de
2168 5449 2336 5510 licita
2362 5456 2471 5511 aut
2502 5452 2719 5511 illicita
2740 5451 2873 5530 ujus
2902 5452 3405 5530 transgressione,

1854 5559 2251 5623 nequaquam
2280 5542 2361 5604 ob
2408 5543 2469 5604 id
2522 5549 2729 5624 posset
2779 5544 2919 5622 cogi
2973 5542 3053 5603 ab
3099 5542 3260 5620 ullo,
3305 5546 3418 5627 qui

3017 5648 3091 5713 21
