3900 6217
528 370 648 433 338

532 477 785 551 PauluS,
813 474 892 537 ad
933 474 1118 537 Hebr.
1163 476 1263 551 10,
1305 474 1594 537 dixisset:
1623 476 1848 540 Jmtus
1877 493 1950 541 ex
1976 476 2097 557 fido

531 569 706 642 vivit,
743 571 949 630 statim
991 567 1351 647 subjungit:
1391 569 1519 632 Est
1545 574 1746 633 autem
1784 569 1935 645 fides
1963 570 2097 631 sub·

533 668 668 730 stan
677 663 766 725 tia
804 680 1008 726 rerum
1034 662 1494 741 sperandarum,
1521 668 1942 742 argumentum
1978 679 2097 723 non

532 758 954 841 apparentium
967 782 994 831 ;
1015 774 1153 835 quae
1185 760 1276 816 est
1308 754 1633 834 descriptio
1661 760 2096 836 supernatura-

532 851 608 913 lis
634 850 779 912 fidei
801 849 1140 911 secundum
1168 866 1384 910 omnes
1404 848 1768 929 Theologos,
1791 853 1862 909 ut
1882 867 2093 929 supra,

531 947 760 1023 disput.
800 944 863 1018 6,
896 947 1041 1004 sect.
1075 944 1138 1016 2,
1169 942 1440 1003 vidimus
1453 958 1476 1021 3
1505 948 1568 1004 et
1611 943 1796 1022 paulo
1839 948 1979 1021 post
2020 942 2097 1004 de

533 1038 747 1099 eadem
789 1036 912 1097 fide
962 1034 1168 1096 subdit
1199 1056 1213 1095 ε
1265 1034 1421 1099 Sine
1448 1038 1568 1115 fido
1602 1036 1970 1115 impossibile
2006 1039 2097 1098 est

451 1142 466 1155 ·
523 1132 765 1213 placere
801 1130 923 1191 Deo
955 1155 978 1189 .·
1011 1146 1158 1207 ergo
1203 1127 1336 1189 haec
1377 1128 1549 1205 fideS,
1582 1147 1720 1208 quse
1751 1128 2095 1190 necessaria

532 1231 624 1283 est
671 1222 750 1283 ad
794 1221 1164 1302 placendum
1217 1222 1340 1283 Deo
1360 1266 1381 1297 ,
1437 1221 1920 1301 supernaturalis
1978 1228 2089 1283 est.

531 1316 708 1379 Unde
744 1315 822 1375 ad
845 1314 1152 1376 Romanos
1177 1316 1402 1394 prime,
1427 1314 1703 1393 allegans
1739 1313 1965 1375 Paulus
1992 1334 2095 1376 ea-

531 1409 673 1471 dem
698 1407 886 1469 verba
913 1430 928 1468 :
955 1408 1178 1470 Justus
1197 1426 1270 1471 em
1285 1408 1402 1488 fide
1424 1408 1599 1479 civit,
1621 1407 1696 1468 de
1723 1406 1843 1467 fide
1873 1408 2103 1469 Christi·

529 1500 842 1579 intelligit,
883 1518 1072 1580 qnam
1100 1500 1250 1561 dicit
1283 1502 1692 1561 necessariam
1721 1519 1848 1563 esse
1880 1500 1961 1561 ad
2000 1520 2094 1563 sa-

527 1597 722 1657 lutem
738 1617 755 1670 3
787 1602 849 1655 et
874 1594 950 1655 de
977 1594 1194 1656 eadem
1235 1593 1382 1673 loqu
1394 1594 1517 1655 itur
1543 1594 1613 1655 in
1652 1595 1790 1657 aliis
1817 1595 1968 1657 locis
1996 1614 2097 1655 su-

457 1722 467 1731 ·
529 1708 644 1770 pra
684 1688 903 1749 citatis».
945 1688 1119 1749 Unde
1149 1686 1228 1747 ad
1256 1686 1518 1767 Philipp.
1551 1692 1579 1748 1
1623 1688 1995 1767 generaliter
2018 1688 2095 1749 de

529 1784 646 1847 hac
686 1782 808 1843 fide
846 1781 1026 1855 dicit,
1070 1780 1250 1841 nobis
1288 1797 1406 1861 pro
1457 1780 1697 1845 Christo
1741 1783 1959 1843 donari
1972 1799 1993 1859 3
2034 1788 2098 1843 et

529 1876 804 1939 Christus
847 1875 1165 1951 DominuS,
1203 1874 1386 1935 Joan.
1431 1876 1493 1949 6,
1532 1874 1718 1937 fidem
1750 1880 1924 1937 vocat
1947 1892 2095 1957 opus

527 1972 664 2045 Dei,
699 1970 848 2051 quia
875 1976 967 2031 est
990 1988 1144 2049 opus
1173 1969 1676 2049 supernaturale3
1705 1988 1852 2049 ergo
1879 1976 1970 2031 est
1998 1988 2097 2029 su-

526 2062 933 2143 pernaturalis
973 2062 1080 2123 illa
1123 2062 1298 2139 fides,
1331 2080 1466 2143 quae
1515 2069 1606 2124 est
1643 2067 1983 2125 necessaria
2011 2063 2091 2124 ad

529 2156 811 2217 salutem.
838 2154 1117 2217 Secundo
1141 2156 1408 2216 sumitur
1431 2154 1564 2217 haec
1586 2156 1814 2217 veritas
1837 2175 1914 2217 ex
1936 2156 2094 2218 Con·

529 2250 669 2311 cilio
693 2247 1080 2323 TridentinO,
1111 2267 1256 2310 sesS.
1299 2251 1360 2324 6,
1393 2267 1615 2311 canon.
1649 2250 1722 2327 3,
1752 2249 1830 2311 de
1855 2251 2094 2313 Justifi-

529 2343 812 2403 catione:
849 2341 1089 2422 Siquis
1115 2342 1340 2404 dixerit
1365 2359 1537 2423 posse
1573 2343 1866 2406 hominem
1896 2347 2087 2409 crede-

527 2453 624 2513 re,
676 2436 839 2498 sicut
885 2440 1142 2517 oportet,
1191 2436 1321 2498 sine
1361 2438 1757 2517 praeveniente
1808 2436 2090 2519 Spiritus

533 2526 757 2592 Sancti
791 2527 1211 2607 inspiratione,
1241 2535 1297 2594 et
1323 2532 1455 2611 ejus
1491 2530 1817 2609 adjutorio,
1843 2534 2089 2597 anathe-

525 2640 626 2683 ma
653 2622 759 2685 sit.
813 2621 924 2683 1113
962 2627 1170 2683 31113111
1201 2621 1378 2697 fideS,
1421 2622 1498 2684 de
1530 2642 1654 2703 qna
1683 2622 1802 2685 hoc
1845 2624 2084 2702 definit,

524 2720 616 2775 'est
653 2714 995 2776 necessaria
1042 2714 1119 2775 ad
1169 2715 1703 2795 justificationem3
1751 2734 1899 2797 ergo
1947 2719 2089 2779 talis

526 2824 657 2868 esse
694 2806 876 2869 debet
921 2806 1029 2867 illa
1059 2807 1234 2882 fides,
1281 2815 1354 2868 ut
1385 2827 1514 2870 11011
1557 2808 1794 2871 viribus
1820 2818 2085 2887 naturae,

525 2899 628 2962 sed
659 2900 877 2980 gratiae
923 2899 1140 2962 haberi
1167 2901 1390 2981 possit3
1428 2908 1521 2963 est
1549 2920 1698 2981 ergo
1723 2910 2089 2983 supernatu-

520 2993 702 3065 ralis;
742 3000 927 3073 atque
953 2994 1072 3055 hoc
1101 2993 1284 3055 modo
1313 2995 1565 3075 probari
1593 3002 1792 3075 potest
1832 2999 2088 3059 assertio

522 3106 600 3147 ex
647 3086 929 3148 Conciliis
973 3085 1330 3149 Milevitano
1381 3095 1442 3151 et
1487 3090 1886 3167 ArausicanO,
1938 3091 2087 3153 defi-

519 3180 834 3241 nientibus
867 3178 1056 3241 fidem
1084 3198 1212 3243 non
1242 3200 1416 3260 posse
1444 3182 1662 3245 haberi
1685 3184 1815 3247 aine
1839 3183 2049 3266 qratia
2064 3201 2085 3264 3

519 3273 856 3353 loquuntur
884 3272 1054 3334 enim
1077 3274 1152 3334 de
1181 3274 1305 3336 fide
1327 3275 1407 3336 ad
1427 3276 1688 3337 salutem
1717 3280 2084 3356 necessaria,

518 3374 580 3429 et
607 3367 684 3429 ad
713 3367 875 3428 idem
909 3368 1117 3429 afferri
1144 3376 1397 3449 possunt
1441 3370 1690 3432 infinita
1733 3390 1924 3453 prope
1960 3373 2085 3434 Au·-

519 3458 750 3539 gustini
793 3460 1183 3522 testimouia¹
1214 3508 1233 3537 ‚
1279 3461 1502 3541 quibus
1552 3462 1712 3524 hanc
1761 3466 2084 3527 veritatem

518 3560 733 3614 contra
753 3552 1112 3631 Pelagianos
1133 3554 1478 3631 confirmat,
1501 3574 1638 3636 quae
1661 3556 1738 3617 ad
1759 3558 2083 3619 materiam

522 3648 596 3707 de
629 3646 829 3725 gratia
857 3650 1157 3725 spectant,
1183 3654 1243 3708 et
1269 3649 1408 3710 ideo
1434 3649 1540 3709 illa
1567 3650 1808 3726 omitto,
1835 3651 2085 3711 sufficit-

519 3757 640 3820 que
661 3757 824 3799 unus
847 3738 1002 3799 liber
1022 3740 1097 3802 de
1124 3741 1664 3805 Praedestinatione
1689 3744 2081 3821 Sanctorum,

519 3850 653 3913 cap.
685 3834 746 3893 2.

595 3928 656 3985 7.
703 3926 1009 3990 Probatur
1044 3928 1221 3991 tertio
1263 3930 1520 3993 ration-e.
1543 3962 1625 3975 —
1651 3930 1909 3992 Ratione
1940 3948 2082 4011 pro·

519 4018 703 4079 batur
731 4020 1066 4095 conclusio,
1097 4022 1246 4103 quia
1274 4021 1374 4085 vel
1401 4029 1494 4085 est
1521 4042 1722 4086 sermo
1751 4024 1828 4084 de
1853 4024 2081 4085 actuali

517 4110 662 4187 fide,
692 4111 794 4173 vel
822 4112 898 4174 de
924 4112 1254 4175 habituali.
1283 4117 1366 4178 De
1394 4116 1702 4179 habituali
1729 4122 1969 4178 certum
1990 4122 2083 4179 est

516 4206 834 4267 neminem
869 4206 1116 4286 salvari,
1165 4210 1285 4270 nisi
1325 4210 1500 4290 prius
1545 4212 1612 4273 in
1658 4212 1788 4272 vita
1833 4210 2079 4272 mortali

515 4298 794 4359 habitum
820 4298 964 4363 fidei
992 4300 1210 4364 infusae
1239 4304 1596 4382 obtinuerit,
1625 4305 1771 4385 qnia
1807 4323 1932 4366 non
1971 4322 2078 4385 po-

517 4398 634 4453 test
675 4391 924 4468 salvari,
955 4393 1076 4455 nisi
1103 4393 1307 4457 viator
1329 4397 1724 4475 justificetur,
1755 4404 1818 4459 et
1857 4417 1896 4459 a
1939 4417 2077 4478 pec·-

516 4490 651 4547 cato
679 4486 1054 4549 mundetur:
1095 4488 1462 4565 justificatur
1501 4496 1708 4553 autem
1737 4491 2079 4553 formaliter

514 4596 626 4657 per
651 4578 952 4658 justitiam
991 4580 1372 4643 habitualem
1399 4583 1708 4657 infusam;
1754 4602 1902 4663 ergo
1941 4584 2075 4645 sine

513 4669 630 4731 hac
653 4671 898 4749 justitia
917 4689 1102 4734 nemo
1123 4674 1420 4736 salvatur.
1456 4676 1598 4749 Sed,
1621 4682 1691 4737 ut
1716 4695 1899 4757 snpra
1918 4676 2071 4753 dixi,

515 4762 762 4825 habitus
791 4764 936 4825 fidei
972 4774 1063 4827 est
1099 4767 1196 4828 vel
1241 4786 1404 4847 para,
1453 4769 1552 4829 vel
1597 4768 2075 4831 fundamentum

515 4856 700 4935 hujus
734 4858 1030 4937 justitioe3
1076 4876 1226 4939 ergo
1263 4862 1398 4923 sine
1442 4860 1663 4923 habitu
1701 4862 1848 4923 fidei
1887 4880 2075 4925 nemo

517 4950 811 5013 salvatur.
861 4950 1066 5031 Atque
1115 4952 1250 5014 haec
1301 4954 1462 5015 ratio
1511 4956 1783 5034 procedit
1838 4954 1914 5017 de
1963 4956 2073 5017 113-

517 5042 652 5103 bitu
679 5044 1132 5125 supernaturali
1170 5044 1400 5125 inquO,
1433 5050 1583 5128 quia
1612 5048 1748 5109 talis
1774 5049 2074 5111 conditio-

518 5136 614 5195 nis
643 5142 732 5195 est
764 5136 1010 5215 justitia
1037 5138 1444 5216 sanctificans,
1490 5147 1552 5202 et
1595 5142 1944 5204 communis
1983 5148 2074 5205 est

519 5229 791 5307 rarvulis
841 5250 982 5293 cum
1032 5232 1276 5296 adultis.
1327 5232 1595 5296 Ulterius
1647 5254 1818 5313 vero,
1868 5236 2072 5317 quoad

517 5318 756 5383 adultos
771 5322 1069 5403 probatur
1094 5325 1344 5389 assertio
1372 5327 1556 5389 ctiam
1579 5328 1654 5390 de
1677 5328 1900 5391 actuali
1923 5328 2071 5407 fide,

593 5518 610 5555 ²
655 5514 806 5579 Vide
833 5515 876 5579 l.
912 5518 950 5579 2
978 5518 1052 5581 (13
1081 5520 1277 5597 6131.,
1305 5540 1340 5582 3
1373 5540 1505 5603 cap.
1537 5524 1600 5583 4.

938 374 1174 428 mspnT.
1212 374 1315 427 ΧΠ.
1353 375 1434 427 DE
1465 368 1884 429 NECESSITATE
1917 368 2081 429 mom
2113 368 2442 438 QUATENUS
2474 368 2591 429 EST
2622 367 2863 427 nemun
2893 375 2979 426 An
3010 366 3306 426 SALUTEU.

2175 494 2251 537 ex
2298 477 2515 539 eodem
2564 476 2695 539 fere
2736 476 3045 557 principio
3084 492 3269 556 supra
3293 476 3497 555 posito,
3536 484 3679 560 quod

2175 569 2371 632 adulti
2399 589 2525 632 non
2554 576 3005 650 consequantur
3036 570 3336 649 justitiam
3360 572 3485 633 sine
3506 574 3679 655 dispo-

2176 662 2397 724 sitione
2428 664 2889 743 proportionata
2910 683 2927 738 ;
2952 680 3109 741 ‚ergo
3140 663 3293 723 sicut
3333 663 3551 742 justitia
3590 669 3681 731 illa

2177 763 2269 819 est
2314 758 2801 839 supernaturalis
2848 758 3054 839 quoad
3101 755 3379 817 habitum
3422 758 3572 835 fidei.
3608 764 3683 823 ita

2176 850 2493 930 dispositio
2516 851 2703 913 debet
2729 870 2857 913 esse
2886 848 3363 931 supernaturalis
3394 852 3575 930 quoad
3594 872 3683 915 ac-

2176 948 2337 1005 tum.
2392 945 2469 1005 Et
2518 944 2659 1005 ideo
2704 944 2864 1005 dixit
2904 943 3259 1023 Gregorius.
3312 942 3475 1005 hom.
3520 948 3587 1005 27
3628 948 3683 1009 111

2176 1038 2425 1100 Ezech..
2456 1056 2559 1100 eos
2592 1037 2701 1118 qui
2741 1038 2981 1100 ratione
3012 1037 3103 1097 uti
3133 1041 3402 1117 possunt,
3444 1038 3563 1099 sine
3586 1042 3685 1101 tri-

2174 1129 2291 1192 bus
2316 1130 2651 1193 virtutibus
2690 1130 3081 1209 Theologicis
3116 1148 3243 1191 non
3286 1129 3519 1205 salvari,
3546 1135 3683 1209 quod

2175 1228 2337 1285 certe
2382 1223 2677 1302 intelligit
2728 1224 2915 1285 etiam
2961 1223 3039 1285 de
3076 1221 3332 1295 actibus,
3366 1222 3504 1302 quia
3540 1230 3687 1285 actus

2174 1333 2417 1396 quoque
2444 1318 2511 1378 in
2540 1317 2686 1394 iuis,
2717 1317 2825 1396 qui
2854 1317 3095 1380 ratione
3120 1320 3403 1391 utuntur,
3433 1326 3565 1376 sunt
3592 1336 3685 1378 ne-

2175 1410 2440 1472 cessarii.
2474 1412 2663 1472 Porro
2691 1410 2945 1472 assertio
2970 1410 3102 1470 haec
3126 1408 3579 1469 fundamentum
3598 1409 3687 1471 ha-

2174 1500 2280 1562 bet
2310 1502 2376 1561 in
2412 1503 2681 1565 Concilio
2710 1503 3100 1578 Tridentino,
3135 1520 3283 1563 sess·
3318 1503 3379 1574 6,
3402 1518 3530 1581 cap.
3560 1505 3611 1577 7,
3638 1510 3689 1564 et

2174 1594 2237 1654 in
2268 1596 2341 1655 D.
2372 1596 2634 1672 Thoma,
2668 1600 2727 1657 1.
2758 1600 2821 1672 2,
2851 1601 3067 1676 qnaest.
3104 1596 3248 1672 113,
3278 1595 3449 1655 artic.
3478 1598 3514 1656 2
3550 1602 3604 1657 et
3635 1602 3686 1658 4.

2175 1690 2252 1750 Et
2287 1689 2636 1751 confirmari
2682 1696 2883 1770 potest
2932 1691 3171 1751 ratione
3214 1708 3397 1769 supra
3437 1694 3604 1765 tacta,
3626 1708 3690 1751 ex

2176 1782 2423 1862 fineque
2469 1783 2818 1864 desumpta.
2860 1784 3017 1845 Nam
3060 1783 3214 1845 visio
3257 1783 3384 1859 Dei,
3420 1782 3494 1843 ad
3531 1802 3691 1863 quam

2176 1895 2289 1955 per
2326 1878 2517 1939 fidem
2552 1878 2891 1949 tendimns,
2936 1882 3033 1940 est
3073 1876 3333 1938 omnino
3370 1884 3692 1956 supernatu-

2173 1970 2360 2045 ralis;
2396 1988 2545 2049 ergo
2584 1971 2772 2031 etiam
2798 1970 2973 2041 fideS,
3008 1988 3118 2051 per
3160 1988 3349 2049 quam
3389 1970 3689 2047 tendimus,

2174 2070 2245 2124 ut
2278 2064 2359 2125 sit
2390 2064 2853 2145 proportionata
2890 2064 3025 2140 fini,
3056 2064 3241 2126 dehet
3285 2082 3415 2125 esse
3454 2064 3691 2143 ejusdem

2173 2156 2410 2218 ordinis
2445 2176 2517 2219 33
2556 2158 3064 2239 supernaturalis.
3109 2157 3281 2219 Alias
3318 2157 3499 2219 etiam
3536 2158 3692 2219 ratio-

2172 2269 2281 2313 nes
2300 2252 2507 2313 statim
2536 2252 2865 2315 addemus.
3262 2328 3271 2335 ⁶

2252 2345 2312 2406 8.
2362 2346 2641 2409 Secunda
2668 2363 2821 2426 pars
2852 2346 3169 2428 probatur.
3194 2377 3280 2393 -
3306 2345 3595 2409 Probatur
3618 2364 3695 2409 se-

2146 2439 2377 2515 eundo,
2398 2470 2480 2483 —
2506 2439 2669 2500 Hinc
2692 2440 2871 2501 facile
2912 2440 3212 2519 probatur
3244 2440 3435 2501 altera
3460 2458 3591 2519 pars
3616 2456 3694 2499 as-

2170 2530 2476 2609 sertionis,
2526 2532 2813 2594 videlicet
2852 2532 3014 2594 hanc
3060 2532 3257 2595 fidem
3294 2532 3557 2593 maxime
3586 2547 3695 2591 esse

2168 2623 2389 2688 debere
2433 2626 2966 2704 supernaturalem
2992 2646 3071 2689 ex
3096 2626 3345 2705 objecto
3372 2626 3619 2701 formali,
3646 2632 3697 2687 et

2167 2718 2407 2779 ratione
2428 2719 2744 2796 credendi,
2775 2738 2913 2801 quae
2936 2726 3031 2783 est
3059 2722 3220 2783 Deus
3248 2720 3400 2799 ipse.
3426 2718 3587 2793 Quod
3602 2736 3695 2797 op·

2168 2812 2320 2873 time
2347 2812 2648 2892 probatur
2686 2832 2767 2875 ex
2801 2815 3006 2877 verbis
3032 2815 3186 2878 illis:
3230 2814 3496 2879 Credidit
3529 2814 3697 2876 Abra-

2170 2905 2307 2969 ham
2334 2907 2475 2981 Deo,
2510 2912 2568 2970 et
2592 2912 2940 2987 reputatum
2964 2914 3055 2973 est
3100 2908 3205 2971 iai
3248 2910 3333 2972 ad
3362 2909 3657 2988 jastium
3678 2950 3695 2981 ‚

2159 2998 2386 3061 Genes.
2421 3001 2518 3061 15.
2573 3001 2663 3061 Ex
2708 3000 2937 3079 quibus
2978 3002 3416 3063 necessitatem
3464 3001 3595 3063 fidei
3640 3019 3698 3061 ac

2164 3090 2418 3169 justitiae
2456 3091 2689 3172 colligit
2729 3094 2953 3155 Paulus
2990 3094 3071 3156 ad
3104 3096 3286 3157 Rom.
3318 3098 3379 3158 4.
3412 3097 3563 3174 Ergo
3583 3094 3696 3155 talis

2167 3182 2319 3247 fides
2358 3204 2437 3246 ex
2478 3193 2655 3267 parte
2692 3186 2917 3266 objecti
2962 3187 3245 3251 formalis
3272 3189 3602 3251 necessaria
3624 3193 3697 3247 est

2168 3278 2244 3339 ad
2286 3279 2617 3357 justitiam,
2674 3280 2877 3361 qualis
2922 3282 3044 3343 fuit
3082 3283 3151 3345 in
3198 3282 3566 3345 Abrahamo.
3608 3280 3697 3341 llla

2165 3377 2374 3433 antem
2402 3372 2622 3434 habuit
2648 3392 2762 3454 pro
2812 3375 3053 3455 ohJecto
3093 3377 3459 3455 rationeque
3484 3373 3697 3436 formali

2165 3466 2456 3527 credendi
2481 3467 2591 3529 Dei
2618 3470 3087 3547 auctoritatem3
3116 3470 3237 3531 hoc
3283 3470 3453 3532 enim
3492 3466 3697 3547 siguifi-

2165 3566 2308 3619 cant
2353 3559 2459 3621 illa
2502 3562 2737 3625 verba:
2794 3560 3065 3627 Credidit
3104 3563 3423 3629 Abraham
3462 3564 3595 3625 D00.
3634 3560 3699 3621 Et

2164 3651 2297 3713 haec
2322 3658 2414 3714 est
2439 3652 2613 3731 fides,
2646 3672 2834 3735 quam
2864 3656 3180 3735 Scriptura
3210 3673 3455 3736 semper
3487 3652 3693 3725 laudat,

2166 3751 2349 3825 atque
2397 3763 2435 3807 a
2489 3748 2669 3817 nobis
2720 3748 2937 3827 exigit,
2988 3751 3335 3829 praesertim
3384 3748 3597 3811 Paulus
3634 3744 3701 3807 ad

2164 3838 2351 3900 Hebr.
2391 3844 2491 3917 11,
2532 3848 2594 3903 31
2641 3842 2779 3904 aliis
2832 3843 2983 3905 locis
3032 3862 3224 3924 supra
3274 3844 3494 3905 citatis.
3544 3841 3697 3903 Ratio

2160 3950 2308 3993 vero
2332 3934 2709 4013 speculativa
2738 3938 2835 4013 (ut
2860 3936 2947 3999 sic
2975 3937 3204 4014 dicam)
3234 3943 3349 4011 est,
3382 3936 3529 4017 quia
3548 3942 3697 3997 actus

2161 4025 2309 4087 fidei
2339 4045 2415 4089 ex
2440 4027 2679 4107 objecto
2707 4029 2953 4091 formali
2980 4030 3292 4107 vendicat,
3322 4037 3395 4091 ut
3424 4044 3693 4109 superna·

2162 4120 2381 4181 turalis
2405 4122 2487 4181 sit
2512 4122 2941 4199 essentialiter,
2968 4130 3041 4184 ut
3086 4140 3275 4204 supra
3302 4124 3506 4187 visum
3551 4128 3635 4183 est
3656 4124 3692 4179 ¹.

2162 4213 2341 4275 Ratio
2368 4232 2611 4295 quoque
2661 4217 2915 4279 moralis
2955 4224 3049 4279 est
3091 4218 3427 4298 imprimis,
3460 4223 3529 4277 ut
3572 4214 3701 4275 fides

2160 4306 2445 4367 omnium
2482 4307 2917 4371 salvandorum
2949 4328 3076 4371 11113
3120 4312 3221 4385 sit,
3248 4312 3435 4388 juxta
3462 4308 3604 4371 illud
3630 4304 3693 4367 ad

2159 4399 2381 4479 Ephes.
2422 4402 2503 4461 4:
2548 4402 2719 4465 Unus
2766 4404 2953 4477 Deus,
3004 4420 3131 4467 una
3172 4406 3381 4483 fides,·
3412 4403 3463 4463 si
3512 4407 3695 4463 autem

2160 4492 2443 4553 omnium
2470 4492 2621 4557 fides
2646 4513 2774 4556 non
2800 4496 2867 4557 in
2894 4514 3023 4558 una
3043 4496 3149 4559 Dei
3170 4496 3538 4559 auctoritate
3560 4494 3699 4555 nite-

2158 4591 2354 4662 retur,
2384 4604 2513 4649 non
2554 4594 2803 4669 possent
2844 4590 3113 4653 viatores
3151 4607 3373 4654 omnes
3418 4591 3485 4651 in
3528 4604 3699 4648 unam

2155 4678 2343 4741 fidem
2380 4681 2711 4743 convenire
2722 4697 2743 4759 3
2788 4700 2935 4762 ergo
2974 4682 3189 4747 debuit
3212 4683 3521 4762 ejusmodi
3559 4680 3692 4743 fides

2158 4771 2406 4834 fundari
2430 4774 2497 4835 in
2516 4775 2879 4837 auctoritate
2899 4775 3137 4839 divina.
3168 4776 3550 4839 Antecedens
3572 4793 3693 4855 pro-

2158 4865 2362 4940 batur,
2394 4870 2543 4947 quia
2566 4886 2782 4931 omnes
2808 4870 3094 4933 homines
3126 4872 3393 4933 tendunt
3422 4872 3489 4931 in
3527 4886 3697 4931 unam

2157 4957 2607 5023 beatitudinem
2628 4982 2645 5035 ;
2677 4980 2826 5042 ergo
2844 4963 3075 5027 debent
3098 4964 3354 5027 tendere
3374 4983 3483 5045 per
3502 4962 3695 5025 eadem

2156 5052 2359 5113 media
2400 5054 2769 5131 essentialia,
2816 5073 3084 5135 quorum
3133 5074 3335 5119 unum
3382 5062 3475 5119 est
3522 5055 3690 5124 fide53

2156 5162 2307 5224 ergo
2347 5148 2621 5227 oportuit
2654 5147 2815 5211 hanc
2848 5148 3039 5211 fidem
3066 5169 3196 5213 esse
3228 5152 3502 5230 ejusdem
3530 5148 3697 5209 ratio-

2156 5238 2273 5314 niS,
2292 5239 2361 5301 in
2389 5240 2679 5303 omnibus
2703 5242 2815 5321 qui
2842 5243 2921 5305 ad
2946 5243 3401 5307 beatitudiuem
3426 5242 3689 5305 tendunt.

2240 5432 2254 5467 ¹
2304 5428 2540 5510 Disput.
2592 5432 2653 5505 3,
2709 5438 2853 5495 sect.
2920 5434 2973 5509 1,
3026 5450 3065 5495 a
3110 5452 3291 5497 num.
3340 5434 3407 5512 6,
3450 5437 3590 5494 sect.
3634 5431 3688 5506 5>

2157 5540 2333 5585 num.
2369 5526 2425 5585 1.
