3900 6217
613 365 729 426 178
1774 373 2012 426 ΒΙὸΡϋΤ.
2051 373 2130 425 Vl.
2169 373 2248 428 DE
2280 375 2444 428 Acw
2475 375 2657 428 rint-21.

608 472 723 532 hus
772 471 1015 552 pendet,
1064 477 1129 534 et
1174 471 1346 534 illam
1392 471 1638 552 accipit,
1684 489 1811 534 non
1840 491 1913 535 ex
1959 474 2175 536 eadem

608 564 731 626 fide
766 614 779 628 .
830 565 934 626 sed
985 583 1063 626 ex
1112 564 1353 626 lumine
1407 564 1677 625 naturali
1704 613 1720 640 ,
1780 566 1881 627 vel
1932 585 2014 628 ex
2059 565 2174 628 ali-

611 676 734 739 quo
783 658 1231 739 experimento,
1281 659 1444 736 quod
1496 677 1669 719 secus
1712 666 1805 722 est
1852 660 1917 720 in
1960 661 2175 722 divina

612 749 757 828 fide,
804 759 877 811 ut
904 769 1066 830 saepe
1094 751 1246 811 dixi.
1279 751 1355 813 Et
1398 750 1616 812 similis
1650 751 2000 814 differentia
2027 771 2172 814 cum

614 845 1009 924 proportione
1060 844 1377 906 invenitur
1432 844 1595 906 inter
1635 845 1957 906 scientiam
2007 851 2070 906 et
2098 843 2171 906 fi-

611 938 778 1010 dem,
822 945 884 998 et
930 938 1069 998 ideo
1109 935 1608 1000 confirmationes
1650 945 1913 1019 sumptae
1955 957 2033 1000 ex
2073 939 2172 1001 his

612 1032 903 1092 extremis
930 1049 1058 1092 non
1086 1031 1444 1110 procedunt.

690 1125 751 1188 9.
797 1127 900 1186 Ad
954 1126 1349 1200 fundamenta
1404 1127 1669 1188 secunda!
1743 1128 2050 1190 sententiis
2107 1128 2175 1188 in

611 1235 777 1278 num.
810 1219 869 1276 3.
907 1251 985 1262 -
1008 1217 1113 1278 Ad
1124 1218 1389 1296 primam
1416 1219 1949 1296 confirmationem.
1979 1251 2062 1266 --
2081 1219 2174 1280 Ad

610 1309 1015 1370 fundamenta
1062 1309 1319 1370 alterius
1366 1312 1712 1386 sententiae,
1746 1329 2048 1390 negamus
2079 1331 2174 1374 as-

612 1421 858 1476 sensum
880 1421 1033 1484 pure
1060 1402 1523 1482 Theologicum,
1554 1412 1617 1466 et
1638 1405 1907 1467 maxime
1955 1423 2065 1486 per
2110 1424 2174 1468 se

611 1497 983 1576 pendentem
1014 1515 1093 1558 ex
1137 1497 1440 1572 discursu,
1487 1517 1617 1560 esse
1652 1515 1972 1562 assensum
1999 1499 2170 1576 fidei,

612 1588 711 1651 vel
748 1607 921 1669 aeque
955 1595 1191 1650 certum
1242 1607 1385 1650 cum
1408 1590 1539 1667 illo,
1592 1594 1759 1671 quod
1782 1593 1929 1656 satis
1954 1592 2175 1673 proba-

618 1690 751 1744 tum
779 1691 869 1744 est
879 1698 901 1760 3
934 1701 1135 1762 neque
1155 1682 1381 1744 sufficit
1418 1685 1577 1761 quod
1627 1686 1710 1748 sit
1736 1703 2016 1748 assensus
2041 1703 2172 1748 cer-

614 1783 714 1836 tus
740 1783 805 1836 et
826 1777 1143 1852 obscurus,
1173 1777 1320 1856 quia
1346 1776 1509 1838 intra
1530 1778 1704 1840 illam
1738 1779 2172 1842 certitudinem

620 1875 873 1948 possunt
930 1887 1062 1930 esse
1132 1867 1361 1947 gradus
1418 1872 1829 1934 essentialiter
1894 1873 2122 1934 diversi
2146 1916 2168 1949 ,

611 1963 858 2040 quando
876 1968 938 2023 et
955 1963 1111 2023 ratio
1138 1963 1511 2025 assentiendi
1539 1971 1605 2024 et
1626 1966 1847 2026 modus
1866 1965 2173 2027 mediatus

611 2055 707 2116 vel
736 2055 1129 2116 immediatus
1164 2056 1509 2133 variantur,
1548 2063 1623 2118 ut
1668 2059 1813 2120 satis
1842 2060 2030 2120 etiam
2069 2077 2174 2120 ex-

612 2147 910 2230 plicatum
957 2154 1072 2208 est.
1113 2148 1206 2208 Ad
1252 2158 1695 2228 argumentum
1740 2159 1952 2214 autem
2007 2151 2173 2230 quod

613 2239 975 2302 sumebatur
1001 2261 1039 2302 a
1069 2243 1391 2318 posteriori
1413 2259 1485 2304 ex
1520 2243 1988 2306 definitionibus
2013 2245 2172 2306 Con-

617 2335 928 2411 ciliorum,
950 2335 1090 2396 dico
1104 2336 1411 2416 imprimis
1429 2336 1896 2418 ferenunquam
1922 2338 2172 2400 fundari

616 2427 883 2488 eoncilia
914 2427 980 2488 in
1006 2427 1150 2488 solis
1200 2427 1555 2506 hujusmodi
1600 2429 2009 2506 illationibus,
2065 2429 2172 2491 sed

616 2521 1015 2600 adjungendo
1044 2521 1229 2582 simul
1250 2521 1353 2584 vel
1376 2522 1614 2602 aliquas
1640 2524 1972 2603 Scripturae
2003 2524 2174 2586 locu·

618 2614 836 2689 tiones,
871 2614 969 2674 vel
1010 2613 1407 2676 traditionem
1449 2617 1728 2691 Patrum,
1784 2617 1883 2678 vel
1914 2635 2175 2678 consen·-

616 2725 753 2788 sum
784 2707 1064 2768 Ecclesiae
1086 2729 1105 2783 3
1128 2708 1294 2788 quod
1326 2709 1377 2770 si
1405 2709 1718 2771 interdum
1744 2709 2088 2772 fundantur
2111 2710 2178 2772 in

614 2800 969 2880 hujusmodi
990 2801 1267 2864 illatione
1314 2801 1467 2878 sola,
1494 2803 1635 2864 ideo
1658 2809 1753 2865 est
1778 2805 1923 2883 quia
1950 2821 2178 2884 propo-

616 2895 757 2954 sitio
809 2893 1087 2970 definita,
1116 2913 1243 2956 non
1272 2902 1517 2956 tantum
1556 2895 1811 2970 virtute,
1840 2898 1947 2959 sed
1989 2898 2179 2958 ctiam

614 2987 955 3050 iormaliter
999 2989 1351 3049 continetur
1392 2990 1459 3050 in
1496 2990 1849 3068 proemissis,
1880 2990 2026 3052 licet
2051 2991 2174 3052 for-

615 3089 777 3142 tasse
804 3081 1055 3144 contuse
1090 3083 1187 3144 vel
1209 3083 1417 3145 minus
1444 3083 1726 3164 explicite
1740 3105 1758 3160 ;
1788 3092 1849 3146 et
1872 3087 1962 3148 ita
1988 3093 2175 3146 utun-

617 3182 721 3236 tur
744 3177 1020 3238 discursu
1052 3175 1133 3236 ad
1180 3176 1610 3254 explicandam
1644 3178 1969 3240 veritatem
1993 3185 2054 3239 et
2081 3197 2175 3240 re-

620 3269 1018 3345 velationem,
1048 3287 1176 3330 non
1218 3287 1366 3332 vero
1398 3276 1469 3331 ut
1508 3272 1590 3331 sit
1617 3272 1867 3352 propria
1892 3272 2053 3334 ratio
2080 3289 2176 3332 as-

618 3364 943 3425 sentiendi.
992 3365 1079 3425 Ac
1106 3363 1373 3444 denique
1422 3364 1998 3444 quomodocumque
2026 3363 2176 3426 defi-

622 3459 821 3534 niant,
854 3476 964 3520 sua
990 3457 1351 3520 definitione
1376 3459 1530 3520 dant
1568 3459 1991 3520 immediatam
2049 3477 2177 3520 cre-

621 3550 991 3612 dibilitatem
1018 3553 1107 3612 rei
1138 3549 1436 3627 definitae,
1470 3557 1535 3612 et
1561 3550 1798 3613 faciunt
1846 3561 1917 3612 ut
1942 3553 2024 3614 sit
2047 3570 2178 3614 cre-

620 3643 828 3704 dibilis
868 3643 1224 3706 immediate
1246 3661 1324 3706 ex
1356 3645 1723 3708 auctoritate
1752 3644 1992 3720 divina,
2033 3660 2178 3725 pro·

625 3743 763 3816 pter
788 3735 1176 3797 infallibilem
1204 3739 1619 3798 assistentiam
1652 3737 1915 3818 Spiritus
1942 3739 2176 3813 Sancti,

620 3835 694 3888 ut
718 3845 926 3908 supra,
950 3829 1363 3910 disputatione
1382 3831 1587 3905 tertia,
1604 3831 1913 3892 declaravi
1936 3831 2002 3892 in
2029 3837 2178 3894 sect.

708 4020 804 4080 10.
850 4016 955 4079 Ad
968 4017 1281 4079 secundam
1308 4017 2014 4098 confirmacionem—In
2041 4017 2183 4079 ulti·

632 4129 735 4174 ma
758 4107 1226 4171 confirmatione
1256 4110 1424 4172 illius
1452 4109 1773 4172 sententioe
1798 4111 2032 4191 petitur
2062 4111 2184 4172 dis·

627 4206 845 4266 tinctio
870 4204 1221 4282 Theologiae
1246 4222 1287 4264 a
1310 4203 1455 4280 fide,
1488 4210 1551 4264 et
1578 4211 2026 4284 consequenter
2047 4204 2185 4284 quis

630 4312 693 4361 et
714 4297 913 4378 qualis
936 4299 1018 4358 sit
1057 4315 1337 4360 assensus
1372 4296 1801 4378 Theologicus,
1848 4305 1912 4360 et
1938 4297 2187 4359 habitus

632 4394 740 4473 qui
772 4411 884 4474 per
920 4391 1090 4452 illam
1138 4396 1552 4472 comparetur.
1610 4391 1759 4464 Quae
1805 4391 2018 4480 omnia
2059 4409 2188 4452 non

634 4491 892 4568 possunt
946 4484 1213 4546 breviter
1266 4483 1561 4565 explicari
1599 4501 1712 4564 pro
1753 4483 2080 4564 dignitate,
2127 4490 2189 4546 et

638 4579 836 4640 solent
873 4577 940 4637 in
970 4577 1271 4657 principio
1316 4577 1535 4656 primas
1590 4576 1784 4656 partis
1815 4579 2090 4652 tractari,
2127 4582 2190 4637 et

637 4673 777 4734 idco
804 4689 999 4752 pauca
1024 4671 1247 4748 dicam.
1286 4671 1586 4746 Primum,
1619 4670 1961 4747 generatim
1987 4685 2191 4730 assero

636 4783 887 4827 omnem
914 4779 1232 4826 assensum
1258 4763 1722 4842 Theologicum,
1749 4781 1859 4843 per
1880 4780 1945 4824 se
1969 4761 2190 4824 funda-

638 4868 777 4922 tum
816 4858 879 4919 in
924 4857 1198 4918 discursu
1234 4863 1530 4935 tauquam
1572 4856 1637 4916 in
1664 4857 1913 4936 propria
1955 4857 2192 4917 ratione

637 4951 1036 5025 assentiendi,
1073 4967 1203 5011 esse
1239 4955 1445 5010 actum
1492 4968 1619 5011 non
1646 4947 1845 5010 solum
1872 4968 1907 5010 a
1952 4948 2074 5010 fide
2103 4949 2197 5010 di·

639 5051 956 5118 stinctum,
986 5044 1093 5104 sed
1113 5043 1301 5103 etiam
1336 5041 1404 5103 iu
1445 5042 1785 5104 substantia
1808 5060 1919 5102 sua
1946 5048 2198 5104 natura-

640 5141 789 5216 lem,
835 5143 896 5198 et
923 5141 1365 5213 consequenter
1397 5134 1831 5196 certitudinem
1872 5133 2040 5195 illius
2071 5153 2196 5196 non

644 5231 933 5294 excedere
978 5228 1415 5290 certitudinem
1447 5227 1795 5289 naturalem
1840 5227 2006 5288 illius
2029 5227 2198 5307 prin-

640 5327 809 5406 cipii,
834 5343 873 5385 a
890 5342 1013 5404 quo
1032 5341 1142 5404 per
1158 5340 1223 5383 se
1248 5322 1495 5403 pendet.
1520 5321 1661 5382 Haec
1679 5322 1893 5384 omnia
1916 5326 2198 5382 constant

637 5439 716 5484 ex
744 5419 943 5493 dictis,
969 5425 1032 5478 et
1048 5414 1396 5496 probantur
1414 5415 1608 5476 etiam
1640 5431 1751 5494 per
1776 5411 1947 5476 illam
1975 5412 2196 5475 confir·

644 5515 1000 5582 mationem.
1053 5511 1283 5572 Deinde
1324 5526 1474 5570 vero
1492 5525 1707 5570 ‘assero
1728 5523 1905 5586 posse
1928 5503 2193 5568 Theolo-

2257 493 2408 553 gum
2435 476 2526 536 uti
2555 476 2857 550 discursu,
2893 491 3019 535 non
3047 477 3120 533 ut
3147 474 3378 536 ratione
3393 475 3637 554 formali,
3659 499 3747 543 seu

2255 587 2440 630 causa
2465 587 2570 649 per
2591 587 2657 630 se
2683 567 3079 643 assentiendi,
3111 567 3211 627 sed
3235 575 3303 628 ut
3327 569 3646 633 conditione
3659 591 3749 636 ne·

2255 663 2540 737 cessaria,
2569 661 2668 724 vel
2693 661 3162 722 accommodata
3183 659 3258 720 ad
3283 660 3678 742 explicandum
3699 676 3750 730 et

2255 754 2724 834 proponendum
2789 752 2936 832 quid
2994 751 3112 813 sub
3163 752 3372 814 diviua
3431 756 3750 821 revelatione

2251 849 2666 922 contineatur,
2717 848 2808 908 ita
2845 853 2938 922 ut,
2985 847 3147 908 facta
3189 846 3596 926 explicatione,
3643 858 3750 912 tota

2253 941 2412 1002 ratio
2437 940 2815 1002 assentiendi
2841 941 2925 1000 sit
2961 939 3176 1000 divina
3201 939 3506 1002 revelatio.
3547 943 3613 1004 Et
3631 950 3750 1007 tunc

2251 1034 2392 1095 dico
2419 1034 2609 1094 talem
2637 1051 2954 1094 assensum
2975 1049 3114 1094 esse
3149 1034 3670 1112 supernaturalem,
3703 1045 3752 1098 et

2253 1129 2578 1188 certiorem
2605 1143 2858 1188 assensu
2897 1125 3190 1204 naturali,
3234 1126 3405 1204 juxta
3445 1125 3676 1190 dicenda
3699 1131 3751 1191 in

2253 1223 2492 1284 duabus
2535 1222 2909 1284 sectionibus
2941 1219 3359 1300 sequentibus.
3389 1221 3606 1298 Tertio,
3641 1243 3752 1303 pro-

2253 1322 2393 1396 pter
2419 1315 2945 1392 comparationem
2983 1313 3169 1392 hujus
3203 1320 3375 1374 actus
3401 1331 3534 1374 cum
3558 1321 3680 1376 actu
3699 1315 3753 1376 fi-

2254 1410 2378 1484 dei,
2417 1408 2867 1470 advertendum
2914 1412 3030 1482 est,
3072 1405 3238 1484 quod
3277 1424 3482 1486 supra,
3529 1407 3754 1487 disputa-

2256 1502 2425 1562 tione
2449 1500 2554 1562 illa
2580 1500 2786 1574 tertia,
2837 1499 3104 1560 sectione
3143 1498 3491 1572 undecima,
3539 1517 3753 1562 numero

2253 1595 2536 1676 septimo,
2587 1600 2871 1656 notatum
2913 1598 3026 1666 est,
3079 1591 3527 1654 conclusionem
3562 1592 3754 1654 illatam

2255 1707 2366 1768 per
2392 1687 2746 1767 hujusmodi
2790 1685 3223 1766 syllogismum
3248 1684 3660 1762 Theologicum
3683 1687 3756 1746 in-

2249 1782 2496 1844 terdum
2512 1779 2814 1842 contineri
2830 1778 3187 1840 immediate
3202 1776 3320 1838 sub
3331 1777 3672 1840 revelatione
3683 1779 3758 1840 di·

2249 1877 2420 1950 viua,
2451 1876 2600 1955 quia
2627 1873 2970 1934 iormaliter
2988 1871 3344 1932 continetur
3365 1872 3432 1938 in
3455 1871 3755 1950 praemissis,

2251 1968 2350 2030 vel
2383 1969 2450 2030 in
2485 1967 2691 2048 aliqua
2721 1965 3036 2044 praemissa
3057 1963 3356 2038 revelata,
3393 1971 3462 2024 ut
3480 1963 3756 2042 singularis

2252 2063 2586 2144 propositio
2607 2061 2964 2122 continetur
2989 2057 3104 2118 suh
3131 2057 3541 2133 distributiva,
3569 2057 3654 2116 vel
3677 2057 3758 2116 de-

2253 2155 2452 2219 finitio
2473 2156 2541 2214 in
2569 2153 2858 2226 definit03
2891 2158 2954 2214 et
2995 2159 3145 2212 tunc
3177 2168 3460 2212 assensus
3491 2149 3590 2229 qui
3613 2149 3759 2210 datur

2251 2248 2360 2310 illo
2389 2247 2574 2308 modo
2595 2247 2706 2306 tali
2733 2245 3111 2306 conclusioni
3135 2262 3264 2306 non
3291 2241 3496 2304 diflert
3513 2242 3584 2303 ab
3597 2260 3760 2302 assen-

2251 2361 2324 2402 su
2352 2340 2520 2416 fidei,
2552 2340 2696 2420 quia
2721 2337 2908 2400 habet
2927 2337 3212 2399 eamdem
3239 2337 3538 2398 rationem
3579 2335 3761 2396 torma·

2252 2434 2375 2496 lem
2427 2433 2672 2512 objecti.
2723 2431 3072 2510 Aliquando
3103 2449 3251 2492 vero
3287 2449 3416 2492 non
3465 2429 3764 2490 continetur

2251 2527 2566 2588 conclusio
2619 2525 2792 2588 illata
2835 2524 3179 2586 formaliter
3219 2524 3290 2584 in
3341 2522 3654 2603 praemissa,
3689 2519 3766 2580 vel

2255 2620 2590 2700 praemissis
2616 2617 2927 2695 revelatis,
2959 2617 3066 2680 sed
3089 2624 3344 2680 tantum
3373 2617 3590 2678 virtute
3609 2620 3662 2675 et
3683 2613 3768 2674 ad-

2261 2712 2555 2774 miniculo
2579 2711 2840 2790 alicujus
2871 2711 3162 2790 principii
3181 2709 3510 2782 naturalis,
3530 2714 3598 2768 ut
3612 2724 3770 2786 quan·

2258 2807 2338 2868 do
2359 2805 2670 2884 colligitur
2693 2823 2819 2866 una
2837 2805 3182 2884 proprietas
3201 2803 3502 2866 naturalis
3527 2819 3596 2864 ex
3609 2801 3770 2862 altera

2257 2901 2554 2977 revelata,
2581 2906 2644 2961 et
2680 2899 2819 2962 ideo
2845 2903 2995 2960 tunc
3035 2915 3360 2960 assensum
3391 2913 3518 2960 esse
3553 2895 3767 2956 diversae

2259 2993 2590 3074 speciei-ab
2617 3010 2862 3054 assensu
2889 2991 3060 3067 fidei,
3091 2991 3242 3070 quia
3269 3007 3399 3052 nou
3425 2989 3696 3051 fundatur
3719 2985 3770 3044 in

2255 3087 2616 3148 immediata
2657 3095 2720 3148 et
2767 3083 3014 3146 formali
3047 3085 3434 3148 revelatione
3475 3081 3686 3155 divina,
3725 3083 3771 3138 et

2255 3179 2660 3242 nihilominus
2683 3184 2774 3240 est
2791 3177 3108 3258 probabile
3135 3175 3318 3238 illum
3348 3191 3652 3238 assensum
3671 3189 3774 3232 esse

2257 3271 2814 3352 supernaturalem,
2845 3279 2907 3334 et
2925 3271 3250 3334 certiorem
3290 3269 3590 3350 principio
3627 3270 3775 3326 natu·

2255 3365 2408 3444 rali3
2437 3366 2584 3446 quia
2619 3383 2749 3427 non
2773 3363 3072 3429 fundatur
3109 3381 3222 3444 per
3244 3381 3315 3424 se
3341 3363 3412 3424 in
3443 3361 3573 3436 ino,
3597 3357 3688 3420 sed
3727 3359 3779 3418 in

2255 3460 2656 3536 revelatione,
2699 3459 2982 3538 quamvis
3023 3473 3150 3520 non
3183 3455 3545 3520 immediata
3589 3460 3648 3514 et
3682 3451 3780 3512 for·

2259 3553 2431 3629 mali,
2463 3551 2570 3614 sed
2591 3551 2860 3614 mediata
2878 3557 2940 3612 et
2967 3551 3242 3626 virtuali,
3259 3557 3335 3610 ut
3358 3548 3540 3610 latius
3569 3545 3630 3610 in
3673 3559 3782 3624 pro-

2259 3647 2396 3726 prio
2421 3646 2557 3707 loco
2583 3644 2801 3724 primis
2823 3644 3014 3724 partis
3041 3643 3290 3724 probari
3317 3642 3494 3704 solet.

2883 3883 3098 3936 sectio
3129 3884 3187 3936 V.

2307 4069 2523 4144 Qualis
2541 4070 2650 4146 sit,
2686 4073 2741 4132 a
2773 4085 2924 4150 quas
2943 4069 3348 4242 ἵάοέζκίαισσ
3380 4067 3588 4131 habeat
3613 4069 3758 4128 actus

2349 4395 2408 4454 1.
2457 4389 2734 4456 Concinit
2777 4397 2992 4455 amor
3029 4391 3192 4454 circa
3245 4391 3360 4454 kas
3389 4389 3792 4470 ,propietates

2269 4485 2376 4548 lib.
2403 4485 2444 4546 8
2473 4481 2764 4558 deerat„
2790 4501 2922 4563 cap.
2957 4483 3056 4560 12,
3089 4503 3128 4546 a
3153 4501 3320 4548 num.
3351 4483 3418 4544 ’1.
3449 4515 3533 4529 -
3551 4478 3796 4546 Asse-tio

2268 4577 2508 4656 prima:
2535 4593 2818 4640 arreum
2829 4577 2972 4657 fidei
2994 4583 3080 4642 eet
3105 4576 3592 4640 substantialiter
3622 4579 3796 4650 super*

2265 4670 2598 4733 naturalis.
2627 4703 2710 4716 —
2737 4671 2914 4730 Prior
2950 4687 3096 4750 pars
3130 4667 3314 4748 hujus
3362 4667 3530 4730 tituli
3566 4661 3796 4740 intelligi

2271 4768 2470 4842 potest
2501 4761 2578 4822 de
2607 4761 2901 4842 qualitate
2941 4761 3256 4824 essentiali
3283 4769 3346 4824 et
3377 4761 3455 4822 de
3495 4755 3796 4820 substantia

2273 4861 2446 4916 actus
2485 4853 2656 4930 fidei,
2703 4855 2800 4916 vel
2837 4853 2915 4914 de
2953 4855 3250 4934 qualitate
3283 4851 3666 4916 accidentali.
3709 4848 3796 4908 llic

2274 4967 2422 5010 vero
2435 4949 2740 5028 praecipue
2753 4947 3124 5026 intelligitur
3137 4948 3332 5027 priori
3359 4947 3546 5010 modo
3560 4962 3581 5023 3
3603 4941 3796 5006 namin

2274 5041 2599 5121 posteriori
2638 5059 2820 5102 sensu
2843 5040 2939 5102 vel
2963 5041 3284 5114 coincidit„
3308 5039 3408 5102 vel
3429 5035 3796 5117 eomprehen-

2275 5135 2368 5194 dit
2385 5135 2572 5198 etiam
2599 5133 2998 5214 posteriorem
3025 5141 3288 5213 partem.
3313 5133 3652 5196 Dicendum
3679 5141 3796 5203 ergo

2277 5234 2368 5290 est
2399 5227 2601 5308 primo
2627 5236 2834 5288 actum
2859 5226 3002 5288 fidei
3025 5245 3155 5290 esse
3175 5225 3704 5308 supernaturalem
3725 5221 3796 5279 in-

2277 5321 2546 5382 trinsece
2573 5327 2634 5382 et
2662 5321 2728 5382 in
2757 5319 3124 5380 substantia.
3151 5320 3295 5380 Haec
3311 5319 3564 5380 assertio
3577 5315 3796 5396 probata

2274 5421 2366 5478 est
2390 5413 2514 5475 late
2539 5415 2606 5474 in
2628 5412 2885 5476 materia
2917 5413 2996 5477 de
3019 5411 3253 5490 Gratia,
3283 5412 3442 5476 libro
3469 5409 3747 5481 secundo,
3773 5415 3796 5462 a

2273 5507 2470 5587 capite
2492 5513 2712 5585 quarto
2735 5523 2928 5585 usque
2951 5505 3028 5568 ad
3067 5523 3331 5582 nonum,
3361 5513 3420 5568 et
3451 5504 3592 5566 ideo
3619 5498 3796 5583 paucis
