3900 6217
944 392 1115 445 Stc‘r.
1152 393 1234 447 ut.
1276 392 1361 444 AN
1394 391 1594 443 SACRA
1626 392 1973 447 SCRIPTUM
2007 394 2104 447 SlT
2137 396 2384 451 REGULA
2417 398 2599 452 mum.

172 497 355 563 Exod.
382 499 453 558 4:
504 498 641 577 Byo
670 515 765 559 cro
789 496 855 557 in
880 509 981 559 ore
1007 503 1131 571 tuo,
1168 501 1231 557 et
1257 495 1437 575 plura
1458 493 1581 554 alia
1606 498 1729 555 sta-

174 594 277 653 tim
300 590 663 653 afferemus.
683 590 863 651 Ratio
882 594 1091 651 autem
1112 601 1174 650 et
1201 588 1531 650 necessitas
1544 586 1731 666 hujus

174 684 545 747 conditionis
584 690 699 759 est,
746 682 893 763 quia
954 682 1079 743 nisi
1134 681 1453 761 Scriptura
1502 680 1733 741 habeat

174 780 351 839 Deum
378 782 731 851 auctorem,
762 792 889 836 non
922 781 1121 855 potest
1160 773 1438 836 divinam
1468 773 1733 835 auctori·

178 880 353 932 tatem
374 870 615 932 habere
636 890 657 945 3
683 886 831 948 ergo
858 886 1059 948 neque
1078 867 1471 929 infallibilem
1496 868 1731 927 verita·

174 972 309 1039 tem,
341 964 499 1043 quia
542 962 711 1025 solus
742 964 898 1023 Deus
952 960 1297 1023 infallibilis
1324 966 1453 1038 est3
1496 966 1559 1021 et
1589 960 1733 1021 ideo

174 1059 315 1118 dixit
354 1056 621 1135 egregie
669 1056 1075 1135 Augustinus,
1131 1054 1423 1117 concione
1450 1056 1491 1115 Ξ
1524 1053 1595 1114 111
1629 1054 1729 1114 Ps.

172 1153 270 1211 90:
312 1152 407 1211 Dc
437 1149 713 1215 civitate
749 1168 790 1212 a
824 1165 943 1232 qua
966 1150 1456 1231 pewqrinamur,
1488 1147 1736 1229 scriptae

170 1241 325 1305 nobie
343 1259 567 1305 venen
594 1243 837 1306 litteroe.

236 1336 291 1393 4.
338 1334 634 1397 Tertiam
668 1336 1041 1415 particulam
1080 1336 1327 1417 quidam
1370 1353 1490 1399 non
1516 1336 1738 1399 admit·

166 1432 307 1491 tunt.
334 1460 423 1475 -
451 1426 753 1491 Primum
798 1446 999 1493 corum
1046 1430 1356 1493 motivum.
1399 1461 1485 1475 —
1512 1428 1739 1493 Secun-

162 1523 312 1583 dam.
339 1552 427 1567 —-
448 1522 777 1585 Probatur
804 1529 999 1586 tamen
1024 1541 1097 1587 cx
1114 1522 1556 1603 Scripturoe.——
1577 1522 1738 1585 Item

162 1634 227 1681 ea·
248 1616 592 1681 Patribus.
619 1650 705 1665 —
733 1618 889 1680 Item
913 1634 985 1679 σω
1010 1617 1348 1680 nominihus
1388 1616 1738 1696 Scriptura·

164 1730 359 1772 κει-(ε.
376 1743 464 1758 -
478 1708 583 1773 De
622 1710 803 1771 tertia
847 1710 1171 1791 particula,
1222 1708 1527 1785 videlicet,
1572 1709 1735 1772 Scri·

168 1812 425 1884 pteram,
452 1811 537 1865 ut
570 1804 878 1867 canonica
897 1806 999 1878 sit,
1026 1802 1257 1865 debere
1276 1820 1405 1865 esse
1433 1803 1513 1865 ab
1542 1802 1734 1885 Spiri-

170 1906 229 1958 tu
277 1898 517 1959 Sancto
530 1944 559 1975 ,
614 1898 801 1960 ctiam
828 1899 1028 1978 quoad
1068 1897 1271 1972 cerba,
1320 1896 1515 1976 aliqui
1552 1896 1734 1957 dubi-

172 1998 315 2067 tant,
348 1998 495 2053 tum
529 1993 689 2072 quia
736 2010 863 2053 non
908 1992 1150 2053 videtur
1190 1993 1609 2053 necessarium
1650 1990 1733 2053 ad

171 2085 606 2147 certitudinem
662 2085 809 2147 fidei
859 2090 921 2147 et
953 2085 1231 2147 veritatis
1274 2085 1605 2165 Scripturae
1638 2102 1733 2146 sa-

172 2194 310 2255 σε,
364 2186 513 2241 tum
554 2179 745 2239 etiam
792 2179 940 2259 quia
994 2177 1183 2240 verba
1222 2178 1537 2259 scriptoris
1576 2178 1733 2239 sacri

172 2273 465 2333 interdum
494 2278 659 2334 sunt
684 2272 895 2335 minus
922 2272 1138 2353 polita,
1173 2276 1237 2333 et
1254 2270 1587 2352 aliquando
1608 2272 1734 2334 for-

172 2374 307 2427 tasse
342 2385 477 2427 non
507 2368 671 2429 satis
706 2384 1005 2446 congrua,
1030 2372 1093 2427 et
1119 2368 1257 2428 ideo
1286 2384 1413 2428 non
1444 2366 1735 2429 videntur

173 2462 407 2539 Spiritui
428 2460 676 2523 Sancto
710 2460 1129 2523 attribuenda.
1160 2460 1572 2521 Nihilominus
1610 2460 1734 2520 du·-

174 2553 481 2616 bitandum
512 2572 653 2615 11011
674 2560 765 2615 est
786 2554 863 2615 de
896 2554 1151 2615 veritat-e
1188 2560 1253 2615 et
1276 2554 1633 2617 necessitate
1660 2552 1736 2615 il-

176 2648 277 2708 lius
312 2648 682 2727 particulas:
716 2648 945 2727 primo,
999 2651 1145 2727 quia
1184 2648 1435 2711 videtur
1466 2662 1543 2709 ex
1574 2648 1736 2727 ipsa-

180 2748 287 2801 met
326 2744 659 2823 Scriptura
701 2742 933 2821 colligi,
956 2742 1114 2806 Psal.
1152 2742 1269 2805 44:
1313 2742 1558 2821 Linyua
1602 2758 1736 2805 mea

188 2836 417 2905 columns
459 2838 697 2898 scriba·
749 2838 1033 2900 velociter
1077 2837 1413 2909 scribentis,
1462 2851 1603 2915 quae
1656 2836 1735 2897 de

198 2930 443 3007 scriptore
496 2928 835 3005 canonico,
896 2932 1249 3009 comparato
1308 2930 1387 2989 ad
1432 2928 1734 3007 Spiritum

204 3022 475 3098 sanetum,
498 3022 601 3083 ibi
628 3022 1129 3101 interpretantur
1146 3022 1428 3101 Basilius,
1454 3023 1731 3085 Theodo-

196 3122 333 3175 rctus
347 3116 559 3177 etalii.
586 3116 747 3177 Item
760 3116 1117 3193 Gregorius,
1134 3119 1199 3177 in
1224 3116 1463 3197 praerat.
1486 3116 1730 3194 Moral„

188 3227 228 3269 e.
254 3214 303 3284 1,
356 3218 419 3271 et
444 3228 617 3291 quos
668 3210 851 3271 affert
890 3212 1149 3273 Lorinus
1194 3212 1273 3272 ad
1326 3212 1617 3273 eumdem
1645 3211 1736 3273 lo-

184 3320 323 3377 cum,
340 3310 403 3363 ct
426 3303 1031 3384 optimeGenebx-ar.
1050 3316 1115 3367 et
1134 3306 1385 3381 Bellar„
1404 3306 1582 3381 Azor,
1604 3311 1649 3367 t.
1675 3309 1729 3382 1,

181 3394 216 3468 1,
240 3398 297 3471 8,
322 3416 377 3458 e.
402 3400 467 3473 1,
494 3416 566 3477 q.
612 3402 708 3459 Η.
726 3398 901 3459 Sicut
918 3400 1281 3477 ergu'verba
1299 3418 1439 3480 quae
1460 3400 1735 3479 loquitur

178 3487 388 3567 lingua,
412 3490 523 3552 vul
551 3508 696 3571 quoe
721 3491 995 3553 calamus
1022 3492 1257 3569 scribit,
1292 3494 1371 3555 ab
1399 3494 1619 3573 spiritu
1645 3492 1733 3555 10-

176 3586 417 3661 quentis,
443 3583 557 3645 vel
580 3584 910 3646 scribentis
938 3584 1273 3662 dictantur,
1300 3586 1389 3647 ita
1414 3586 1604 3649 verba
1622 3587 1733 3648 Ca-

174 3676 355 3737 808101
383 3678 717 3757 scriptoris
738 3677 819 3739 ab
846 3679 1081 3759 Spiritu
1104 3686 1350 3741 sancto:
1382 3680 1548 3760 quod
1565 3679 1730 3741 idem

176 3768 345 3830 David
380 3772 755 3847 confirmat,
787 3772 827 3831 Ξ
853 3772 1004 3851 Reg.
1036 3776 1140 3849 23,
1170 3772 1411 3835 dicens:
1446 3773 1733 3852 Spiritus

175 3862 399 3927 Domita
420 3866 671 3929 locatur
690 3873 776 3929 est
799 3882 910 3945 per
922 3883 1033 3943 me,
1061 3872 1113 3931 ec
1138 3883 1327 3930 sermo
1350 3868 1601 3947 ejuspcr
1616 3869 1733 3930 lin·

176 3972 331 4033 ynam
346 3976 589 4031 mim
612 3976 702 4019 stc
726 3959 917 4019 etiam
945 3960 1103 4019 dixit
1130 3960 1353 4021 Psalm.
1382 3960 1497 4023 86:
1520 3960 1733 4024 Domi-

178 4052 591 4113 ennarrabit
618 4052 689 4113 iu
715 4053 1045 4132 scripturis
1066 4054 1447 4133 populorum.
1474 4054 1539 4116 Si
1582 4064 1733 4133 ergo

176 4142 455 4207 Dominus
514 4151 771 4220 narrat,
834 4146 963 4225 ipse
1008 4152 1101 4207 est
1147 4146 1257 4226 qui
1306 4146 1735 4227 principaliter

175 4240 341 4300 verba
364 4240 617 4320 profert
627 4256 651 4316 ;
686 4244 748 4300 et
768 4238 889 4301 hoc
912 4240 1099 4301 modo
1120 4240 1291 4301 idem
1325 4238 1734 4303 confirmatur

176 4332 353 4395 exilio
380 4335 574 4395 Lucae
598 4336 628 4393 1
655 4350 676 4394 ι
701 4333 887 4397 Sicut
919 4334 1151 4397 locutu
1189 4339 1277 4397 cst
1314 4350 1427 4415 per
1463 4352 1529 4398 οε
1566 4335 1733 4399 San-³

178 4430 403 4489 darum
438 4428 555 4489 Est
581 4427 773 4489 etiam
790 4426 1097 4506 optimum
1110 4428 1553 4500 testimonium,
1582 4429 1725 4491 Mat.

178 4520 261 4595 22,
287 4518 399 4581 ubi
418 4520 707 4583 (llis-istm
733 4526 1245 4599 argumentatur:
1279 4520 1570 4595 Quomodo
1592 4536 1731 4601 cryc

174 4614 363 4679 David
388 4618 461 4679 in
486 4616 731 4695 spirim
744 4621 917 4679 vocat
944 4634 1078 4679 cum
1096 4616 1449 4692 Dominum,
1481 4617 1538 4679 si
1556 4616 1733 4693 filim

174 4708 293 4786 ejus
332 4708 459 4775 est?
504 4709 815 4790 supponit
854 4722 1005 4789 ergo
1032 4708 1187 4771 illud
1234 4708 1497 4771 verbum·
1524 4710 1733 4773 Domi·-

174 4819 277 4865 (18.1
318 4802 511 4865 fuisse
554 4802 637 4865 ab
680 4802 915 4881 Spiritu
964 4803 1189 4863 Sancto
1221 4802 1543 4863 dictatum.
1581 4803 1731 4865 Item

178 4894 339 4955 nait.
388 4898 429 4959 5
460 4896 583 4957 ait:
638 4894 784 4959 Iota
819 4910 1030 4972 nuum,
1072 4902 1181 4959 aut
1225 4908 1385 4959 aaut
1425 4906 1579 4975 apex
1614 4904 1731 4959 nvn

176 4990 496 5062 preteribit
532 5006 575 5053 a
596 4989 747 5069 leue,
772 4988 1054 5051 indicans
1086 4988 1297 5050 omnia
1338 5004 1468 5059 eme
1492 4989 1725 5051 divina.

184 5078 439 5162 Denique
462 5082 615 5143 facit
640 5082 796 5145 illud
820 5081 1037 5144 Ezech.
1065 5084 1093 5143 1
1122 5103 1137 5142 :
1174 5083 1291 5145 Ubi
1314 5088 1447 5145 crat
1475 5082 1733 5161 impetus

188 5176 449 5253 spiritus,
482 5179 633 5243 illuc
652 5178 1111 5259 praeliabantur,
1144 5176 1309 5257 quod
1328 5176 1407 5238 de
1447 5176 1729 5257 Evangea

188 5265 335 5329 listis
352 5270 641 5350 iutelligit
662 5271 937 5335 Ecclesia
945 5284 969 5350 3
1000 5285 1151 5333 nam
1171 5272 1241 5331 in
1255 5270 1383 5331 suis
1409 5270 1729 5350 scripturis

190 5376 263 5419 ex
278 5363 501 5442 impetu
524 5364 789 5445 Spiritus
814 5362 1247 5427 movebantur.
1280 5364 1589 5441 Secundo,
1611 5364 1731 5425 hoc

192 5456 442 5517 sentiunt
462 5460 705 5521 Patres:
734 5459 1145 5537 Augustinus,
1174 5462 1213 5519 7
1240 5457 1447 5534 cons„
1480 5476 1532 5521 c.
1564 5458 1679 5520 ult.
1707 5478 1727 5535 3

192 5546 651 5631 ffirysoetomus,
669 5553 845 5616 110111.
865 5554 1031 5617 Ξ9111
1044 5552 1229 5615 Joan.
1245 5569 1268 5632 3
1284 5550 1529 5629 Amhr„
1548 5569 1733 5633 super

1814 494 2070 572 Lucam,
2113 495 2181 556 in
2223 496 2564 577 principio;
2597 496 2859 574 Theod.,
2901 498 2968 559 in
2993 498 3174 560 initio
3217 502 3380 563 Psal-

1814 604 2017 665 mor.;
2049 589 2402 667 GregoriuS,
2435 605 2650 671 supra3
2685 596 2747 652 et
2771 591 2878 653 alii
2909 610 3062 673 quos
3099 594 3378 656 referunt

1812 681 2136 758 Bellarm.,
2173 684 2216 744 1.
2240 684 2318 746 (10
2347 686 2548 746 Verbo
2578 686 2708 763 Dei,
2739 704 2794 747 c.
2825 688 2866 748 Ξ
2889 733 2904 759 ,
2931 687 3118 763 Canu,
3153 688 3199 749 l.
3231 690 3270 750 Ξ
3301 689 3377 751 (10

1814 776 2009 851 LoeiS,
2041 795 2095 837 0.
2129 778 2237 853 18,
2273 784 2336 840 et
2358 778 2562 859 plures
2607 779 2888 840 moderni
2925 780 3259 843 scribentes
3298 784 3376 845 de

1815 869 1930 929 1180
1961 872 2242 933 materia.
2271 872 2502 948 Terti0,
2527 889 2602 933 cx
2629 873 2982 935 nominibus
3001 892 3188 935 sacrm
3217 876 3374 938 Scri-

1811 970 2013 1045 pturae
2043 965 2352 1045 colligitur
2384 967 2576 1028 etiam
2607 968 2738 1029 hoec
2774 968 3046 1046 dignitas
3075 970 3242 1049 ejus;
3270 989 3376 1032 vo-

1812 1063 1990 1117 catur
2021 1059 2188 1119 enim
2219 1060 2456 1121 verbum
2477 1062 2773 1141 scriptum
2795 1060 2932 1137 Dei,
2957 1066 3018 1121 et
3044 1060 3378 1142 Scriptura

1814 1149 2048 1226 divina,
2079 1156 2143 1211 et
2173 1152 2410 1231 eloquia
2441 1152 2582 1230 Dei,
2631 1153 2710 1213 ad
2756 1155 2935 1214 Rom.
2964 1155 3036 1233 33
3081 1172 3218 1233 qua·
3245 1172 3381 1216 om·

1814 1241 1945 1318 nia,
1979 1250 2042 1302 et
2085 1244 2332 1321 similia,
2365 1251 2724 1325 supponunt
2755 1245 2944 1307 verba
2984 1246 3118 1327 ipsa
3160 1264 3289 1309 esse
3337 1266 3376 1309 a

1818 1334 1942 1396 Deo
1952 1355 1974 1410 3
2009 1334 2161 1396 alias
2188 1336 2240 1397 si
2266 1342 2510 1399 tantum
2545 1356 2793 1400 sensum
2827 1338 3088 1419 Spiritus
3116 1340 3376 1402 Sanctus

1816 1428 2100 1507 dictaret,
2141 1440 2345 1510 posset
2399 1430 2650 1511 quidem
2700 1432 2984 1495 doctrina
3033 1433 3152 1495 dici
3181 1452 3310 1497 esse
3338 1454 3378 1495 a

1817 1522 1964 1598 De0,
2021 1540 2148 1583 11011
2176 1530 2385 1585 tamen
2427 1525 2563 1603 ipsa
2593 1524 2806 1602 verba,
2847 1544 2954 1587 seu
3005 1528 3231 1607 scripta
3249 1550 3267 1603 3
3314 1534 3378 1589 et

1814 1620 2140 1695 propterea
2168 1617 2356 1677 etiam
2390 1616 2521 1678 haec
2544 1618 2859 1699 Scriptura
2885 1626 3143 1694 vocatur
3170 1638 3372 1698 sacra,

1817 1726 1892 1769 ex
1930 1710 2193 1771 materia
2225 1716 2287 1771 et
2313 1728 2392 1771 ex
2414 1718 2668 1773 auctore
2684 1729 2704 1789 3
2737 1718 2799 1773 et
2817 1712 2962 1773 libri
2992 1713 3124 1793 ejus
3153 1732 3376 1776 vocan-

1816 1812 1917 1862 tur
1955 1804 2178 1880 sancti,
2212 1808 2241 1865 1
2270 1804 2469 1867 Mach.
2524 1808 2634 1883 123
2683 1824 2756 1867 80
2800 1806 3068 1887 denique
3111 1807 3241 1868 sola
3270 1807 3379 1871 illa

1812 1912 1921 1975 per
1993 1900 2488 1959 antonomasiam
2541 1898 2878 1979 Scriptura
2933 1906 3190 1963 vocatur
3215 1948 3234 1978 ,
3297 1902 3378 1963 ad

1811 1988 1989 2051 Rom.
2048 1990 2117 2065 93
2153 1990 2231 2052 de
2281 1990 2508 2071 quibus
2553 1992 2918 2055 nominibus
2965 1993 3144 2074 plura
3182 1996 3380 2057 videri

1810 2090 2087 2161 possunt,
2133 2082 2198 2143 in
2247 2084 2627 2162 Salmerone,
2674 2090 2719 2147 t.
2761 2088 2820 2161 1,
2853 2086 3096 2164 Prolog.
3141 2091 3170 2149 1
3203 2110 3222 2165 3
3267 2090 3380 2150 Se·

1812 2176 2000 2251 18110,
2061 2176 2128 2236 in
2167 2176 2604 2256 prolegomeno
2649 2178 2730 2239 ad
2771 2180 2966 2259 Epist.
3015 2178 3377 2258 Canonieas,

1812 2286 1866 2330 0.
1892 2269 2006 2344 253
2034 2269 2300 2350 denique
2319 2270 2622 2351 particula
2643 2272 2752 2333 1118
2769 2273 3019 2335 videtur
3035 2276 3378 2337 necessaria

1812 2362 1891 2423 ad
1921 2362 2424 2443 distinguendam
2453 2366 2836 2448 Scripturam
2867 2382 3103 2429 sacram
3132 2368 3211 2429 ab
3243 2368 3379 2429 aliis

1811 2456 2165 2535 scripturis,
2223 2476 2488 2537 quarum
2547 2476 2800 2521 sensum
2868 2462 3057 2521 etiam
3113 2462 3378 2541 Spiritus

1810 2550 2070 2611 Sanctus
2102 2550 2314 2627 dictat,
2344 2558 2407 2615 et
2451 2553 2860 2615 nihilominus
2887 2556 2954 2615 in
2993 2556 3241 2617 Canone
3283 2573 3378 2618 sa-

1811 2659 2060 2705 crorum
2073 2644 2376 2706 librorum
2389 2664 2517 2707 non
2535 2654 2946 2709 numerantur
2959 2670 2978 2724 3
3003 2648 3169 2710 unde
3188 2650 3377 2710 etiam

1816 2736 1947 2799 haec
2001 2739 2319 2818 Scriptura
2362 2740 2646 2804 canonica
2691 2740 3071 2821 appellatur3
3105 2742 3167 2804 id
3207 2747 3379 2823 patet

1814 2831 1893 2893 de
1924 2830 2232 2909 Conciliis,
2267 2832 2414 2913 quia
2442 2834 2631 2895 etiam
2666 2834 2734 2895 in
2757 2850 2976 2897 eorum
3003 2833 3380 2897 definitioni-

1816 2922 1952 3001 bus,
1975 2944 2086 2987 seu
2112 2926 2399 3001 decretis,
2423 2926 2688 3007 Spiritus
2716 2928 2977 2989 Sanctus
3013 2929 3204 3005 dictat
3238 2948 3378 2991 sen-

1815 3036 1954 3080 sum
1983 3026 2046 3080 et
2083 3020 2432 3097 veritatem,
2464 3028 2526 3082 et
2565 3021 2974 3083 nihilominus
3021 3039 3197 3085 sacra
3230 3024 3378 3085 scri·

1812 3120 2000 3193 ptura
2045 3132 2172 3176 non
2201 3120 2370 3190 sunt,
2400 3116 2569 3194 quia
2609 3116 2840 3177 scilicet
2887 3116 3076 3179 verba
3115 3134 3243 3179 non
3284 3118 3379 3179 di·

1814 3211 1976 3282 ctat,
2008 3206 2122 3268 etsi
2157 3208 2444 3284 LorinuS,
2480 3216 2542 3269 et
2575 3210 2682 3270 81ιί
2715 3209 2814 3289 pie
2841 3211 3113 3273 sentiant
3139 3212 3380 3293 opposi-

1813 3305 1972 3362 tum.
2001 3300 2152 3363 Vide
2181 3302 2220 3362 Ξ
2250 3302 2408 3363 Petr.
2445 3300 2564 3381 1‚§
2595 3302 2860 3366 Accedit.

1894 3396 1956 3455 5.
2001 3395 2110 3457 Aa
2141 3396 2414 3476 primum
2453 3397 2936 3459 adversarios-am
2981 3391 3271 3461 moticuni
3311 3398 3380 3461 in

1810 3504 1978 3549 uum.
2009 3487 2420 3554 4.-Notatio
2451 3504 2572 3568 qua
2604 3488 2836 3567 satisfit
2863 3492 3110 3553 secundo
3135 3493 3373 3554 motivo.

1808 3581 2110 3661 -Atque
2135 3577 2226 3641 ita
2253 3583 2420 3660 patet
2445 3583 2765 3661 responsio
2791 3582 2869 3643 ad
2899 3585 3171 3663 primum
3200 3584 3378 3645 moti-

1812 3692 1964 3737 vum
2009 3678 2080 3737 in
2128 3676 2509 3737 contrarium
2558 3677 2966 3739 insinuatum.
3015 3679 3196 3756 Nam,
3234 3678 3380 3740 licet

1812 3770 2070 3831 sortasse
2117 3769 2250 3833 hoec
2295 3771 2636 3851 proprietas
2683 3772 3016 3852 Scripturas
3061 3789 3188 3832 non
3224 3778 3380 3835 esset

1812 3862 2156 3925 necessaria
2186 3864 2264 3924 ad
2297 3863 2732 3927 certitudinem
2762 3866 3230 3942 sententiarum,
3261 3866 3381 3928 fuit

1812 3963 2024 4019 tamen
2061 3960 2402 4019 necessaria
2431 3958 2510 4019 ad
2539 3958 2868 4038 specialem
2910 3958 3278 4038 dignitatem
3317 3966 3381 4021 et

1816 4051 2290 4133 praerogativam
2315 4050 2538 4113 talium
2572 4052 2907 4129 librorum3
2939 4059 3003 4113 et
3042 4058 3114 4113 ut
3137 4052 3207 4113 in
3248 4070 3380 4114 ma·

1802 4145 1929 4223 jori
1970 4145 2370 4207 veneratione
2419 4145 2818 4222 haberentur,
2855 4154 3152 4225 tanquam
3191 4146 3381 4209 verba

1811 4238 1944 4314 Dei,
1995 4239 2156 4301 sicut
2202 4252 2418 4301 revera
2463 4238 2661 4299 habiti
2710 4245 2856 4299 sunt
2868 4260 2886 4313 3
2915 4238 3096 4313 item,
3133 4244 3207 4299 ut
3250 4256 3379 4301 non

1810 4334 2010 4396 solum
2053 4334 2542 4414 intelligeremus
2567 4334 2800 4397 servari
2837 4334 2905 4395 in
2934 4332 3022 4395 eis
3053 4334 3380 4397 veritatem

1811 4428 2016 4506 quoad
2041 4429 2377 4489 sententias
2405 4428 2712 4509 praecipue
2737 4428 3028 4503 intentas,
3057 4426 3164 4488 sed
3191 4428 3379 4489 etiam

1810 4522 1879 4582 in
1908 4521 2199 4583 omnibus
2228 4540 2365 4603 quae
2397 4538 2510 4601 per
2545 4521 2928 4583 occasionem
2966 4537 3072 4582 seu
3101 4520 3380 4583 inciden-

1810 4621 1907 4675 ter
1955 4613 2288 4693 dicuntur3
2335 4631 2408 4676 ac
2457 4614 2724 4694 denique
2777 4617 2848 4674 ut
2895 4614 3143 4694 singula
3190 4615 3381 4677 verba

1812 4710 2184 4788 mysterium
2217 4708 2468 4788 aliquod
2509 4708 2828 4770 continere
2861 4724 3036 4788 posse
3077 4708 3382 4789 intellige-

1810 4818 2038 4863 remus.
2088 4802 2168 4863 Ut
2195 4807 2406 4863 autem
2451 4800 2568 4863 hoc
2607 4800 2851 4863 facilius
2881 4801 3114 4864 creditu
3157 4802 3288 4880 fiat,
3317 4816 3381 4867 et

1809 4894 2294 4976 respondeamus
2315 4894 2397 4956 ad
2423 4894 2595 4956 aliud
2619 4894 2924 4957 motivum
2951 4895 3376 4978 dubitationis,

1810 4990 2065 5052 adverto
2105 4990 2346 5053 duobus
2389 4988 2589 5051 modis
2623 5002 2810 5070 posse·
2840 4990 3106 5072 intelligi
3134 4992 3382 5072 singula

1807 5085 1999 5147 verba
2029 5084 2363 5165 Scripturoe
2395 5078 2526 5149 esse
2566 5083 2646 5146 ab
2678 5086 2916 5166 Spiritu
2941 5087 3191 5165 Sancto,
3219 5088 3382 5149 scili·

1808 5184 1905 5240 cet
1955 5194 2066 5257 per
2121 5178 2446 5259 specialem
2495 5178 2836 5240 motionem
2885 5180 3374 5255 antecedentem,

1808 5272 1909 5333 vel
1948 5278 2196 5333 tantum
2237 5287 2349 5352 per
2391 5273 2828 5348 assistentiam,
2867 5278 2929 5333 et
2971 5272 3147 5351 quasi
3177 5284 3384 5337 custo-

1810 5364 2002 5427 diam.
2028 5365 2201 5427 Prior
2231 5365 2452 5427 modus
2473 5366 2615 5443 erit,
2636 5364 2885 5444 quando
2908 5364 3172 5445 Spiritus
3193 5368 3382 5431 Sanc·

1810 5462 1911 5519 tus
1940 5456 2038 5519 vel
2067 5456 2370 5537 imprimit
2397 5465 2765 5539 conceptum
2795 5458 2970 5519 verbi
2999 5474 3112 5539 per
3151 5462 3382 5541 species

1814 5551 2066 5628 infusas,
2101 5554 2318 5617 saltem
2357 5572 2470 5634 per
2500 5553 2780 5615 accidens
2790 5598 2813 5630 ,
2849 5552 2942 5615 vel
2986 5554 3382 5635 peculiariter
