3900 6217
485 323 606 384 426

481 428 598 488 bus
645 425 950 506 significat
978 423 1364 485 ordinarium
1407 422 1666 484 modum
1707 420 2046 500 praedican-

484 523 548 582 di
580 521 768 582 fidem
793 536 923 580 esse
962 535 1074 596 per
1108 515 1391 576 auditum
1443 521 1505 576 et
1553 532 1668 594 per
1721 518 2045 574 externam

483 614 852 686 doctrinam,
887 611 1148 688 ideoque
1176 609 1452 670 excusari
1496 627 1671 688 posse
1705 607 1786 668 ab
1825 605 2047 667 infide-

482 709 656 768 litate
677 751 698 782 ,
739 705 848 785 qui
905 703 1141 764 nullam
1195 702 1342 764 fidei
1403 700 1748 762 doctrinam
1802 700 2045 762 habue-

483 807 655 861 runt.
688 798 862 860 Unde
907 797 1188 858 Clemens
1231 798 1396 876 Papa
1415 841 1436 871 ,
1468 793 1708 874 epistol.
1741 797 1779 856 2
1797 838 1818 869 ,
1863 793 2045 868 dixit,

483 893 846 974 priusquam
867 886 1082 950 audiat
1099 889 1237 968 quis
1257 889 1421 968 quod
1441 889 1500 950 ei
1531 887 1802 967 expedit,
1829 887 2047 949 etiam-

485 987 536 1048 si
573 985 816 1046 ratione
851 983 992 1044 talis
1037 983 1408 1062 ignorantiae
1458 981 1692 1061 aliquid
1741 979 1894 1041 velit
1933 986 2051 1041 aut

481 1080 686 1154 faciat,
740 1077 904 1158 quod
937 1094 1066 1138 non
1117 1075 1384 1156 expedit,
1416 1093 1526 1154 per
1558 1075 1675 1135 hoc
1712 1091 1842 1134 non
1879 1073 2048 1151 judi-

483 1174 610 1236 cari
637 1195 654 1248 ς,
685 1179 748 1234 et
793 1173 860 1232 D.
893 1169 1276 1248 Augustinus
1300 1169 1386 1244 (si
1417 1170 1550 1248 ejus
1583 1174 1678 1229 est
1712 1169 1933 1247 opus),
1964 1166 2048 1227 li-

481 1266 596 1328 bro
638 1264 1062 1339 Quaestionum
1102 1264 1330 1324 veteris
1371 1267 1434 1322 et
1471 1262 1620 1324 novi
1659 1261 2046 1334 testamenti,

481 1364 698 1439 quaest.
734 1360 836 1432 67,
880 1357 972 1418 ait
1013 1355 1192 1416 illum
1225 1356 1506 1418 excusari
1540 1354 1906 1434 ignorando,
1937 1354 2049 1432 qui

485 1471 524 1512 a
569 1469 692 1530 quo
729 1451 989 1511 disceret
1014 1467 1142 1510 non
1189 1447 1409 1510 habuit
1416 1464 1437 1526 3
1481 1454 1544 1507 et
1588 1447 1864 1526 loquitur
1919 1464 2049 1506 ma-

481 1547 703 1608 nifeste
751 1545 832 1606 de
870 1558 1126 1607 externo
1175 1544 1424 1605 doctore
1450 1588 1473 1619 ,
1519 1548 1593 1603 ut
1629 1559 1710 1604 ex
1755 1545 2048 1602 contextu

483 1646 743 1702 constat.

559 1736 622 1796 8.
643 1733 951 1798 Probatwr
967 1732 1219 1796 assertio
1237 1731 1492 1795 ratione.
1511 1763 1590 1776 --
1613 1730 1873 1791 Ratione
1905 1747 2045 1807 pro-

481 1825 666 1888 batur
682 1828 958 1901 assertio,
972 1826 1118 1905 quia
1133 1824 1494 1904 hujusmodi
1512 1821 1793 1884 infideles
1809 1820 2045 1882 nullam

479 1921 916 2000 cogitationem
931 1919 1278 1980 habuerunt
1288 1935 1560 1998 unquam
1577 1917 1654 1978 de
1667 1916 2045 1994 obligatione

481 2012 770 2074 credendi
795 2015 1086 2092 mysteria
1129 2019 1356 2074 nostras
1410 2011 1578 2072 fidei.
1625 2010 1800 2071 Unde
1846 2006 2045 2069 multo

484 2108 694 2168 minus
728 2109 997 2185 cogitare
1025 2113 1362 2188 potuerunt
1398 2106 1478 2166 de
1519 2103 1896 2182 obligatione
1939 2103 2044 2163 ad·

482 2200 738 2263 bibendi
761 2201 966 2262 media
993 2202 1070 2262 ad
1101 2199 1594 2278 consequendam
1616 2196 1788 2259 illam
1817 2196 2040 2270 fidem3

484 2311 634 2370 ergo
666 2312 792 2354 non
823 2300 1158 2373 potuerunt
1202 2310 1454 2371 peccare
1478 2337 1497 2367 ,
1542 2307 1670 2350 non
1711 2289 2043 2368 quaerendo

483 2387 670 2446 talem
696 2386 908 2463 fidem,
936 2387 1035 2449 vel
1061 2386 1344 2446 faciendo
1381 2391 1492 2446 aut
1531 2384 1874 2446 omittendo
1934 2381 2049 2442 ali·

484 2481 587 2558 qui
595 2479 657 2552 d,
677 2482 960 2558 quamvis
989 2480 1144 2541 illud
1157 2479 1411 2541 fortasse
1426 2480 1491 2539 in
1509 2497 1576 2540 re
1593 2479 1722 2557 ipsa
1739 2477 1858 2538 illis
1889 2481 2048 2538 esset

483 2573 1000 2650 impedimentum
1046 2573 1125 2634 ad
1170 2573 1358 2634 talem
1405 2571 1590 2633 fidem
1615 2570 2074 2631 obtinendam..

483 2667 867 2728 Antecedens
925 2667 1323 2728 manifestum
1379 2672 1472 2727 est
1525 2683 1603 2726 ex
1650 2665 1810 2725 facto
1879 2664 2047 2743 quod

484 2761 908 2839 supponimus;
941 2779 1090 2822 nam
1121 2761 1224 2820 isti
1250 2777 1378 2820 non
1416 2764 1750 2839 potuerunt
1775 2759 2045 2835 cogitare

483 2851 561 2913 de
587 2851 704 2913 hac
727 2852 850 2914 fide
876 2854 976 2914 vel
1011 2854 1087 2914 de
1123 2853 1434 2931 mysteriis
1471 2853 1625 2930 ejuS,
1665 2851 1784 2912 nisi
1823 2868 2045 2930 suppo·-

483 2945 603 3005 sita
661 2945 869 3025 aliqua
916 2946 1404 3026 apprehensione
1471 2945 1719 3006 illarum
1781 2959 2040 3019 rerum3

484 3055 624 3118 quae
678 3039 1084 3118 apprehensio
1139 3058 1248 3119 per
1293 3055 1506 3100 sensus
1549 3037 1794 3115 ingredi
1835 3036 2041 3108 debet,

483 3131 715 3192 secluso
743 3133 1064 3209 miraculo,
1093 3133 1258 3213 quod
1285 3133 1417 3194 sine
1442 3132 1850 3193 fundamento
1879 3130 2047 3190 affir-

483 3225 783 3286 mandum
810 3244 937 3286 non
974 3232 1088 3303 est3
1117 3243 1264 3304 ergo
1299 3225 1492 3286 multo
1527 3225 1738 3286 minus
1775 3224 2049 3302 cogitare

484 3325 594 3380 aut
633 3319 914 3380 dubitare
973 3326 1307 3398 potuerunt
1364 3319 1440 3379 de
1496 3317 1874 3395 obligatione
1919 3334 2050 3378 cre-

486 3412 674 3474 dendi
728 3431 826 3473 res
881 3413 1259 3492 hujusmodi.
1329 3411 1778 3491 Consequentia
1835 3416 2047 3472 autem

485 3505 738 3566 evidens
799 3511 894 3566 est
919 3551 938 3580 ,
993 3507 1170 3584 juxta
1215 3505 1569 3566 communia
1617 3503 1926 3584 principia
1974 3503 2051 3564 de

486 3599 841 3678 ignorantia
867 3598 1250 3678 inculpabili.
1283 3600 1490 3659 Unum
1535 3603 1651 3672 est,
1698 3614 1829 3657 non
1875 3613 2051 3677 posse

486 3710 614 3753 esse
665 3691 1082 3770 ignorantiam
1123 3691 1492 3770 culpabilem
1513 3735 1534 3766 ,
1579 3690 1702 3752 nisi
1751 3690 2055 3769 praecedat

485 3785 699 3862 aliqua
767 3786 1059 3864 cogitatio
1123 3786 1225 3847 vel
1298 3785 1603 3846 dubitatio
1659 3783 2057 3863 obligationis

485 3879 740 3954 sciendi,
773 3881 920 3958 quia
953 3886 1326 3960 praeceptum
1355 3897 1483 3940 non
1517 3879 1670 3957 ligat
1705 3878 2049 3953 hominem,

485 3972 604 4032 nisi
665 3973 978 4036 mediante
1037 3973 1426 4052 cognitione,
1480 3991 1619 4052 quae
1675 3973 1850 4034 nulla
1904 3979 1999 4034 est
2032 4018 2052 4049 ,

485 4068 767 4146 quandiu
843 4067 1133 4146 cogitatio
1187 4065 1582 4145 obligationis
1639 4066 1706 4126 in
1777 4073 2054 4126 mentem

488 4159 762 4221 hominis
789 4178 915 4220 non
953 4159 1255 4222 ascendit.
1299 4159 1482 4219 Aliud
1527 4159 1902 4239 principium
1933 4165 2049 4233 est,

486 4271 614 4314 non
669 4271 846 4333 posse
896 4254 1136 4331 peccari
1189 4251 1532 4313 omittendo
1586 4252 1820 4331 aliquid
1880 4253 2047 4331 quod

484 4346 554 4406 in
593 4365 668 4417 ,re
706 4347 843 4426 ipsa
891 4346 1282 4419 conduceret,
1327 4365 1436 4406 seu
1463 4351 1619 4406 esset
1669 4345 1946 4406 medium
1969 4344 2049 4405 ad

489 4440 982 4520 consequendam
1051 4440 1468 4518 cognitionem
1495 4483 1515 4514 ,
1579 4438 1830 4517 quando
1889 4438 2051 4499 ratio

487 4531 586 4594 vel
629 4533 866 4594 utilitas
903 4532 1046 4593 talis
1090 4533 1280 4593 medii
1317 4549 1568 4611 prorsus
1607 4531 1891 4609 ignorata
1935 4536 2047 4605 est,

488 4626 636 4706 quia
658 4632 810 4686 tunc
839 4642 961 4686 non
991 4631 1186 4704 potest
1208 4627 1398 4688 homo
1429 4626 1717 4686 ordinare
1757 4624 1880 4685 tale
1923 4641 2053 4685 me·

487 4719 663 4780 dium
694 4720 760 4779 in
783 4719 968 4780 talem
989 4719 1200 4792 finem3
1231 4737 1380 4798 ergo
1407 4717 1655 4779 omissio
1669 4717 1812 4779 talis
1835 4717 2050 4792 medii,

487 4818 560 4874 ut
601 4813 877 4874 medium
934 4822 1048 4886 est,
1107 4831 1232 4872 uon
1268 4817 1470 4892 potest
1517 4811 1610 4872 illi
1649 4829 1779 4874 esse
1832 4810 2054 4872 volun·

487 4906 674 4979 taria,
704 4923 776 4966 ae
831 4905 1086 4985 proinde
1133 4923 1336 4985 neque
1373 4904 1726 4982 ignorantia
1765 4903 1872 4965 fiet
1915 4903 2051 4964 cul-

489 4998 711 5080 pabilis
743 5004 992 5078 propter
1021 4997 1212 5058 talem
1237 4997 1652 5058 omissionem.
1689 4999 1836 5071 Quae
1876 4996 2049 5076 prin-

487 5093 647 5172 cipia
675 5098 740 5154 et
767 5107 875 5170 per
905 5107 970 5152 se
997 5089 1307 5152 evidentia
1344 5095 1512 5164 sunt,
1565 5096 1631 5150 et
1704 5089 2049 5150 communi-

487 5190 588 5245 ter
635 5183 969 5246 traduntur
1001 5200 1041 5242 a
1071 5181 1438 5243 Doctoribus
1473 5180 1778 5260 allegatis,
1824 5185 1889 5241 et
1915 5179 2053 5240 aliis

489 5295 642 5357 quos
696 5276 884 5338 refert
921 5281 983 5337 et
1042 5275 1324 5354 sequitur
1369 5273 1665 5348 Sanchez,
1693 5273 1838 5336 libr.
1899 5277 1929 5334 1
1988 5273 2055 5334 in

489 5370 799 5450 Deealog„
844 5390 979 5451 cap.
1038 5372 1137 5445 16,
1169 5387 1345 5430 num.
1379 5373 1456 5431 30
1503 5375 1568 5431 et
1623 5368 2051 5449 sequentibus;

491 5472 554 5530 et
579 5465 811 5544 optime
843 5464 1134 5545 primenti
1169 5465 1452 5526 instituto
1489 5461 2056 5537 accommodantur,

945 323 1180 376 msPuT.
1219 323 1368 374 xvn.
1405 323 1484 374 DE
1518 321 1902 376 mmm-:unus
1933 321 2056 372 Non
2088 321 2431 376 APOSTATts
2462 325 2671 386 Quom
2704 323 2914 378 Eoum!
2948 323 3243 380 PEGGATA.

2125 429 2198 482 ut
2228 424 2655 504 respondendo
2692 425 2773 486 ad
2818 431 3185 504 argumenta
3236 429 3433 507 magis
3482 433 3655 512 expli·

2126 515 2423 578 cabimus.

2205 610 2266 669 9.
2302 611 2583 674 Secunda
2610 610 2865 674 assertio
2884 637 2906 671 .·
2934 612 3199 691 infideles
3222 613 3325 692 9·κί
3352 615 3576 695 aliquid
3598 621 3654 682 de

2126 720 2269 766 vera
2284 705 2403 783 fide
2424 705 2773 774 audierunt,
2794 703 3117 785 ah'quando
3146 725 3185 770 a
3202 707 3377 786 culpa
3398 725 3659 774 excusau-

2128 801 2251 859 ίαν.
2270 829 2353 842 -
2370 797 2515 857 Dico
2544 797 2847 860 secundo:
2883 797 2976 858 illi
3004 796 3307 873 infideles,
3326 800 3429 878 qui
3448 801 3657 880 aliquid

2128 890 2204 952 de
2224 890 2345 952 fide
2374 897 2583 952 nostra
2607 892 2942 954 audierunt
2966 892 3103 952 sine
3122 892 3445 954 sufficienti
3472 900 3653 958 lamen

2128 983 2567 1063 propositione,
2602 985 2753 1046 etin
2776 1003 2889 1046 sua
2902 983 3269 1046 infidelitate
3291 996 3653 1064 permanent,

2128 1076 2443 1138 interdum
2514 1079 2789 1140 excusari
2834 1083 3174 1158 potuerunt
3222 1096 3267 1138 a
3316 1077 3511 1157 eulpa,
3560 1079 3659 1140 ali·

2128 1171 2377 1250 quando
2395 1189 2542 1232 vero
2578 1178 2643 1232 et
2692 1171 2915 1250 soepius
2958 1187 3085 1230 non
3130 1176 3480 1250 potuerunt.
3510 1172 3663 1234 Hanc

2128 1265 2529 1326 assertionem
2577 1265 2762 1326 latius
2805 1271 2869 1327 et
2892 1282 3005 1345 per
3032 1263 3238 1343 plures
3265 1264 3661 1326 conclusiones

2128 1359 2319 1422 tradit
2357 1361 2651 1434 Victoria,
2706 1361 2775 1420 in
2816 1360 2983 1420 dicta
3020 1358 3351 1420 relectione
3380 1357 3622 1420 deludis
3646 1375 3665 1436 ;

2126 1453 2399 1516 breviter
2419 1461 2630 1515 tamen
2653 1453 2929 1516 siciliam
2945 1451 3207 1531 explico,
3240 1457 3303 1514 et
3366 1451 3659 1514 confirmo.

2126 1548 2283 1608 Nam
2306 1547 2612 1626 imprimis
2650 1546 2743 1607 illi
2774 1565 2903 1608 non
2931 1551 3187 1624 peccant
3228 1561 3359 1604 non
3384 1545 3663 1609 eredendo

2126 1661 2271 1706 cum
2334 1644 2465 1704 sola
2502 1642 2611 1704 illa
2662 1639 3061 1704 insufficienti
3106 1638 3519 1718 propositione
3542 1685 3559 1712 ‚
3604 1649 3665 1701 ut

2125 1744 2288 1800 recte
2311 1736 2517 1798 docuit
2542 1736 2865 1814 cajetanus
2896 1736 2957 1796 2.
2994 1737 3057 1806 2,
3107 1731 3450 1811 quaestione
3465 1735 3656 1811 prima,

2125 1831 2384 1893 articulo
2431 1836 2653 1911 quarto
2686 1873 2705 1903 ,
2754 1833 2819 1889 et
2883 1827 2952 1888 in
3024 1823 3446 1905 superioribus
3520 1841 3663 1904 saepe

2126 1925 2363 1986 dictum
2404 1930 2519 1999 est,
2579 1921 2726 2001 quia
2774 1925 3077 1999 praecepta
3132 1917 3353 1980 divina
3404 1924 3543 1980 sunt
3582 1937 3663 1980 ra·

2124 2017 2451 2080 tionabilia
2466 2061 2485 2092 ,
2542 2022 2603 2076 et
2654 2014 2935 2092 obligant
2976 2012 3275 2092 prudenti
3326 2012 3527 2086 modo;
3556 2031 3665 2074 cre-

2125 2114 2271 2175 dere
2300 2117 2509 2173 antem
2540 2110 2673 2170 sine
2702 2105 3029 2168 sufficienti
3074 2104 3511 2184 propositione,
3556 2123 3665 2168 nou

2124 2215 2217 2270 est
2246 2223 2400 2284 opus
2434 2204 2817 2286 prudentiae;
2846 2217 2993 2262 nam
3024 2201 3129 2282 qui
3150 2198 3271 2264 otto
3302 2201 3508 2275 credit,
3536 2201 3667 2264 levis

2128 2308 2217 2365 est
2246 2302 2435 2374 corde,
2490 2303 2554 2359 et
2600 2296 2778 2358 facile
2814 2295 3015 2372 decipi
3056 2299 3280 2373 potest.
3326 2293 3547 2356 Deinde
3572 2296 3665 2374 qui

2128 2398 2214 2457 sic
2245 2394 2439 2469 audit,
2484 2391 2629 2452 licet
2671 2407 2797 2451 non
2824 2393 3111 2449 teneatur
3158 2387 3373 2448 statim
3422 2386 3664 2462 credere,

2126 2495 2327 2572 potest
2383 2485 2789 2548 nihilominus
2852 2481 3117 2559 obligari
3172 2481 3257 2542 ad
3306 2480 3665 2558 diligentiam

2126 2580 2543 2645 adhibendam
2572 2579 2733 2638 circa
2758 2575 2933 2636 illam
2960 2573 3335 2649 doctrinam,
3366 2579 3439 2634 ut
3464 2573 3667 2653 perfec·-

2125 2690 2257 2737 tam
2312 2673 2485 2733 illius
2536 2670 2847 2742 notitiam,
2904 2685 3013 2727 seu
3058 2666 3534 2746 propositionem
3576 2665 3667 2726 ha·

2125 2769 2285 2843 beat,
2316 2772 2379 2829 et
2407 2765 2721 2827 examinet
2746 2781 2828 2823 an
2849 2760 3156 2823 credenda
3188 2760 3273 2821 sit
3300 2777 3511 2820 necne.
3543 2761 3673 2820 Pro·-

2124 2864 2333 2936 batur,
2365 2859 2513 2939 quia
2541 2858 2649 2918 illa
2676 2855 3010 2936 propositio
3044 2852 3426 2914 insufficiens
3456 2853 3527 2912 ad
3558 2871 3671 2913 cre-

2126 2955 2399 3022 dendum
2420 2956 2623 3033 potest
2642 2967 2769 3010 esse
2798 2947 3105 3009 sufficiens
3142 2945 3224 3006 ad
3254 2945 3667 3020 dubitandum,

2124 3059 2256 3114 tam
2303 3049 2379 3109 de
2434 3044 2691 3122 antiqua
2730 3049 2893 3102 secta
2952 3055 3141 3119 quam
3208 3039 3354 3100 talis
3428 3036 3666 3100 infidelis

2127 3143 2453 3226 profitetur
2474 3185 2493 3215 ,
2538 3155 2622 3198 an
2672 3133 2831 3196 falsa
2884 3134 2985 3208 sit,
3044 3149 3234 3212 quam
3292 3133 3369 3192 de
3422 3131 3669 3192 doctrina

2128 3237 2310 3312 fidei,
2364 3252 2447 3295 an
2480 3249 2629 3293 vera
2670 3236 2733 3290 et
2778 3228 3123 3288 necessaria
3158 3225 3243 3286 sit
3293 3225 3371 3286 ad
3410 3225 3665 3296 salutem3

2129 3349 2279 3410 ergo
2308 3329 2497 3389 etiam
2540 3331 2633 3385 est
2680 3321 2986 3384 sufficiens
3016 3318 3125 3380 illa
3168 3319 3527 3397 propositio,
3579 3335 3669 3378 seu

2129 3424 2369 3486 auditio
2398 3419 2567 3488 fidei,
2602 3423 2674 3477 ut
2700 3433 2777 3476 ex
2820 3415 2927 3474 illa
2972 3413 3209 3476 oriatur
3254 3411 3542 3490 obligatio
3580 3410 3665 3469 in-

2130 3515 2415 3599 quirendi
2472 3511 2569 3572 vel
2616 3507 2973 3571 addiscendi
3032 3506 3384 3582 veritatem3
3427 3503 3604 3582 igitur
3628 3503 3671 3561 si

2134 3607 2487 3690 hujusmodi
2565 3602 2845 3664 infideles
2900 3599 3159 3660 omnino
3204 3597 3526 3676 negligant
3571 3595 3669 3655 hu·

2132 3702 2401 3782 jusmodi
2462 3697 2853 3776 diligentiam
2902 3691 3197 3752 adhibere
3230 3735 3248 3766 ,
3296 3691 3431 3770 jam
3479 3705 3669 3749 eorum

2135 3793 2464 3856 infidelitas
2510 3808 2638 3851 non
2702 3788 2823 3848 erit
2893 3785 3185 3862 negativa
3246 3789 3489 3844 tantum
3514 3826 3531 3856 ‚
3580 3780 3669 3840 sed

2139 3885 2481 3964 culpabilis.
2516 3881 2837 3952 Probatur,
2882 3878 3027 3957 quia
3056 3877 3188 3954 jam
3226 3883 3323 3937 est
3346 3874 3669 3936 voluntaria

2136 3997 2249 4058 per
2274 3975 2645 4056 culpabilem
2672 3970 3145 4049 negligentiam.
3184 3969 3269 4030 At
3308 3985 3453 4030 vero
3495 3967 3542 4028 si
3588 3965 3669 4024 di-

2135 4069 2461 4151 ligentiam
2491 4067 2848 4139 adhibeant,
2881 4070 2945 4125 et
2968 4063 3133 4143 quod
3157 4063 3227 4124 in
3246 4081 3312 4124 se
3330 4068 3423 4123 est
3438 4061 3665 4130 iaciant,

2136 4171 2197 4226 et
2248 4161 2655 4223 nihilominus
2690 4157 3099 4220 sufficientem
3142 4154 3289 4216 fidei
3334 4152 3667 4234 propositio-

2128 4275 2273 4318 nem
2308 4255 2537 4316 habere
2573 4271 2701 4314 non
2742 4251 2999 4331 possint,
3038 4251 3107 4311 in
3161 4267 3274 4310 sua
3330 4247 3668 4309 infidelitate

2130 4351 2420 4428 negativa
2459 4344 2936 4427 permanebunt.
2971 4343 3275 4404 Probatur
3320 4342 3495 4404 facile
3542 4357 3671 4400 con·

2132 4443 2321 4502 traria
2341 4440 2605 4514 ratione,
2622 4445 2685 4498 et
2706 4455 2782 4498 ex
2803 4435 3265 4514 probationibus
3284 4436 3669 4514 primaeasser-

2132 4532 2342 4594 tionis.

2217 4628 2315 4689 10.
2352 4625 2544 4699 Quam
2572 4624 2953 4707 diliyontiam
2992 4627 3267 4686 necatur
3292 4619 3545 4701 infidelis
3562 4619 3659 4680 ad·

2137 4719 2201 4780 1ιί
2205 4720 2333 4781 bere
2370 4718 2454 4780 ad
2486 4735 2693 4780 veram
2716 4717 2895 4796 fidem
2931 4715 3413 4796 consequendam.
3448 4740 3527 4760 -·-
3566 4707 3669 4771 Sed

2136 4817 2373 4891 quaeret
2416 4809 2641 4888 aliquis
2691 4826 2879 4888 quam
2926 4809 3316 4885 diligentiam
3368 4807 3669 4868 teneantur

2128 4905 2198 4964 in
2238 4921 2312 4964 eo
2348 4921 2493 4964 casu
2535 4902 2893 4980 hujusmodi
2918 4901 3201 4962 homines
3226 4900 3443 4974 facere,
3471 4902 3538 4958 ut
3582 4912 3670 4955 ex·

2129 4996 2431 5058 cusabiles
2472 4995 2637 5056 sinti
2682 4996 2827 5056 Duae
2876 5009 3147 5072 namque
3194 4997 3391 5055 essent
3428 4989 3669 5052 actiones

2128 5089 2354 5169 quibus
2396 5087 2527 5148 haec
2556 5084 2877 5165 diligentia
2906 5086 3043 5146 fieri
3084 5091 3281 5165 potest
3338 5103 3352 5146 :
3410 5081 3669 5162 quoedam

2137 5186 2283 5242 sunt
2308 5181 2599 5254 internae,
2622 5185 2685 5240 et
2702 5179 2867 5258 apud
2896 5180 3110 5250 Deum,
3130 5184 3205 5238 ut
3234 5191 3406 5238 orare
3434 5171 3668 5255 petendo

2136 5274 2661 5335 illuminationem
2705 5271 3002 5340 veritatis,
3022 5270 3327 5332 abstinere
3352 5286 3389 5329 a
3412 5265 3667 5350 peccatis,

2138 5367 2441 5448 poenitere
2462 5368 2541 5428 de
2568 5365 2933 5439 commissis,
2982 5370 3045 5426 et
3086 5381 3155 5426 se
3202 5363 3281 5425 ad
3320 5357 3667 5443 justificatio·

2139 5479 2283 5523 nem
2309 5475 2678 5542 praeparare.
2703 5459 2857 5521 Alioe
2885 5465 3031 5522 sunt
3050 5460 3321 5521 actiones
3342 5454 3665 5522 exteriores,
