3900 6217
557 404 636 463 70

558 506 839 585 subjecta
873 504 949 566 sit
988 504 1212 567 divinae
1251 506 1572 585 potentiae,
1617 524 1758 585 quae
1786 509 1992 585 potest
2015 522 2125 566 na-

556 599 826 660 turalem
845 598 1132 659 ordinem
1160 598 1515 675 immutare,
1552 605 1619 659 ut
1643 604 1885 661 constat
1905 598 1986 659 de
2014 616 2124 659 na-

557 692 739 754 turali
799 689 1108 752 evidentia
1155 692 1343 771 hujus
1395 691 1836 771 propositionis
1877 710 1892 751 :
1939 690 2123 755 omno

557 788 830 849 accidens
851 790 942 847 est
969 787 1036 846 in
1063 786 1347 865 subjecte,
1385 804 1460 847 ac
1485 786 1789 848 similibus
1811 804 1826 859 3
1861 792 1920 847 et
1947 786 2121 846 dein·

555 880 634 941 de
659 898 734 941 eo
770 880 904 959 ipso
952 885 1266 941 constaret
1311 879 1398 942 ihi
1437 880 1814 943 intervenire
1843 885 2121 940 extraor-

554 972 862 1035 dinariam
883 1018 897 1046 ‚
953 978 1014 1032 et
1069 973 1612 1052 supernaturalem
1665 973 2121 1053 providentiam

552 1064 688 1141 Dei,
726 1072 787 1127 et
815 1072 1275 1144 consequenter
1301 1084 1428 1127 non
1475 1086 1660 1146 posse
1691 1084 1830 1128 csse
1867 1066 2121 1127 ordina-

555 1168 686 1222 tum
717 1161 798 1222 ad
831 1159 1264 1240 deceptionem
1287 1166 1349 1221 et
1381 1161 1734 1235 falsitatem,
1776 1160 1944 1241 quod
1974 1160 2124 1220 satis

559 1263 654 1316 est
681 1262 750 1316 ut
774 1254 1041 1316 naturali
1067 1254 1375 1315 evidentia
1406 1260 1719 1316 constaret
1743 1254 2122 1315 locutionem

555 1348 726 1409 illam
755 1364 894 1409 esse
921 1366 955 1409 a
980 1350 1130 1422 Dee,
1155 1348 1256 1408 v'el
1285 1348 1508 1409 saltem
1539 1366 1615 1409 ex
1637 1346 1890 1427 speciali
1917 1346 2123 1426 provi—

551 1441 762 1504 dentia
790 1443 949 1521 ejus.
980 1443 1291 1502 Praeterea
1311 1440 1377 1501 in
1403 1441 1794 1503 daemonibus
1823 1448 1914 1503 est
1945 1458 2120 1502 coac·

551 1542 616 1596 ta
647 1554 760 1596 seu
781 1535 1137 1597 necessaria
1164 1534 1322 1596 fides
1350 1536 1816 1615 mysteriorum,
1845 1552 1985 1614 quae
2012 1553 2121 1595 no·

551 1629 646 1689 bis
699 1629 1058 1690 revelantur
1101 1648 1118 1693 ι
1160 1628 1422 1693 Credunt
1463 1630 1622 1692 enim
1665 1628 1757 1692 vel
1802 1630 2008 1704 inviti,
2062 1633 2122 1692 et

552 1722 1064 1794 contr-emisenam
1112 1739 1263 1803 ergo
1312 1722 1419 1783 illa
1475 1721 1632 1783 fides
1679 1740 1754 1783 ex
1805 1722 2121 1783 evidentia

551 1816 848 1889 nascitur,
883 1822 946 1877 et
971 1834 1100 1877 non
1127 1819 1572 1897 mysteriorum
1599 1818 1662 1879 in
1691 1836 1782 1890 se,
1813 1824 1886 1879 ut
1910 1836 2025 1897 per
2052 1834 2118 1877 se

552 1916 838 1986 constat3
875 1928 1027 1990 ergo
1052 1910 1117 1971 in
1152 1912 1522 1975 testificante
1564 1913 1716 1986 Deo,
1751 1912 1898 1991 quia
1935 1928 2121 1989 expe-

550 2004 817 2066 rimento
849 2005 1170 2085 signorum
1201 2012 1264 2068 et
1289 2008 1588 2069 virtutum
1609 2006 1931 2068 evidenter
1949 2005 2118 2085 judi-

551 2102 696 2161 cant
727 2101 927 2160 Deum
969 2118 1129 2172 esse,
1177 2100 1282 2179 qui
1311 2100 1445 2163 haee
1485 2101 1852 2163 testificatus
1894 2104 2010 2161 est.
2046 2101 2123 2161 Et

553 2192 616 2253 in
645 2193 684 2253 3
709 2196 902 2270 part„
939 2198 1094 2253 tom.
1125 2194 1187 2267 2,
1219 2193 1452 2273 disput.
1481 2196 1581 2269 31,
1619 2200 1772 2255 sect.
1805 2196 1863 2258 3.
1894 2193 2121 2271 proba-

550 2285 752 2345 vimus
775 2283 1072 2365 AngeIOS,
1105 2284 1182 2347 ex
1199 2286 1406 2349 verbis
1434 2293 1496 2350 et
1523 2287 1842 2349 miraculis
1869 2286 2116 2361 Christi,

549 2376 828 2455 potuisse
860 2378 1182 2440 evidenter
1206 2398 1609 2460 cognoscere,
1639 2387 1702 2442 et
1728 2379 1985 2442 tandem
2014 2398 2121 2440 co-

551 2469 842 2549 gnovisse
872 2471 1074 2550 ipsum
1108 2490 1246 2534 esse
1274 2476 1497 2550 Deum,
1525 2492 1664 2553 quae
1687 2492 1815 2534 non
1839 2478 1977 2535 erat
2000 2472 2120 2534 nisi

553 2562 862 2623 evidentia
906 2564 1318 2627 testificantis
1375 2568 1452 2628 Et
1499 2567 1608 2646 qui
1653 2566 1977 2629 evidenter
2019 2583 2122 2625 co-

555 2662 883 2736 gnosceret
923 2658 1297 2721 miraculum
1327 2659 1565 2722 factum
1601 2660 1666 2721 in
1695 2658 2119 2721 testimonium

549 2749 824 2811 veritatis
847 2752 1198 2830 propositae,
1235 2758 1297 2815 et
1327 2751 1638 2826 revelatae,
1671 2758 1742 2813 ut
1770 2751 2116 2815 testificatae

550 2863 588 2903 a
643 2844 794 2915 Dee,
847 2844 1170 2907 evidenter
1220 2846 1407 2908 etiam
1457 2852 1863 2924 cognosceret
1913 2846 2117 2907 Deum

551 2954 692 2999 esse
722 2937 1180 3013 testificantem,
1209 2940 1356 3018 quia
1386 2940 1538 3001 illud
1568 2958 1728 3019 opus
1757 2957 1884 3000 non
1911 2943 2116 3019 potest

552 3050 690 3093 esse
727 3030 846 3092 nisi
879 3048 915 3093 a
955 3034 1119 3104 De03
1165 3039 1370 3114 potest
1407 3040 1619 3097 autem
1657 3032 1971 3095 interdum
2002 3032 2114 3093 mi-

549 3126 832 3187 raculum
862 3125 1184 3188 evidenter
1209 3128 1502 3207 cognosci
1529 3144 1644 3205 per
1663 3126 2111 3205 experientiam

551 3218 820 3299 alicujus
843 3265 859 3292 ‚
905 3218 1068 3281 sicut
1121 3220 1489 3283 Beatissima
1545 3218 1736 3299 Virgo
1791 3219 2115 3281 evidenter

551 3312 792 3375 sciebat
846 3332 914 3374 se
975 3315 1342 3393 concepisse
1399 3313 1536 3375 sine
1593 3314 1763 3387 viro,
1809 3318 1872 3374 et
1918 3330 2115 3393 pepe·

551 3409 706 3468 risse
733 3406 868 3469 sine
897 3406 1148 3479 dolore;
1205 3416 1268 3469 et
1297 3408 1568 3469 Lazarus
1609 3406 1932 3468 evidenter
1960 3406 2118 3468 scie—

550 3500 660 3563 bat
700 3518 768 3561 se
797 3506 1117 3561 mortuum
1161 3500 1372 3576 fuisse,
1419 3507 1482 3561 et
1526 3499 2021 3572 ressuscitatum,
2054 3506 2119 3561 et

551 3594 640 3655 sic
669 3592 748 3655 de
779 3593 956 3671 aliis;
983 3612 1133 3653 nam
1161 3594 1299 3657 haec
1341 3610 1534 3675 opera
1575 3592 1722 3655 licet
1757 3591 2117 3654 videntibus

551 3706 678 3751 non
721 3688 844 3748 sint
887 3688 1142 3748 omnino
1187 3687 1523 3763 evidentia,
1569 3686 1998 3767 metaphysica
2025 3686 2119 3747 10-

553 3782 828 3863 quend0‚
863 3780 975 3841 sed
1000 3786 1245 3841 tantum
1289 3780 1633 3853 moraliter,
1685 3786 1898 3841 tamen
1939 3778 2114 3859 ipsis,

553 3874 662 3955 qui
693 3874 793 3935 vel
838 3874 946 3935 illa
973 3872 1232 3948 faciunt,
1264 3873 1366 3934 vel
1415 3873 1480 3933 in
1525 3892 1594 3933 se
1623 3872 1952 3951 recipiunt,
2004 3889 2119 3951 po-

548 3975 674 4031 test
711 3965 1032 4029 evidenter
1060 3972 1348 4029 constare
1391 3984 1528 4026 esse
1559 3982 1752 4043 opera
1791 3964 2023 4039 divina,
2054 3970 2117 4025 et

551 4062 686 4123 sine
733 4060 1102 4139 deceptione
1147 4064 1259 4122 aut
1300 4058 1552 4121 fictione
1583 4058 1748 4119 facta
1790 4076 1928 4118 esse
1956 4077 1971 4128 3
2004 4074 2119 4136 per

549 4155 655 4215 illa
681 4172 830 4233 ergo
854 4159 1115 4231 possunt
1143 4153 1378 4215 habere
1404 4151 1782 4213 evidentiam
1803 4149 1914 4211 Dei
1941 4150 2118 4213 testi·-

551 4246 818 4308 ficantis.
850 4246 1132 4323 Denique
1161 4246 1248 4307 ita
1285 4244 1473 4307 etiam
1516 4242 1803 4305 existimo
1848 4244 1926 4305 de
1980 4244 2113 4304 ani-

547 4339 778 4401 mabus
810 4338 1195 4417 Purgatorii3
1225 4338 1510 4399 nondum
1549 4338 1716 4399 enim
1764 4337 2001 4410 vident,
2050 4342 2113 4397 et

549 4434 690 4495 ideo
706 4432 894 4494 fidem
924 4432 1176 4505 habeut,
1203 4438 1266 4493 et
1285 4432 1692 4493 nihilominus
1715 4430 1850 4511 ipso
1876 4430 2114 4512 experi-

549 4534 761 4589 mento
803 4536 1189 4603 cognoscunt
1221 4528 1414 4588 Deum
1445 4545 1584 4589 esse
1611 4525 1716 4599 qui
1750 4526 2116 4587 testificatur

547 4620 628 4682 de
656 4620 1018 4681 veritatibus
1047 4620 1218 4693 fidei,
1243 4626 1311 4681 ut
1335 4620 1412 4681 de
1434 4621 1570 4700 ipso
1600 4620 1987 4699 PurgaturiO,
2014 4620 2116 4681 vel

547 4712 872 4775 similibus
913 4713 1254 4775 Videantur
1289 4711 1456 4775 dicta
1485 4719 1636 4774 tom.
1668 4716 1710 4775 4
1735 4712 1934 4774 tertiae
1974 4730 2114 4793 par-

550 4808 646 4882 tis,
683 4806 912 4885 disput.
943 4810 1046 4881 47,
1079 4812 1230 4869 sect.
1273 4811 1332 4882 3,
1372 4824 1547 4867 num.
1579 4808 1640 4869 6.

627 4904 688 4963 4.
725 4898 827 4964 Aa
859 4900 1128 4982 primum
1167 4907 1590 4981 aryumentum
1615 4899 1681 4962 in
1719 4918 1885 4963 nm.
1921 4903 1979 4962 1.
2031 4936 2114 4947 —-·

547 4996 653 5059 Ad
683 4994 1133 5057 secundum.--
1155 4990 1254 5055 Ad
1291 4994 1561 5056 tertium.
1601 5024 1686 5039 -·
1726 4994 2113 5071 Argumenta

545 5105 696 5148 vero
755 5087 821 5147 in
875 5086 1254 5146 contrarium
1307 5086 1472 5148 facta
1529 5085 1760 5146 nullius
1809 5086 2113 5146 momenti

549 5187 716 5253 sunt,
745 5196 894 5238 nam
922 5180 1193 5257 primum
1213 5177 1444 5239 falsum
1472 5178 1760 5253 assumit3
1781 5180 1916 5257 jam
1943 5178 2113 5239 enim

547 5278 870 5333 ostensum
924 5278 1039 5345 est,
1100 5277 1232 5333 tam
1285 5271 1352 5331 in
1392 5270 1752 5333 hominibus
1805 5289 1998 5351 quam
2048 5272 2113 5333 in

543 5366 698 5438 Dee,
727 5382 913 5443 posse
967 5382 1082 5446 per
1130 5366 1393 5427 verbum
1447 5364 1738 5446 cognosci
1792 5362 2116 5427 evidenter

546 5459 688 5538 quis
726 5458 1042 5539 loquatur,
1073 5460 1360 5538 quamvis
1397 5478 1667 5538 persona
1708 5459 1975 5539 loquens
2018 5459 2114 5520 in-

543 5552 755 5614 tuitive
785 5570 910 5612 non
933 5552 1238 5615 videatur.
1265 5552 1622 5615 Secundum
1653 5552 1841 5615 etiam
1881 5552 2110 5615 falsum

1039 408 1268 459 msmtr.
1309 408 1394 459 m.
1433 408 1512 459 DE
1545 406 1808 459 omsscw
1842 404 2113 458 fomlam
2146 404 2327 466 Flnm,
2364 406 2443 455 ET
2476 400 2769 467 Quotlono
2802 405 2885 457 An
2918 404 3119 467 lLLU-D.
3150 406 3285 459 E'rc.

2203 504 2487 578 assumit,
2534 504 2682 583 quia
2728 506 2958 567 locutio
2996 506 3128 581 Dei,
3176 515 3245 570 ut
3272 526 3439 587 saepe
3474 504 3627 582 dixi,
3680 509 3783 565 est

2203 598 2364 659 aetio
2394 598 2725 673 transienS‚
2758 605 2821 660 et
2858 605 3068 678 potest
3094 618 3233 664 esse
3276 602 3380 663 vel
3418 599 3526 663 tali
3564 596 3779 659 modo

2203 690 2475 770 cognita,
2508 692 2608 752 vel
2636 694 2780 753 cu‘m
2825 693 3053 755 talibus
3096 693 3575 757 circumstantiis
3608 738 3625 767 ,
3674 690 3782 752 vel

2204 784 2527 847 effectibus
2552 786 2922 864 conjuncta,
2958 794 3023 849 ut
3070 788 3259 867 plane
3292 794 3536 851 constet
3562 806 3707 850 esse
3742 804 3782 845 a

2202 878 2372 953 De03
2418 879 2587 939 unde
2614 879 2698 939 ad
2730 880 2985 941 tertium
3010 878 3153 943 dico
3187 880 3351 943 hanc
3396 882 3781 943 evidentiam

2204 990 2343 1033 esse
2392 970 2873 1049 absh-activam,
2922 980 2985 1035 et
3028 994 3067 1036 a
3112 975 3481 1054 posteriori,
3532 981 3596 1038 et
3662 992 3785 1054 per

2202 1067 2497 1128 effectum
2548 1066 2844 1146 adjuncto
2896 1068 3098 1148 signe,
3158 1066 3275 1131 seii
3328 1088 3441 1148 per
3482 1070 3783 1131 effectum

2204 1160 2715 1240 significativum3
2771 1178 2924 1221 nam
2970 1162 3203 1224 locutio
3241 1164 3504 1224 effectus
3548 1168 3643 1223 est
3686 1163 3787 1221 lo·-

2204 1254 2476 1333 quentiS,
2510 1261 2571 1314 et
2594 1260 2901 1333 praeterea
2938 1262 3035 1317 est
3062 1256 3315 1335 signum
3344 1256 3574 1317 mentis
3602 1257 3783 1334 ejus;

2206 1354 2268 1408 et
2298 1347 2439 1408 ideo
2476 1348 2615 1408 talis
2644 1364 2783 1409 esse
2812 1354 3040 1427 potest,
3076 1356 3145 1411 ut
3182 1350 3564 1411 evidentiam
3590 1350 3787 1410 faciat

2202 1442 2542 1504 testimonii
2590 1442 2925 1523 loqueum,
2963 1450 3031 1505 ut
3084 1446 3241 1507 satis
3292 1444 3695 1525 explicatum.

2468 1658 2817 1705 ‘rucuma
2859 1658 3169 1705 SECUNDUM
3208 1656 3501 1707 PUNCTUU.

2230 1860 2235 1866 .
2284 1818 2344 1876 5.
2389 1815 2613 1890 Quibus
2657 1834 2777 1877 mm
2816 1820 2891 1896 fit
2926 1818 3213 1881 revelatio
3246 1818 3614 1893 immediate,
3657 1836 3789 1879 non

2202 1915 2295 1973 est
2336 1910 2681 1973 necessaria
2727 1909 3025 1975 evidentia
3056 1910 3409 1975 revelantis.
3440 1944 3525 1959 -
3543 1913 3790 1974 Secun-

2202 2002 2356 2064 dum
2384 2010 2688 2082 punctum
2720 2008 2835 2076 est,
2886 2020 2967 2064 an
3010 2005 3146 2065 hoec
3204 2004 3518 2068 evidentia
3556 2005 3789 2067 testifi-

2202 2096 2399 2157 cantis
2428 2096 2509 2157 sit
2535 2096 2895 2158 necessaria
2923 2098 2989 2159 in
3031 2098 3281 2177 obJecto
3314 2098 3564 2161 formali
3600 2098 3781 2159 fidei.

2199 2190 2271 2251 In
2296 2207 2421 2269 quo
2449 2195 2709 2269 puncto,
2737 2196 2985 2270 oportet
3008 2191 3339 2253 advertere
3368 2192 3621 2253 duobus
3648 2209 3789 2252 mo-

2200 2282 2297 2344 dis
2334 2283 2663 2362 pervenire
2721 2284 2803 2345 ad
2850 2284 3126 2363 aliquem
3174 2285 3461 2345 divinum
3493 2285 3787 2346 testimo-

2200 2377 2377 2436 nium
2418 2394 2431 2437 :
2478 2375 2678 2455 primo
2707 2377 3090 2453 immediate,
3120 2383 3191 2439 ut
3220 2378 3401 2441 verbi
3428 2379 3655 2458 gmtia,
3694 2378 3785 2437 ad

2202 2469 2522 2550 angelum,
2562 2470 2662 2530 vel
2709 2470 2791 2531 ad
2838 2471 3183 2549 Prophetas
3228 2488 3472 2548 omneS,
3510 2471 3615 2533 vel
3664 2471 3789 2531 ali-

2202 2580 2399 2641 quos;
2444 2563 2721 2624 seeundo
2747 2564 3042 2637 mediate,
3074 2564 3235 2625 sicut
3260 2565 3551 2643 pervenit
3574 2564 3661 2625 ad
3704 2564 3789 2625 fi-

2202 2655 2380 2717 deles
2408 2674 2523 2735 per
2550 2655 2987 2735 proedicatores
3016 2656 3189 2730 fidei,
3240 2664 3311 2719 ut
3338 2658 3501 2719 infra
3554 2665 3786 2719 contra

2201 2748 2447 2828 aliquos
2470 2750 2795 2811 hoeretieos
2834 2750 3264 2813 ostendemus,
3304 2752 3569 2824 Quando
3608 2751 3785 2812 fides

2198 2843 2567 2923 proponitur
2594 2843 2713 2903 hoe
2752 2843 3084 2922 posteriori
3128 2845 3346 2921 mode,
3394 2852 3637 2907 certum
3693 2846 3781 2905 de

2196 2937 2321 3000 fide
2364 2943 2479 3011 est,
2513 2944 2576 2999 et
2618 2938 3045 3018 experimento
3074 2941 3422 3019 cognitum,
3450 2960 3582 3001 non
3634 2960 3785 3002 esse

2196 3031 2615 3093 necessariam
2674 3030 3053 3093 evidentiam
3108 3033 3301 3096 divini
3358 3034 3703 3095 testimonii
3758 3055 3775 3105 ;
3820 3080 3831 3089 .

2193 3124 2342 3203 quia
2390 3130 2637 3186 constat
2690 3124 3003 3205 simplices
3042 3126 3294 3205 fideles,
3356 3128 3483 3189 imo
3546 3146 3777 3189 omnes

2194 3220 2283 3281 sic
2324 3218 2675 3295 credenteS,
2718 3238 2849 3282 non
2881 3222 3119 3285 habere
3163 3222 3329 3284 hane
3380 3222 3767 3285 evidentiam

2193 3314 2391 3394 ipsius
2427 3314 2823 3375 revelationis
2848 3358 2863 3388 ,
2916 3314 3028 3376 sed
3082 3315 3288 3377 solum
3334 3316 3775 3378 credibilitatis

2198 3406 2335 3485 ejus
2355 3424 2370 3478 ;
2396 3412 2457 3466 et
2476 3406 2761 3483 quamvis
2782 3407 3195 3486 sapientiores
3218 3408 3529 3489 majorem
3548 3428 3779 3489 quam-

2198 3498 2347 3561 dam
2396 3499 2741 3559 humanam
2788 3500 3227 3562 certitudinem
3276 3503 3587 3576 habeant,
3638 3522 3781 3563 non

2198 3592 2585 3655 transcendit
2610 3593 2801 3655 fidem
2840 3594 3206 3669 humanam,
3238 3602 3303 3657 et
3338 3595 3422 3657 ad
3449 3616 3786 3658 summum

2198 3686 2529 3766 pervenire
2557 3693 2763 3765 potest
2792 3688 2873 3748 ad
2911 3689 3179 3768 gradum
3208 3689 3537 3751 evidentiae
3564 3708 3786 3753 mora-

2196 3780 2296 3841 lis.
2331 3778 2420 3841 Ex
2444 3780 2541 3841 his
2568 3798 2721 3861 ergo
2746 3782 2894 3845 satis
2927 3786 3192 3859 constat,
3224 3800 3355 3865 non
3386 3802 3527 3846 esse
3546 3784 3628 3845 de
3658 3805 3787 3847 ne-

2198 3874 2485 3936 cessitate
2511 3872 2661 3934 fidei
2690 3875 3040 3936 secundum
3074 3894 3141 3937 se
3178 3882 3475 3955 spectatas
3516 3879 3791 3940 eviden-

2196 3967 2353 4029 tiam
2375 3966 2487 4029 Dei
2516 3966 2875 4042 revelantiS,
2904 3988 3017 4031 seu
3062 3970 3233 4049 quod
3275 3971 3577 4032 revelatio
3614 3972 3699 4033 sit
3743 3992 3789 4033 a

2198 4063 2351 4124 Deo.
2376 4062 2685 4123 Probatur
2709 4061 2918 4137 facile,
2946 4064 3092 4141 quia
3120 4065 3293 4143 quod
3322 4070 3419 4127 est
3438 4064 3519 4127 de
3546 4084 3789 4128 neees—

2197 4155 2377 4216 sitate
2402 4154 2549 4215 fidei
2578 4156 2925 4216 secundum
2950 4174 3042 4231 se,
3064 4163 3161 4218 est
3188 4158 3622 4219 necessarium
3651 4160 3795 4221 sin-

2196 4248 2358 4328 gulis
2390 4249 2471 4310 ad
2498 4249 2923 4322 credendum3
2958 4250 3070 4311 sed
3114 4252 3249 4311 haee
3292 4251 3609 4313 evidentia
3640 4272 3791 4315 non

2199 4346 2294 4403 est
2306 4341 2657 4402 necessaria
2676 4342 2933 4421 singulis
2954 4341 3036 4403 ad
3050 4343 3460 4417 credendum,
3476 4350 3795 4407 utosten-

2196 4454 2336 4495 sum
2361 4441 2491 4508 est3
2526 4452 2677 4514 ergo
2705 4452 2833 4496 uon
2858 4440 2951 4497 est
2980 4435 3061 4497 de
3094 4436 3468 4499 necessitate
3497 4436 3648 4499 fidei
3676 4459 3790 4500 se-

2196 4529 2473 4590 eundum
2502 4546 2593 4601 se,
2623 4546 2771 4589 nam
2796 4531 2966 4609 quod
2996 4548 3110 4610 per
3135 4548 3205 4593 se
3232 4533 3421 4593 alicui
3448 4534 3788 4610 convenit,

2196 4640 2451 4702 semper
2484 4626 2547 4684 et
2579 4622 2815 4701 ubique
2845 4624 3157 4686 convenit.

2274 4716 2335 4775 6.
2386 4714 2713 4793 Gajecanus
2742 4720 2929 4797 putat
2961 4718 3368 4781 necessariam
3399 4737 3527 4783 osse
3552 4720 3790 4802 quibus

2185 4810 2263 4887 fit
2286 4806 2647 4872 immediato.
2678 4842 2763 4857 -
2784 4809 2951 4874 OEtat
2974 4826 3087 4889 pro
3135 4830 3198 4875 se
3224 4812 3304 4874 D.
3345 4814 3663 4877 Tkmnam.
3694 4846 3793 4862 ——

2192 4900 2383 4965 Addit
2416 4902 3237 4966 rationem—Nihilominus
3272 4911 3489 4968 tamen
3516 4905 3596 4967 de
3644 4907 3793 4986 pri-

2196 4994 2313 5055 mis
2340 4993 2697 5055 doctoribus
2728 4994 2897 5069 fidei,
2937 4996 3171 5075 quibus
3198 4998 3563 5060 immediate
3594 5016 3795 5061 reve·

2192 5086 2318 5146 lata
2351 5086 2469 5147 fuit
2510 5086 2792 5148 doctrina
2844 5089 3016 5164 fidei,
3072 5097 3169 5152 est
3220 5089 3437 5170 opinio
3486 5092 3795 5170 Cajetani

2192 5182 2254 5241 2.
2300 5182 2361 5254 2,
2396 5198 2458 5257 q.
2494 5182 2631 5253 171,
2678 5186 2792 5242 art.
2836 5184 2896 5256 5,
2930 5187 2992 5243 et
3020 5202 3082 5262 q.
3132 5186 3271 5259 174,
3314 5190 3434 5245 art.
3480 5186 3564 5259 3,-
3596 5204 3795 5247 asse-

2194 5273 2389 5336 rentis
2426 5272 2589 5333 hanc
2634 5272 3012 5336 evidentiam
3062 5275 3255 5339 fuisse
3307 5276 3431 5338 illis
3474 5293 3793 5339 neeessa-

2193 5364 2376 5439 riam,
2420 5371 2490 5426 ut
2516 5370 2772 5447 possent
2798 5386 2938 5430 esse
2966 5370 3365 5433 convenienti
3397 5371 3589 5433 modo
3618 5372 3794 5435 doe-

2192 5464 2361 5520 tores
2387 5458 2570 5531 fide‘13
2602 5459 2771 5521 unde
2812 5480 2941 5523 non
2968 5461 3246 5544 loquitur
3271 5464 3353 5527 de
3390 5464 3791 5528 necessitate

2188 5551 2339 5615 fidei
2394 5551 2771 5633 simpliciter,
2822 5555 2935 5619 sed
2966 5556 3316 5621 secundum
3344 5574 3609 5621 suavem
3658 5558 3789 5625 Dei
