3900 6217
528 343 649 401 216
1168 345 1405 398 DlSPUT.
1444 347 1545 399 Vll.
1582 349 1661 400 DE
1694 347 1964 400 VIRTL'TE
1999 347 2158 401 ΗΒΕ]
2193 348 2490 412 QUANTUM
2522 351 2604 403 AD
2638 351 2900 402 HABITUS
2927 350 3085 403 EJUS.

536 449 759 523 minor,
808 465 953 508 nam
990 447 1261 508 maxime
1295 447 1537 510 efficere
1582 455 1781 528 potest
1810 447 2092 510 habitum
2170 450 2410 511 decimo
2437 451 2724 514 secundo.
2747 453 2822 512 Et
2845 451 3003 512 ratio
3023 458 3132 523 est,
3157 452 3302 532 quia
3321 471 3442 516 non
3469 465 3694 522 servant

534 541 757 602 erroris
803 541 1206 602 inclinantem
1234 540 1315 600 ad
1362 539 1629 603 similem
1680 547 1911 618 actum,
1944 543 2092 621 quia

532 641 705 696 actus
750 635 1099 694 immanens
1148 633 1306 694 nihil
1334 634 1501 694 aliud
1554 641 1756 716 potest
1800 651 2090 715 causare3

2172 545 2655 625 proportionem,
2699 546 2856 605 sieut
2884 563 3010 606 non
3053 551 3360 624 repugnat
3387 547 3696 615 formaliter

2174 646 2378 698 motus
2425 655 2692 714 sursum,
2741 657 2884 699 cum
2935 637 3235 700 habituali
3289 657 3397 700 seu
3452 647 3696 708 naturali

532 729 591 787 id
618 745 767 787 vero
798 728 859 786 in
895 726 1185 806 praesenti
1217 745 1345 790 non
1378 727 1626 804 sufficit,
1664 729 1891 808 primo,
1942 731 2093 809 quia
2169 732 2580 812 propensione
2623 732 2702 794 ad
2723 739 2962 794 motum
2993 731 3304 795 deorsum.
3337 735 3490 814 Ergo
3527 739 3695 800 etiam-

532 841 642 902 per
674 822 940 900 primum
972 827 1177 880 actum
1208 838 1333 882 non
1368 820 1627 882 efficitur
1654 822 1959 901 perfectus
1981 822 2091 884 ha-

533 915 723 988 bitus,
762 913 867 974 sed
888 913 967 972 ad
988 931 1298 974 summum
1346 913 1665 993 dispositio
1706 916 2087 996 imperfecta,

534 1026 669 1086 quoe
694 1027 818 1068 non
850 1025 1093 1087 semper
1138 1007 1301 1072 valet
1346 1008 1669 1070 excludere
1710 1011 2090 1071 contrarium

531 1101 835 1164 habitum.
849 1101 1154 1179 Secundo,
1175 1103 1341 1180 quia,
1360 1104 1502 1164 licet
1514 1103 1801 1166 daremus
1820 1103 2092 1184 primum

534 1204 741 1256 actum
774 1215 900 1256 esse
928 1195 1104 1254 valde
1132 1198 1471 1270 intensum,
1502 1204 1561 1257 et
1588 1197 1883 1258 inducere
1922 1196 2094 1256 simi-

534 1289 656 1350 lem
686 1290 995 1364 hahitum,
1026 1289 1433 1351 nihilominus
1474 1308 1550 1352 ex
1591 1301 1814 1352 natura
1849 1292 1941 1352 rei
1987 1291 2094 1354 ille

536 1382 782 1444 habitus
806 1401 931 1444 non
962 1383 1315 1444 excluderet
1336 1383 1549 1462 fidem,
1580 1385 1727 1466 quia
1756 1393 1845 1448 est
1886 1387 2096 1466 aequi-

538 1479 713 1552 situS,
746 1485 929 1557 atque
981 1478 1135 1539 adeo
1182 1485 1407 1540 natura
1452 1499 1565 1540 sua
1612 1497 1739 1540 non
1790 1486 2096 1561 repugnat

538 1570 883 1632 formaliter
909 1589 1047 1633 cum
1090 1573 1315 1648 infuso,
1344 1580 1417 1635 ut
1438 1574 1646 1635 videre
1686 1574 1831 1634 licet
1861 1574 1927 1635 in
1952 1592 2095 1654 pec-

536 1672 739 1728 catore
785 1665 1054 1727 habente
1084 1667 1331 1728 habitus
1360 1668 1657 1729 vitiorum
1684 1667 1863 1729 valde
1893 1669 2096 1728 inten-

534 1779 662 1839 sos;
692 1779 839 1822 nam
872 1763 921 1823 si
940 1761 1335 1842 justificetur,
1362 1764 1581 1843 recipit
1604 1781 1817 1824 omnes
1836 1763 2096 1825 virtutes

536 1855 791 1932 infusa3,
846 1862 908 1917 et
954 1871 1161 1918 tamen
1190 1877 1317 1918 non
1348 1858 1557 1919 statim
1590 1858 1821 1918 amittit
1845 1857 2096 1918 habitus

536 1967 751 2010 omues
790 1950 1078 2012 vitiorum
1096 1965 1115 2028 3
1168 1952 1383 2012 eodem
1434 1951 1601 2012 enim
1648 1951 1832 2011 modo
1884 1957 2098 2013 manet

538 2061 873 2122 propensus
898 2045 977 2106 ad
1022 2045 1206 2119 vitia3
1240 2045 1391 2106 alias
1437 2045 1861 2124 experimento
1894 2050 2098 2123 posset

537 2155 903 2216 cognoscere
932 2155 1106 2198 suam
1130 2138 1660 2217 justificationem.
1688 2139 1980 2217 Idemque·
1998 2155 2096 2197 ar-

536 2237 905 2308 gumentum
934 2237 1020 2294 est
1049 2231 1125 2292 de
1150 2231 1457 2302 haeretice,
1488 2231 1594 2311 qui
1635 2247 1777 2291 cum
1817 2232 2095 2310 primum

539 2323 619 2383 ad
675 2322 862 2385 fidem
917 2325 1316 2402 convertitur,
1370 2326 1589 2404 recipit
1616 2323 1901 2384 habitum
1932 2322 2097 2382 infu-

538 2434 671 2477 sum
706 2415 872 2492 fidei,
926 2423 989 2479 et
1032 2425 1241 2478 tamen
1272 2435 1400 2478 non
1428 2418 1634 2478 statim
1655 2416 1857 2495 perdit
1880 2433 2098 2476 omnes

538 2510 785 2571 habitus
830 2511 1013 2572 falsos
1036 2529 1190 2592 quos
1229 2511 1293 2571 in
1325 2511 1603 2570 doctrina
1633 2509 1779 2570 fidei
1802 2507 2091 2584 habebat,

536 2610 603 2664 ut
654 2605 831 2665 docet
876 2607 1064 2666 etiam
1112 2606 1509 2685 experientia.
1564 2605 1743 2666 Ratio
1791 2623 1935 2663 vero
1977 2609 2088 2679 est,

468 2779 475 2785 ι
536 2699 683 2777 quia
710 2698 957 2758 habitus
978 2698 1314 2778 acquisitus
1336 2703 1397 2760 et
1425 2697 1668 2758 infusus
1695 2712 1839 2757 sunt
1867 2697 2094 2759 diversi

538 2795 805 2866 ordinis;
840 2795 1147 2854 contraria
1173 2799 1401 2868 autem,
1436 2793 1715 2873 ejusdem
1748 2792 1982 2854 ordinis
2033 2798 2097 2853 et

541 2891 783 2965 generis
815 2907 942 2950 esse
970 2889 1218 2964 debent,
1242 2895 1391 2950 teste
1420 2885 1809 2966 Philosopho,
1864 2888 2088 2948 decim.

536 2982 834 3060 Metaph„
866 2985 1064 3062 capite
1084 2989 1277 3058 sexte,
1306 2989 1368 3043 et
1394 2982 1542 3042 satis
1570 2981 1836 3059 explicui
1866 2981 1931 3040 in
1944 2981 2095 3041 cita-

539 3082 602 3136 to
629 3075 761 3136 loco
788 3076 1059 3156 Metaph.
1094 3077 1268 3152 Item,
1298 3075 1445 3155 quia
1490 3073 1735 3135 habitus
1758 3075 2096 3154 acquisitus

537 3171 829 3248 supponit
856 3175 1245 3249 potestatem,
1275 3168 1382 3229 dat
1425 3186 1572 3229 vero
1618 3168 1811 3228 solam
1839 3167 2095 3228 facilita-

537 3270 663 3324 tem
694 3281 883 3342 quam
928 3263 1110 3324 debet
1152 3262 1393 3324 auferre
1432 3262 1777 3323 contrarius
1808 3260 2094 3336 babitus;

546 3356 789 3417 infusus
812 3362 1023 3417 autem
1054 3374 1257 3435 neque
1280 3354 1516 3416 confert
1554 3372 1757 3434 neque
1785 3355 1988 3415 aufert
2005 3355 2094 3415 fa·

534 3449 829 3510 cilitatem
858 3450 921 3509 in
949 3449 1359 3522 naturalibus,
1391 3449 1495 3507 sed
1526 3448 1698 3508 addit
1728 3454 2092 3526 potestatem

534 3541 1091 3622 supernaturalem,
1122 3550 1185 3602 et
1212 3543 1351 3602 ideo
1384 3543 1448 3602 iu
1478 3559 1543 3602 se
1584 3539 1927 3602 formaliter
1965 3557 2096 3602 non

532 3644 847 3716 pugnant3
892 3643 955 3698 et
992 3636 1122 3698 haec
1145 3653 1287 3717 pars
1308 3653 1384 3696 ex
1416 3636 1699 3714 sequenti
1726 3637 1925 3714 magis
1948 3651 2096 3696 con·

534 3731 905 3792 firmabitur.

617 3829 675 3887 6.
722 3823 951 3890 Deinde
980 3827 1377 3910 impuynatm·
1398 3824 1670 3907 expulsio
1689 3825 1951 3906 physica
1968 3830 2098 3903 sor-

534 3923 739 3985 vialis.
772 3953 852 3966 -
880 3920 1054 3994 Quod
1074 3927 1281 3981 autem
1308 3926 1481 3979 actus
1506 3919 1729 3980 erroris
1752 3919 2098 3999 formaliter

531 4034 657 4076 iton
678 4013 942 4094 expellat
962 4012 1245 4073 habitum
1262 4011 1739 4072 intellectualem
1758 4011 1927 4088 fidei,
1950 4031 2094 4091 pro-

533 4109 717 4170 batur
738 4109 965 4187 prim0,
998 4107 1165 4187 quia,
1198 4107 1247 4166 si
1278 4106 1418 4166 talis
1441 4113 1612 4167 actus
1638 4105 1941 4167 habeatur
1964 4106 2096 4166 sine

538 4201 719 4282 culpa
744 4201 1011 4276 mortali,
1034 4207 1103 4260 ut
1131 4201 1266 4260 fieri
1293 4207 1513 4281 potest,
1544 4219 1657 4280 per
1677 4200 2096 4278 ignorantiam

537 4295 965 4358 invincibilem
1013 4295 1111 4357 vel
1151 4295 1449 4356 moralem
1494 4295 2090 4366 indeliberationem,

539 4396 689 4450 tunc
724 4409 836 4471 per
866 4390 1042 4450 illum
1070 4396 1275 4450 actum
1306 4407 1433 4450 non
1458 4387 1802 4448 excluditur
1846 4385 2096 4447 habitus

532 4483 679 4544 fidei
700 4503 715 4556 ;
746 4502 895 4562 ergo
918 4485 1317 4546 manifestum
1342 4495 1434 4544 est
1456 4501 1579 4542 non
1610 4499 1739 4544 esse
1752 4481 2098 4560 formaliter

541 4585 598 4641 et
620 4579 870 4658 physice
896 4585 1347 4658 repugnantem
1390 4577 1505 4651 illi,
1531 4577 1675 4655 quia
1720 4576 1781 4636 iu
1818 4574 1924 4635 illo
1955 4583 2094 4634 actu

540 4680 631 4732 est
652 4678 778 4731 tota
801 4673 1022 4732 entitas
1065 4671 1336 4751 physica,
1368 4677 1432 4732 et
1463 4677 1591 4731 tota
1620 4670 1974 4730 informatio
1999 4669 2096 4728 in-

538 4764 841 4841 tellectae,
896 4783 1035 4845 quae
1071 4763 1223 4825 solet
1272 4783 1399 4826 esse
1446 4783 1587 4826 cum
1624 4769 1906 4845 peccat03
1949 4781 2097 4843 ergo

540 4859 789 4937 signum
843 4864 935 4919 est
969 4858 1390 4938 expulsionem
1454 4876 1581 4918 non
1639 4857 1967 4937 provenire
2023 4874 2100 4918 ex

546 4951 799 5032 physica
834 4951 1462 5031 incompossibilitate,
1492 4951 1598 5012 sed
1626 4970 1703 5012 ex
1726 4951 2100 5012 mortalitate

547 5045 818 5125 peccati:
849 5052 911 5106 et
936 5045 1072 5106 haec
1094 5046 1252 5106 ratio
1292 5045 1513 5126 probat
1538 5045 1727 5107 etiam
1754 5045 1831 5106 de.
1854 5045 2097 5120 habitu,

547 5138 695 5218 qula
742 5138 929 5199 etiam
974 5145 1145 5198 actus
1187 5137 1292 5199 ille
1327 5145 1529 5219 potest
1580 5139 1865 5200 habitum
1919 5155 2101 5199 suum

2172 826 2242 886 in
2275 826 2567 906 proesenti
2607 832 2779 886 aetus
2807 826 3028 886 erroris
3055 843 3184 888 non
3225 834 3457 906 pugnat
3487 829 3696 893 forma-

2175 917 2318 981 liter
2344 937 2484 980 cum
2509 917 2727 980 habitu
2747 917 2925 992 fidei3
2957 937 3105 999 ergo
3151 918 3322 980 nullo
3347 921 3522 982 modo
3541 923 3696 988 illum

2177 1019 2377 1092 potest
2399 1012 2744 1074 formaliter
2777 1013 3100 1092 expellere.
3151 1015 3229 1074 Et
3265 1012 3366 1076 hae
3387 1017 3636 1079 rationes
3663 1039 3698 1082 a

2175 1105 2414 1168 fortiori
2443 1107 2706 1188 probant
2735 1112 2944 1168 aetum
2979 1107 3382 1184 infidelitatis,
3408 1116 3581 1188 prout
3619 1119 3700 1174 est

2175 1200 2242 1260 in
2268 1201 2607 1276 voluntate,
2637 1217 2764 1262 non
2789 1219 2968 1281 posse
2995 1201 3324 1264 excludere
3347 1201 3586 1282 physice
3601 1205 3698 1268 ha-

2177 1293 2377 1356 bitum
2417 1295 2560 1356 fidei
2595 1295 2704 1375 qui
2735 1305 2826 1356 est
2864 1295 2930 1355 in
2959 1295 3312 1370 intellectu,
3347 1296 3488 1375 quia
3523 1315 3700 1377 neque

2177 1386 2362 1450 habet
2393 1387 2713 1451 formalem
2745 1389 3221 1469 repugnantiam
3253 1405 3396 1450 cum
3423 1388 3546 1466 ille,
3577 1409 3698 1452 cum

2177 1499 2302 1542 non
2337 1483 2552 1544 sintin
2583 1483 2796 1544 eadem
2827 1483 3127 1562 potentia,
3156 1499 3358 1563 neque
3393 1481 3572 1542 efficit
3603 1483 3698 1544 ali·

2173 1575 2324 1656 quid
2342 1579 2408 1637 in
2435 1575 2748 1638 intellectu
2777 1575 3118 1638 formaliter
3145 1575 3474 1638 excludens
3511 1575 3700 1638 fidem.

2257 1675 2318 1733 7.
2364 1669 2673 1733 Probatwr
2721 1670 2983 1733 ulterius
3021 1672 3280 1733 assertio
3331 1671 3521 1752 quoad
3550 1672 3704 1751 piam

2177 1764 2572 1846 affectionem,
2615 1765 2734 1826 imo
2765 1765 2963 1846 quoad
2985 1767 3307 1846 utrumque
3337 1763 3612 1827 habitum.
3633 1795 3702 1810 -·

2177 1858 2350 1932 Quod
2377 1875 2528 1919 vero
2564 1859 2750 1920 etiam
2787 1856 3038 1919 habitus
3082 1857 3419 1919 voluntatis
3457 1873 3580 1917 non
3605 1873 3700 1916 ex-

2175 1951 2458 2012 cludatur
2480 1952 2732 2032 physice
2755 1969 2864 2030 per
2877 1951 3122 2030 eulpam
3137 1949 3492 2025 voluntatis,
3509 1949 3704 2010 eodem

2175 2045 2304 2106 fere
2335 2045 2612 2105 discursu
2641 2044 2816 2106 facile
2857 2045 3104 2124 probari
3135 2050 3372 2125 potest,
3411 2044 3553 2122 quia
3595 2061 3702 2103 non

2176 2139 2474 2215 effective,
2501 2157 2639 2200 eum
2671 2157 2796 2199 non
2815 2138 3066 2199 inducat
3081 2137 3364 2199 habitum
3396 2137 3702 2198 formaliter

2175 2233 2756 2312 incompossibilem,
2779 2251 2978 2313 neque
3001 2231 3365 2306 formaliter,
3391 2231 3528 2309 quia
3543 2229 3700 2308 culpa

2175 2325 2282 2386 illa
2331 2344 2458 2387 non
2487 2331 2576 2386 est
2603 2325 2871 2402 habitus,
2913 2325 3017 2386 sed
3048 2332 3240 2387 actus,
3274 2323 3512 2385 Accedit
3559 2321 3704 2401 quod

2176 2419 2489 2479 interdum
2521 2425 2722 2499 potest
2747 2419 2950 2479 amitti
2987 2419 3090 2479 hie
3127 2417 3380 2478 habitus
3407 2416 3518 2495 piae
3548 2415 3702 2476 affec·

2174 2512 2360 2571 tionis
2389 2513 2520 2572 sine
2547 2530 2832 2592 expresso
2867 2519 2932 2572 et
2977 2511 3222 2573 formali
3269 2515 3412 2570 actu
3446 2508 3701 2570 volunta-

2177 2607 2276 2680 tis,
2303 2625 2414 2686 per
2440 2607 2768 2668 virtualem
2817 2612 2880 2667 et
2928 2607 3186 2667 tacitum
3233 2617 3610 2675 consensum,
3645 2600 3702 2659 in

2175 2717 2299 2778 quo
2339 2718 2468 2761 esse
2509 2719 2637 2760 non
2683 2706 2884 2780 potest
2929 2698 3201 2760 efficacia
3255 2714 3364 2757 seu
3408 2692 3702 2755 causalitas

2175 2793 2450 2872 physica.
2488 2795 2882 2872 Assumptum
2915 2793 3262 2853 declaratur
3288 2790 3357 2848 in
3376 2806 3446 2850 eo
3471 2786 3572 2866 qui
3605 2783 3704 2844 ha-

2175 2886 2280 2948 bet
2319 2887 2664 2948 dissensum
2686 2886 2785 2948 vel
2812 2885 3264 2946 dubitationem
3289 2883 3450 2943 circa
3481 2897 3603 2940 rem
3639 2877 3706 2936 fi-

2177 2981 2301 3057 dei,
2338 2981 2472 3041 sine
2513 2979 2854 3040 sufficiente
2893 2978 3280 3041 advertentis
3311 2975 3390 3036 ad
3421 2985 3702 3054 peecatum

2175 3073 2472 3149 mortale;
2495 3091 2665 3149 nam,
2685 3073 2737 3132 si
2759 3079 2968 3153 postea
2991 3073 3276 3134 advertat
3299 3068 3446 3150 quid
3473 3071 3624 3144 agat,
3649 3071 3704 3121 2²

2175 3167 2579 3228 nihilominus
2621 3169 2688 3228 in
2737 3168 2951 3229 eodem
2993 3173 3136 3227 actu
3182 3183 3294 3226 seu
3347 3157 3699 3224 dubitatione

2175 3262 2483 3341 persistat,
2517 3262 2733 3341 incipit
2762 3261 3034 3339 graviter
3069 3275 3330 3340 peccare
3352 3273 3462 3338 per
3497 3253 3700 3312 virtua-

2175 3356 2298 3416 lem
2321 3373 2706 3431 consensnm‚
2742 3374 2889 3417 nam
2926 3357 3093 3436 prior
3115 3360 3317 3429 actuS,
3346 3367 3421 3412 ex
3457 3343 3703 3408 conside·

2175 3450 2416 3511 ratione
2440 3449 2830 3525 adveniente,
2858 3450 2925 3510 fit
2947 3448 3348 3521 deliberatus,
3375 3451 3438 3505 et
3451 3439 3704 3500 voluntas

2175 3561 2302 3605 non
2328 3543 2548 3604 tollens
2574 3544 2752 3604 illum
2781 3546 2964 3606 tacite
2992 3542 3325 3616 consentit,
3355 3532 3585 3598 etiamsi
3611 3545 3710 3589 no-

2175 3656 2322 3699 vum
2354 3643 2560 3699 actum
2592 3655 2718 3699 non
2740 3637 3007 3715 habeat3
3036 3643 3190 3699 tunc
3225 3640 3434 3696 autem
3469 3622 3706 3707 expelle-

2172 3739 2278 3793 tur
2303 3731 2550 3794 habitus
2575 3731 2748 3804 fldei;
2783 3749 2931 3811 ergo
2957 3731 3210 3809 signum
3238 3735 3335 3790 est
3347 3727 3502 3786 hanc
3519 3713 3708 3799 expul-

2175 3826 2412 3888 sionem
2459 3843 2584 3886 non
2621 3844 2752 3886 esse
2783 3825 3125 3905 physicam,
3159 3824 3268 3885 sed
3292 3815 3602 3882 moralem.
3636 3812 3706 3870 Et

2175 3920 2292 3980 hoc
2327 3921 2512 3982 etiam
2543 3919 2943 3980 confirmatur
2971 3917 3174 3997 quoad
3199 3923 3526 3990 utrumque
3549 3903 3706 3967 habi-

2176 4021 2332 4092 tum,
2383 4016 2527 4094 quia
2560 4014 2760 4075 solum
2805 4013 3068 4074 dubium
3106 4012 3172 4072 in
3211 4010 3336 4072 fide
3364 4001 3706 4069 sufficienter

2176 4107 2620 4181 voluntarium,
2653 4109 2840 4168 etiam
2871 4105 3187 4178 indirecte,
3217 4104 3300 4166 ad
3320 4101 3486 4162 illam
3515 4089 3708 4171 expul-

2176 4203 2409 4264 sionem
2427 4202 2669 4279 sufficit,
2689 4203 2866 4280 juxta
2879 4219 3012 4280 cap.
3035 4199 3296 4275 Dubius,
3315 4197 3390 4257 de
3405 4184 3702 4254 haereticis.
3817 4255 3819 4268 1

2258 4299 2316 4358 8.
2367 4299 2579 4360 Tertia
2605 4297 2861 4359 assertio
2877 4320 2898 4356 .·
2923 4295 3268 4372 infidelitas
3289 4283 3526 4370 expellit
3549 4279 3706 4360 fidem

2176 4391 2508 4462 moraliter,
2541 4393 2666 4452 tum
2693 4387 3084 4462 demeritorie,
3118 4391 3247 4450 tum
3277 4375 3706 4463 dispositive.-

2177 4485 2543 4547 Deeloeratur
2563 4501 2632 4544 ex
2651 4484 2732 4544 D.
2761 4483 3007 4545 Thema.
3025 4511 3108 4525 —
3123 4474 3452 4558 Objeecz'om‘
3475 4464 3701 4546 satisfit.

2175 4609 2259 4622 --
2302 4578 2474 4637 Tune
2524 4595 2670 4635 vcro
2719 4579 2900 4650 urget
2945 4574 3219 4653 primum
3268 4565 3698 4662 argumentum.

2176 4673 2329 4734 Nam
2360 4671 2608 4750 inquiro
2630 4670 2828 4750 qualis
2842 4670 2921 4731 sit
2940 4668 3072 4729 haec
3103 4666 3428 4728 causalitas
3455 4650 3697 4720 morahs·

2185 4768 2466 4827 Doctores
2487 4763 2653 4824 enim
2675 4763 2842 4822 citati
2868 4761 3066 4823 solum
3091 4761 3407 4839 assignant
3424 4751 3701 4848 rationem

2177 4861 2382 4922 meriti
2412 4858 2510 4920 vel
2533 4857 2840 4932 demeriti,
2863 4861 3076 4916 contra
3105 4871 3295 4934 quam
3321 4842 3584 4932 procedit
3597 4838 3703 4896 dic-

2177 4961 2312 5016 tum
2352 4955 2811 5030 argumentum.
2845 4948 2991 5028 quia
3016 4947 3175 5008 ratio
3205 4946 3314 5008 illa
3329 4959 3447 5005 non
3483 4933 3704 4998 videtur

2177 5047 2508 5116 sufficiens,
2541 5061 2684 5105 cum
2709 5043 2924 5105 eadem
2961 5042 3060 5104 vel
3103 5043 3307 5123 major
3335 5041 3399 5101 in
3425 5032 3554 5096 aliis
3580 5039 3702 5105 pec·
3818 5119 3819 5122 Ἴ

2181 5141 2332 5201 catis
2372 5138 2748 5200 inveniatur.
2803 5139 3056 5216 Propter
3081 5136 3202 5197 hoc
3234 5151 3380 5214 ergo
3407 5125 3553 5191 addo
3579 5112 3704 5178 ulti-

548 5231 813 5293 effieere.
844 5230 1123 5293 Secundo
1151 5232 1453 5313 probatur
1480 5252 1559 5294 ex
1580 5231 1857 5313 generali
1874 5232 2104 5312 princi-
2181 5252 2284 5295 mo
2315 5237 2634 5313 peccatum
2676 5229 3055 5291 infidelitatis
3105 5230 3406 5310 expellere
3445 5214 3700 5280 habitum

544 5327 647 5405 pio
666 5326 944 5406 physicO,
971 5323 1115 5405 qui‘a
1143 5334 1314 5388 actus
1340 5347 1467 5389 non
1482 5326 2104 5409 expellitformaliter
2183 5327 2522 5402 moraliter,
2549 5332 2684 5386 tum
2709 5323 3124 5400 demeritorie,
3153 5329 3291 5386 tum
3315 5319 3494 5383 etiam
3523 5305 3703 5382 disPO·

545 5418 852 5496 habitum,
880 5426 953 5481 ut
986 5419 1195 5481 docuit
1226 5421 1415 5483 etiam
1446 5424 1513 5483 D.
1544 5423 1812 5484 Thomas
1838 5420 2104 5482 secunda
2180 5421 2380 5482 sitive.
2407 5420 2581 5480 Prior
2599 5435 2742 5497 pars
2771 5416 2939 5478 clara
2969 5423 3093 5492 est,
3133 5415 3433 5497 posterior
3461 5399 3702 5465 declara-

544 5513 852 5588 secundae,
883 5513 1222 5594 quaestione
1244 5515 1543 5595 vigesima
1576 5522 1817 5600 quarta,
1843 5513 2101 5577 articulo

2181 5519 2286 5574 tur
2310 5513 2541 5599 optime
2583 5529 2620 5571 a
2641 5510 2786 5572 divo
2805 5509 3085 5585 'l’homa3
3133 5509 3282 5601 quia
3315 5503 3417 5593 qui
3453 5483 3703 5560 dissentit
