3900 6217
599 418 720 483 516
1067 426 1304 480 nlsrn‘r.
1340 427 1446 480 XX.
1481 426 1560 478 DE
1593 424 1882 477 REMEDUS
1914 418 2226 475 ECCLESIAE
2257 420 2502 475 CONTRA
2533 423 2834 477 HAERESEs
2865 424 2946 476 ET
2976 422 3358 475 amnicos.

602 534 880 600 Petrum,
906 524 1122 589 Matth.
1151 528 1253 601 26,
1282 533 1344 589 et
1383 528 1606 588 Joaun.
1638 527 1714 587 18
1747 547 1760 585 ε
1790 526 1974 587 Mitte
2027 523 2162 605 yla-

607 626 777 689 dium
801 629 968 683 tuum
987 621 1054 679 in
1083 622 1390 702 seminam,-
1406 620 1514 681 ubi
1542 619 1757 680 dicunt
1777 616 2163 698 prohibuisse

601 717 913 780 Christum
961 712 1241 773 Ecclesiae
1283 730 1433 787 suae,
1488 718 1792 792 quatenus
1854 709 1995 770 talis
2045 714 2158 781 est,

601 828 780 870 usum
829 805 1163 867 materialis
1213 804 1424 883 gladii,
1467 803 1631 883 quod
1673 808 1872 884 potest
1915 800 2161 861 suaderi

598 902 952 963 testimonio
982 900 1054 960 D.
1082 897 1404 972 Bernardi,
1437 896 1596 958 libro
1623 902 1843 977 quarto
1885 894 1964 955 de
2004 895 2161 956 Con-

598 995 878 1069 siderat.,
910 991 1107 1071 capite
1149 990 1351 1066 tertio,
1380 990 1637 1051 dicentis
1658 990 1734 1050 ad
1767 987 2113 1067 Eugenium
2132 1002 2159 1045 ·:

604 1089 766 1163 Quid
787 1092 856 1149 tu
889 1087 1074 1149 &uuo
1115 1100 1414 1165 usurpare
1449 1082 1722 1164 gladium
1745 1086 1958 1155 tentes,
1994 1097 2164 1161 quem

582 1182 803 1259 ,iussus
839 1195 900 1242 es
926 1180 994 1239 in
1012 1179 1298 1257 vaqiaam
1347 1176 1727 1240 convertere?
1767 1174 1944 1236 Unde
1971 1172 2161 1235 etiam

596 1272 1031 1344 Tertullianus,
1057 1270 1124 1329 in
1153 1269 1311 1330 libro
1337 1269 1414 1329 de
1439 1268 1768 1343 Patientia,
1795 1268 1996 1347 capite
2040 1273 2163 1327 ter·

593 1367 681 1426 tio
720 1386 734 1424 :
773 1365 1114 1435 Patientia,
1145 1361 1326 1437 dixit,
1349 1360 1582 1425 Christi
1611 1361 1937 1424 inMalcao
1960 1360 2164 1423 valne-

592 1462 740 1520 rata
763 1461 872 1530 est,
908 1458 1110 1537 itaque
1148 1452 1343 1537 ,aladii
1379 1471 1561 1534 opera
1599 1454 1917 1517 maledixit
1942 1454 2009 1515 in
2020 1464 2163 1535 pos-

596 1556 819 1626 teman,
845 1551 1062 1629 utique
1089 1552 1372 1625 respectu
1407 1546 1688 1607 Ecclesiae
1713 1564 1860 1607 suoe.
1902 1545 2159 1619 Quarto,

593 1648 794 1722 potest
835 1639 953 1701 hoe
978 1658 1056 1701 ex
1081 1638 1364 1701 Patribus
1405 1636 1785 1712 confirmari,
1827 1654 1977 1697 nam
2007 1653 2163 1714 quo-

593 1735 711 1795 ties
756 1733 832 1795 de
859 1732 957 1794 his
996 1734 1194 1814 poenis
1241 1729 1685 1811 temporalibus
1722 1736 1944 1809 agunt,
1973 1729 2161 1789 etiam

595 1832 879 1906 respectu
920 1826 1380 1899 haereticorum,
1426 1842 1541 1904 per
1587 1822 1754 1901 leges
1825 1820 2037 1882 civiles
2098 1824 2161 1879 et

595 1918 944 2000 principum
991 1919 1332 1997 potentiam
1375 1916 1730 1977 inferendas
1765 1933 1894 1979 esse
1920 1912 2159 1991 siguifi-

593 2020 735 2073 cant
754 2028 776 2089 ;
807 2012 1146 2093 praesertim
1198 2010 1603 2088 Augustinus,
1641 2010 1709 2069 in
1732 2006 2007 2087 epistolis
2025 2006 2153 2087 jam

595 2102 826 2181 citatis,
870 2111 933 2166 et
977 2102 1321 2183 specialiter
1350 2102 1418 2163 in
1447 2103 1550 2177 50,
1577 2102 1644 2162 in
1669 2100 1874 2162 medio
1905 2098 2155 2163 :Potes-

595 2204 742 2273 tate,
783 2199 1008 2276 inquit,
1052 2214 1233 2278 quam
1252 2214 1365 2277 per
1390 2196 1738 2279 religionem
1777 2198 1835 2257 et
1853 2194 2037 2274 fidem
2068 2210 2158 2255 rc·

594 2310 759 2373 qum,
789 2294 1046 2373 tempore
1089 2305 1200 2369 quo
1252 2290 1471 2362 debuit,
1501 2288 1704 2351 divino
1733 2304 1976 2349 vennere
1998 2303 2158 2348 acce·

591 2387 688 2463 pit
717 2382 1025 2457 Ecclesia,
1061 2383 1126 2444 Iti
1166 2382 1273 2463 qui
1321 2383 1717 2444 inveniuntur
1745 2379 1811 2441 ia
1839 2378 1961 2441 viis
1988 2382 2047 2441 et
2068 2395 2158 2439 se-

586 2476 792 2557 pibus,
841 2477 913 2539 id
957 2480 1068 2549 est,
1119 2475 1186 2535 in
1231 2472 1553 2536 Iioeresibus
1597 2478 1654 2537 et
1704 2470 2152 2544 schismatibus,

599 2573 894 2650 coquatur
909 2569 1165 2630 imo-are.
1192 2566 1268 2627 Et
1281 2566 1401 2627 Leo
1425 2566 1610 2646 Papa,
1627 2563 1884 2643 epistola
1913 2568 2155 2642 quarta,

593 2662 746 2722 alias
775 2660 1182 2738 nonagesima
1226 2659 1452 2719 tertia:
1487 2656 1732 2721 Severis
1782 2656 2160 2719 constitutio-

592 2755 770 2817 nibus
787 2752 1132 2833 principum
1170 2752 1502 2831 adjuvatur
1535 2749 1857 2820 Ecclesia‚·
1885 2756 1947 2809 et
1998 2748 2157 2826 epis-

595 2846 720 2906 tola
753 2849 1022 2907 secunda
1053 2866 1068 2904 ι
1107 2842 1358 2909 Subdita·
1388 2843 1615 2925 leqibus
1647 2842 1967 2905 secandum
1996 2838 2158 2903 cliri-

595 2938 938 3002 stianorwm
975 2938 1330 3018 principum
1373 2938 1719 3011 constituta,
1747 2952 1860 3017 per
1889 2933 2159 3016 publicos

584 3031 827 3112 judices
863 3035 1152 3113 perpetuo
1206 3028 1597 3110 releyantum
1643 3036 1706 3089 et
1754 3028 2030 3107 loquitur
2082 3025 2159 3088 de

594 3124 895 3187 haereticis
913 3122 1355 3204 pertinacibus,
1377 3128 1440 3183 et
1470 3122 1548 3183 ad
1583 3120 1871 3183 cumdem
1899 3119 2157 3181 modum

591 3218 870 3299 loquitur
891 3219 958 3295 in
987 3215 1123 3277 aliis
1155 3214 1430 3296 epistolis
1449 3214 1652 3275 citatis
1677 3230 1865 3293 supra
1877 3234 1896 3291 3
1919 3218 1983 3273 et
2014 3212 2158 3275 Gre-

594 3328 728 3389 gor.
735 3356 758 3387 ,
805 3310 964 3371 libro
998 3310 1223 3388 prim0,
1264 3304 1524 3387 epistola
1568 3304 2023 3386 septuagesima
2064 3323 2157 3365 se·-

589 3405 815 3463 cuuda.
860 3402 1117 3478 Quinto,
1177 3406 1438 3461 sumunt
1491 3405 1933 3478 argumentum
1986 3397 2152 3478 quod

590 3495 796 3571 initio,
839 3496 906 3555 in
953 3511 1218 3556 numero
1263 3494 1503 3573 quinto,
1544 3492 1679 3570 jam
1725 3491 2043 3571 proposui,
2078 3508 2155 3551 ex

595 3590 855 3672 antiqua
880 3588 1349 3665 consuetudine,
1385 3586 1486 3648 vel
1515 3587 1721 3667 potius
1767 3603 1845 3647 ex
1871 3601 1999 3646 non
2038 3603 2155 3647 usu

594 3683 736 3744 talis
774 3682 1108 3743 coactionis
1147 3680 1419 3762 antiquae
1457 3677 1742 3741 Ecclesiae
1767 3696 1882 3759 per
1925 3677 2155 3739 multos

598 3794 820 3835 aanor».
855 3773 1108 3849 Ultimo,
1136 3778 1338 3852 potest
1365 3770 1645 3833 adhiberi
1671 3772 1854 3846 ratio,
1883 3771 2031 3850 quia
2048 3770 2154 3849 ju·

595 3867 871 3928 risdictio
897 3868 1059 3928 circa
1097 3865 1383 3926 homines
1431 3863 1769 3925 secundum
1813 3881 2059 3943 corpuS,
2091 3868 2153 3924 et

591 3960 966 4039 dispensatio
1005 3957 1443 4039 temporalium
1497 3974 1709 4018 rerum
1771 3955 2154 4036 principibus

589 4050 1034 4132 temporalibus
1055 4051 1194 4130 lege
1232 4057 1470 4112 naturai
1497 4050 1824 4111 commissa
1851 4054 1966 4124 est,
1992 4053 2062 4109 ut
2089 4048 2157 4110 in

589 4146 754 4207 dicto
797 4144 957 4207 libro
991 4150 1080 4205 ter
1091 4145 1179 4205 tio
1224 4144 1609 4206 Defensionis
1649 4141 1798 4203 fidei
1850 4141 1975 4204 late
2020 4158 2159 4221 pro-

593 4239 768 4313 bavi3
803 4254 950 4318 ergo
983 4236 1064 4297 ad
1109 4235 1246 4297 illos
1292 4242 1542 4297 tantum
1585 4236 1854 4316 pertinet
1883 4234 1983 4297 vel
2027 4232 2159 4297 haec

599 4332 766 4394 bona
815 4341 877 4394 et
917 4346 1173 4412 corpora
1213 4330 1398 4405 tueri,
1443 4330 1542 4391 vel
1579 4328 1824 4391 auferre
1839 4374 1861 4405 ‚
1907 4328 2158 4409 quando

588 4426 776 4488 fuerat
807 4425 1138 4505 expediens
1153 4437 1174 4502 ;
1195 4422 1304 4485 sed
1331 4423 1532 4484 omnis
1559 4440 1743 4502 poena
1791 4422 1891 4484 vel
1925 4422 2155 4483 coactio

588 4520 946 4602 temporalis
971 4520 1131 4581 circa
1175 4518 1310 4579 hoec
1353 4517 1518 4579 bona
1555 4522 1832 4579 versatur
1844 4532 1866 4595 3
1896 4534 2045 4595 ergo
2072 4516 2159 4578 ad

591 4614 750 4675 solos
795 4612 1164 4693 temporales
1213 4611 1522 4692 principes
1571 4628 1682 4691 per
1745 4627 1810 4671 se
1853 4611 2141 4689 pertinet,

587 4714 838 4788 propter
879 4706 1311 4786 quodcumque
1339 4703 1575 4767 crimen
1617 4703 1997 4783 imponenda
2040 4704 2143 4763 sit.

589 4800 764 4863 Unde
791 4800 842 4860 si
883 4800 1103 4877 aliquis
1129 4816 1274 4860 usus
1300 4796 1440 4859 talis
1466 4796 1796 4859 coactionis
1828 4795 1907 4856 ab
1954 4796 2148 4857 eccle-

583 4894 842 4955 siasticis
873 4890 1186 4971 judicibus
1207 4889 1300 4965 fit,
1327 4890 1530 4951 solum
1555 4906 1684 4951 esse
1710 4894 1912 4969 potest
1936 4889 2143 4967 justus

587 5006 667 5048 ex
692 4984 1120 5047 commissione
1141 4982 1527 5044 saecularium
1547 4982 1922 5063 principum.

668 5082 770 5143 2-1.
818 5076 1088 5141 Censura
1107 5076 1499 5160 prcecedentis
1525 5077 1938 5138 sententioe.—
1950 5072 2146 5149 Quar-

587 5180 656 5238 ta
689 5170 944 5236 assertio
985 5170 1056 5231 ia
1099 5170 1324 5233 ordine.
1351 5199 1436 5214 —
1471 5168 1778 5233 Probatur
1817 5170 2022 5249 primo
2071 5184 2145 5230 ea·

590 5265 949 5347 Scriptura.
975 5296 1056 5312 —-·
1083 5262 1492 5327 Nihilominus
1532 5280 1749 5324 censeo
1796 5262 1958 5323 lianc
2006 5278 2143 5321 sen-

587 5360 851 5421 teutiam
891 5374 1238 5430 erroneam,
1269 5360 1331 5416 et
1377 5354 1726 5417 defensores
1753 5355 1885 5435 ejus
1914 5352 1992 5415 ad
2032 5354 2149 5415 mi-

587 5455 830 5513 nimum
859 5468 987 5513 esse
1016 5448 1194 5511 valde
1226 5453 1544 5527 suspectos
1564 5447 1642 5509 de
1662 5447 1901 5523 haeresi,
1927 5455 1992 5509 et
2016 5464 2149 5508 ma-

584 5547 840 5614 nifestos
870 5542 1302 5607 haereticorum
1331 5540 1628 5603 fautores.
1671 5540 1818 5605 Dico
1850 5557 1999 5619 ergo
2040 5558 2147 5622 po·

2241 528 2523 585 testatem
2549 525 2853 605 puniendi
2882 525 3227 596 haereticos,
3279 524 3462 585 etiam
3488 530 3735 607 tempora-

2241 615 2402 677 libus
2429 624 2491 678 et
2540 618 2958 697 corporalibus
2998 618 3216 697 poenis,
3238 618 3381 697 jure
3426 616 3612 678 divino
3640 639 3736 684 esse

2241 708 2310 770 in
2330 710 2673 789 pastoribus
2702 708 3005 785 Ecclesiae,
3037 717 3101 771 et
3128 711 3467 791 praesertim
3488 710 3547 771 in
3566 712 3741 774 Roma-

2244 820 2327 863 no
2366 802 2689 879 Pontifice,
2718 804 3004 881 quamvis
3047 802 3410 864 secundario
3452 802 3618 862 etiam
3638 824 3741 885 per-

2240 894 2437 955 tineat
2484 896 2561 955 ad
2602 894 2933 956 catholicos
2981 894 3311 975 principes„
3351 896 3657 973 prasertim
3694 904 3744 959 ut

2240 988 2520 1049 Ecclesiae
2554 996 2950 1069 protectores,
2978 994 3042 1049 et
3065 988 3246 1067 juxta
3296 987 3559 1066 ejusdem
3586 988 3747 1052 Eccle-

2243 1082 2349 1142 siae
2372 1082 2979 1143 determinationem.
3030 1080 3237 1143 Prima
3286 1098 3429 1162 pars
3468 1081 3635 1159 hujus
3674 1102 3746 1142 as-

2240 1175 2548 1250 sertionis,
2593 1192 2733 1253 quae
2778 1182 2870 1235 est
2892 1172 3317 1254 principaliter
3366 1174 3610 1250 intenta,
3644 1193 3748 1255 pro-

2242 1266 2427 1329 batur
2471 1268 2709 1349 „prim0,
2778 1267 2885 1329 illo
2935 1266 3398 1329 fundamentali
3460 1268 3750 1329 testimonio
3821 1340 3822 1355 1

2242 1360 2497 1435 Joann.,
2547 1361 2849 1439 vigesimo
2900 1360 3149 1441 primo:
3194 1362 3396 1425 Pasce
3450 1378 3572 1423 oves
3606 1379 3749 1439 meas,

2247 1452 2353 1515 ubi
2383 1453 2723 1515 secuudum
2771 1452 3249 1533 intelligentiam
3306 1451 3669 1527 catholicam,
3709 1462 3753 1515 et

2243 1546 2526 1607 omnium
2570 1552 2924 1607 sanctorum
2973 1546 3253 1621 Patrum,
3304 1544 3451 1607 data
3495 1552 3578 1605 est
3616 1546 3753 1607 Petm

2241 1646 2508 1719 potestas
2537 1657 2724 1719 supra
2750 1656 2964 1700 omnes
2979 1638 3203 1699 Christi
3232 1654 3382 1699 oves
3403 1638 3480 1699 ad
3512 1641 3752 1717 regendas

2242 1734 2415 1811 illas;
2442 1732 2560 1793 hoc
2583 1735 2753 1796 enim
2776 1732 3084 1811 significat
3104 1734 3169 1793 in
3196 1734 3519 1813 Scriptura
3545 1734 3751 1793 verbum

2240 1827 2459 1903 Pasce,
2490 1827 2739 1905 regibus
2767 1827 2867 1888 vel
2901 1828 3167 1907 praelatis
3186 1825 3597 1904 metaphorice
3622 1828 3751 1887 attri-

2238 1918 2459 1980 butum
2481 1939 2497 1995 ;
2522 1938 2659 1999 quae
2698 1924 2967 1998 potestas
3006 1932 3220 1981 manet
3246 1920 3315 1979 in
3364 1918 3751 1979 successorihus

2238 2013 2427 2088 Petri,
2458 2015 2607 2093 quia
2634 2018 2880 2073 tantum
2932 2012 3158 2073 durare
3208 2012 3447 2087 debuit,
3503 2020 3750 2091 quantum

2240 2104 2532 2180 Ecclesia,
2556 2105 2734 2184 juxta
2761 2104 2917 2165 illud
2954 2104 3229 2167 Matthaei
3272 2106 3355 2166 26
3383 2120 3402 2166 ε
3436 2102 3626 2185 Super
3644 2106 3755 2166 kant

2238 2196 2493 2261 Petram
2522 2196 2826 2275 oedificabo
2878 2198 3228 2261 Ecclesiam
3271 2215 3491 2271 meam,
3530 2201 3581 2259 et
3610 2204 3757 2277 porta

2236 2290 2423 2371 inferi
2469 2308 2587 2351 non
2635 2290 3048 2373 proevalebunt
3106 2292 3403 2353 adversus
3469 2306 3626 2363 cam,·
3676 2306 3755 2369 per

2237 2399 2378 2461 quae
2405 2382 2595 2444 verba
2622 2382 2771 2443 satis
2818 2381 3168 2444 declaratur
3209 2388 3511 2463 perpetua
3560 2380 3755 2441 duratio
3821 2396 3822 2465 j

2238 2474 2521 2537 Ecclesiae
2578 2496 2761 2557 super
2814 2478 3003 2539 talem
3052 2482 3331 2555 petram,
3385 2494 3563 2557 super
3610 2490 3755 2555 quam

2239 2567 2499 2629 fundata
2526 2568 2775 2645 dicitur,
2798 2568 2945 2651 quia
2973 2588 3010 2629 a
3054 2570 3236 2631 Petro
3273 2576 3337 2630 et
3364 2567 3757 2629 successorihus

2241 2662 2373 2740 ejus
2406 2680 2649 2741 semper
2679 2661 2950 2741 regenda
2978 2668 3093 2737 est,
3124 2668 3187 2725 et
3220 2663 3288 2723 in
3320 2680 3468 2723 vera
3511 2660 3622 2721 fide
3653 2645 3760 2719 co'n-
3821 2668 3822 2743 i

2236 2756 2561 2816 servanda.
2593 2756 2671 2815 At
2716 2774 2863 2817 vero
2906 2756 2984 2815 ad
3012 2754 3349 2835 pascendas
3377 2772 3539 2825 oveS‚
3570 2760 3624 2815 et
3647 2770 3756 2814 con·

2238 2848 2558 2909 venienter
2576 2848 2876 2926 regendas
2889 2858 2951 2908 et
2970 2846 3445 2922 conservandaS,
3459 2865 3578 2907 nou
3598 2846 3757 2906 solum

2240 2939 2479 3018 indiget
2546 2946 2753 3021 pastor
2798 2940 3097 3001 facultate
3140 2938 3457 3019 dirigendi
3486 2938 3632 3012 illas,
3676 2934 3757 2997 sed
3821 2986 3822 3007 ἢ

2240 3033 2431 3093 etiam
2481 3033 2806 3095 coercendi
2852 3039 2916 3095 et
2944 3033 3286 3095 revocandi
3318 3032 3401 3093 ad
3443 3048 3693 3111 gregem,
3720 3030 3757 3088 si
3821 3027 3822 3118 ᾗ

2236 3126 2534 3201 resiliant,
2567 3127 2756 3188 etiam
2785 3128 2847 3188 vi
2888 3125 3190 3205 corporali
3240 3125 3501 3201 utendo,
3544 3124 3591 3183 si
3620 3138 3757 3202 opor·
3821 3126 3822 3129 ’

2236 3220 2461 3294 tuerit3
2490 3236 2638 3298 ergo
2666 3238 2743 3281 ex
2789 3220 2852 3279 vi
2880 3212 3048 3279 illitis
3076 3216 3251 3279 verbi
3277 3217 3501 3291 Pasce,
3533 3214 3662 3275 data
3693 3218 3759 3275 est
3821 3256 3822 3269 ι

2237 3313 2416 3373 Petro
2452 3311 2656 3373 omnis
2696 3317 2963 3392 potestas
3020 3310 3392 3386 necessaria,
3468 3307 3757 3393 secundum

2232 3410 2465 3465 rectam
2516 3404 2989 3483 providentiam,
3034 3403 3115 3465 ad
3156 3402 3465 3482 regendas
3528 3418 3674 3476 oves,
3714 3406 3759 3457 et

2232 3496 2611 3558 reducendas
2647 3496 2783 3557 illas
2805 3496 2885 3557 ad
2917 3494 3102 3572 ovile,
3133 3496 3186 3556 si
3208 3494 3495 3575 fugitivae
3540 3492 3753 3555 fuerint.

2236 3588 2345 3649 Est
2371 3596 2581 3649 autem
2612 3588 3031 3663 manifestum,
3062 3606 3140 3650 ex
3173 3588 3379 3665 dictis,
3431 3604 3556 3651 esse
3592 3600 3758 3647 neces·

2236 3683 2464 3743 sariam
2513 3680 2593 3743 ad
2632 3679 2799 3743 huuc
2829 3680 3117 3743 effectum
3156 3686 3527 3760 potestatem
3570 3674 3758 3739 coerci-

2233 3793 2561 3855 vaanon
2612 3775 2813 3837 solum
2865 3794 2974 3857 per
3011 3774 3365 3856 spiritualia
3394 3774 3649 3849 vincula,
3677 3768 3757 3831 sed

2234 3872 2423 3932 etiam
2450 3888 2559 3949 per
2600 3870 2968 3949 temporales
3024 3874 3086 3930 et
3137 3869 3491 3951 corporales
3544 3882 3724 3948 poenas
3738 3877 3755 3937 ;

2237 3961 2645 4042 eamdemque
2674 3968 3039 4042 potestatem
3066 3961 3370 4023 indicavit
3398 3962 3651 4022 Christus
3672 3970 3756 4034 per

2237 4055 2361 4116 alia
2390 4054 2582 4117 verba
2608 4057 2757 4117 satis
2798 4055 3195 4130 universalia,
3231 4060 3294 4117 et
3342 4052 3585 4136 speciali
3610 4047 3753 4109 modo

2237 4149 2403 4209 dicta
2431 4150 2632 4223 Petm,
2655 4150 2929 4211 Matthaei
2963 4150 3038 4211 ⁴6
3068 4164 3086 4209 ε
3119 4148 3257 4211 Tibi
3283 4148 3431 4213 dabo
3472 4146 3648 4211 claves
3681 4157 3751 4201 re-

2236 4243 2346 4325 qui
2410 4242 2714 4317 coelorum,
2762 4246 2821 4305 et
2851 4242 3250 4324 quodcumque
3284 4240 3571 4323 liqaveris
3612 4250 3753 4314 super

2238 4342 2491 4412 terram,
2521 4334 2641 4398 erit
2667 4334 2927 4417 ligatum
2981 4340 3037 4397 et
3069 4334 3139 4395 in
3165 4334 3333 4408 caelo,
3364 4339 3508 4407 etc„
3554 4346 3669 4409 quae
3701 4325 3751 4385 in

2238 4426 2409 4489 hunc
2444 4428 2701 4489 modum
2743 4426 3187 4489 intellexerunt
3223 4426 3439 4489 Sancti
3481 4426 3667 4485 Patres
3707 4423 3754 4477 ct

2239 4520 2587 4595 PontificeS,
2614 4538 2770 4601 quos
2803 4520 2868 4581 in
2897 4519 3060 4581 dicto
3090 4518 3249 4582 libro
3273 4521 3311 4579 3
3340 4520 3465 4582 late
3490 4514 3675 4590 retuli,
3704 4516 3751 4570 et

2238 4612 2446 4673 statim
2486 4610 2723 4690 aliquos
2749 4612 3063 4673 indicabo.
3109 4612 3440 4693 Potestque
3484 4610 3592 4672 hoc
3638 4624 3752 4666 con·

2228 4704 2467 4765 firmari
2494 4723 2572 4766 ex
2600 4704 2801 4767 verbis
2828 4704 3055 4767 Psalm.
3086 4706 3150 4781 2,
3176 4704 3285 4766 ubi
3314 4705 3394 4766 ad
3421 4705 3670 4765 litteram
3692 4694 3750 4755 de

2226 4797 2467 4861 Christo
2496 4804 2587 4858 est
2620 4816 2847 4873 sermo,
2890 4800 2992 4859 cui
3030 4799 3210 4859 Pater
3246 4798 3437 4859 dicit:
3470 4797 3624 4858 Dabo
3666 4786 3753 4854 tibi

2225 4895 2430 4972 ¹qentes
2460 4890 2866 4955 haereditatem
2896 4896 3066 4955 tuam
3088 4916 3115 4965 ;
3150 4897 3211 4952 et
3260 4891 3459 4952 infra:
3480 4886 3655 4969 Reqes
3678 4896 3753 4944 eos

2225 4988 2295 5047 iu
2318 4986 2501 5065 virya
2525 4989 2743 5065 ferrea,
2770 5004 2880 5065 per
2909 5005 3100 5066 quam
3126 4985 3507 5066 significatur
3528 4984 3755 5061 potestas

2223 5078 2481 5156 regendi
2512 5084 2574 5139 et
2596 5078 2918 5139 coercendi
2949 5096 3096 5140 cum
3122 5077 3298 5140 omni
3328 5076 3589 5139 efficacia
3613 5076 3666 5131 et
3688 5066 3755 5127 ri-

2224 5189 2373 5250 gore
2388 5171 2669 5251 Justitiae,
2688 5172 2739 5233 si
2768 5191 2922 5252 opus
2948 5173 3053 5247 sit,
3086 5180 3157 5235 ut
3190 5174 3279 5235 ibi
3309 5172 3561 5234 Basilius
3586 5158 3753 5227 etalii

2226 5271 2545 5341 notarunt,
2563 5270 2625 5327 et
2647 5264 2992 5345 specialiter
3016 5266 3216 5328 videri
3246 5270 3441 5346 potest
3451 5258 3747 5325 Genebrar.

2228 5356 2430 5429 Quare
2463 5375 2590 5416 non
2616 5364 2709 5417 est
2756 5355 3015 5417 dubium
3044 5359 3199 5437 quin
3231 5358 3336 5418 illa
3371 5359 3621 5437 potestas
3666 5362 3752 5405 ex·

2229 5450 2519 5510 tendatur
2532 5448 2610 5510 ad
2633 5468 2829 5528 genus
2841 5451 3169 5511 coactionis
3196 5449 3272 5512 de
3296 5466 3415 5528 quo
3432 5452 3748 5507 tractamus,

2228 5541 2405 5621 cujus
2457 5542 2759 5607 indicium
2797 5542 3062 5623 praebuit
3123 5542 3413 5616 Christus,
3468 5544 3532 5599 ut
3574 5536 3749 5595 Patres
