3900 6217
502 407 617 471 162

497 515 829 578 definiente
865 512 1053 574 simul
1097 530 1237 574 cum
1285 513 1554 575 Concilio
1597 510 1897 591 generali,
1928 510 2059 591 jam

500 609 733 670 dictum
789 612 921 681 est,
981 606 1179 667 solum
1245 612 1522 687 superest
1585 603 2056 685 inquirendum,

500 707 714 763 utrum
738 700 791 761 si
821 698 984 761 solus
1009 697 1259 759 definiat
1293 698 1525 779 absque
1548 697 1821 780 generali
1849 696 2062 757 Conci-

500 795 608 872 lio,
639 794 923 855 eamdem
950 791 1175 853 habeat
1203 790 1735 866 infallibilitatem,
1770 797 1833 851 et
1859 789 1939 850 sit
1966 807 2060 849 re-

500 889 647 969 gula
670 887 837 965 fidei,
867 886 965 948 vel
1001 888 1187 967 possit
1209 904 1415 948 errare
1432 903 1451 966 ;
1499 888 1649 969 qnia
1690 904 1817 947 non
1854 884 2058 945 solum

500 980 772 1043 baeretici
808 979 1126 1041 affirmant
1155 998 1363 1042 errare
1390 998 1587 1061 posse,
1626 977 1791 1060 quod
1826 978 2057 1038 mirum

502 1095 629 1137 non
658 1081 771 1149 est,
817 1091 958 1135 cum
986 1072 1325 1154 primatum
1364 1074 1497 1152 ejus
1526 1080 1755 1152 negent
1774 1094 1792 1149 3
1841 1088 2060 1133 verum

502 1171 690 1231 ctiam
727 1166 921 1247 aliqui
958 1166 1241 1228 catholici
1273 1167 1445 1228 dubii
1476 1174 1664 1245 sunt3
1705 1166 1873 1246 quia,
1916 1164 2063 1225 licet

500 1263 837 1342 primatum
865 1266 1205 1339 agnoscant
1238 1279 1308 1321 su
1318 1279 1429 1340 pra
1456 1260 1731 1338 singulos
1760 1258 1837 1319 de
1860 1258 2064 1319 Eccle-

500 1357 612 1430 sia,
640 1372 765 1415 non
793 1361 1003 1414 tamen
1033 1370 1219 1432 supra
1242 1359 1434 1417 totam
1466 1353 1797 1414 Ecclesiam
1836 1351 2062 1412 collec-

500 1448 627 1509 tive
654 1494 669 1521 ,
717 1454 781 1509 et
834 1448 899 1507 in
946 1446 1216 1508 Concilio
1263 1447 1538 1525 generali
1581 1450 2061 1525 congregatam,

502 1540 667 1620 quod
709 1541 897 1602 etiam
927 1538 1403 1601 fundamentum
1435 1539 1657 1599 falsum
1691 1544 1802 1612 est,
1838 1544 1901 1599 et
1924 1537 2065 1598 ideo

505 1634 613 1696 illo
652 1636 902 1710 emisse,

585 1730 645 1788 3.
696 1728 913 1789 Partis
958 1727 1255 1807 neqativoe
1299 1732 1719 1806 aryumentum
1769 1726 2064 1805 primum.

504 1852 587 1867 -
618 1818 981 1883 Secundum.
1003 1853 1083 1864 —-
1111 1820 1409 1883 Tertium.
1434 1852 1516 1867 —
1534 1819 1713 1881 Ratio
1740 1816 2068 1879 dubitandi

506 1931 633 1975 esse
657 1918 879 1992 potest,
910 1913 1134 1995 prime,
1165 1912 1313 1993 quia
1340 1932 1465 1973 una
1490 1912 1707 1991 regula
1730 1913 1869 1973 viva
1898 1910 2068 1971 suffi-

506 2007 591 2067 cit
630 2006 930 2081 Ecclesioe,
959 2012 1021 2066 et
1066 2006 1201 2067 haec
1232 2007 1365 2084 jam
1397 2006 1710 2087 assignata
1742 2011 1856 2081 est,
1898 2004 2070 2064 scili-

507 2105 626 2174 cet,
670 2098 1009 2161 Concilium
1046 2098 1333 2179 generale
1376 2099 1725 2178 legitimum
1764 2106 1825 2159 et
1850 2114 2072 2179 appro-

506 2192 724 2253 batum
757 2214 770 2252 :
804 2210 954 2273 ergo
992 2192 1278 2254 Pontifex
1305 2210 1418 2273 per
1453 2210 1517 2253 se
1551 2211 1679 2253 non
1707 2198 1800 2253 est
1830 2192 2066 2272 regula.

508 2288 809 2349 Probatur
837 2288 1301 2368 consequentia,
1327 2294 1461 2348 tum
1491 2289 1638 2369 quia
1668 2288 1732 2349 in
1774 2290 2074 2369 potestate

508 2388 637 2441 tam
666 2380 961 2460 singulari
996 2388 1057 2442 et
1088 2380 1414 2443 excellenti
1461 2398 1585 2441 non
1630 2380 1903 2459 oportuit
1940 2378 2076 2439 dari

508 2473 1001 2549 multitudinem,
1045 2479 1182 2535 tum
1219 2474 1489 2535 maxime
1524 2474 1674 2553 quia
1716 2474 1782 2533 in
1821 2471 2075 2551 negotio

511 2575 641 2629 tam
677 2569 875 2647 gravi,
908 2586 1035 2629 non
1072 2567 1436 2647 expediebat
1470 2567 1752 2629 Ecclesiae
1794 2572 1866 2627 ut
1908 2564 2078 2627 solus

516 2661 797 2723 Pontifex
836 2662 967 2723 sine
1004 2679 1293 2741 supremo
1340 2660 1649 2737 examine,
1690 2660 1875 2740 quale
1903 2659 1977 2721 fit
2010 2660 2080 2720 in

514 2754 785 2817 Concilio
837 2754 1137 2833 generali,
1190 2754 1377 2835 possit
1423 2772 1522 2815 res
1562 2753 1844 2814 definire.
1902 2752 2080 2814 Unde

518 2852 917 2927 argumentor
941 2846 1232 2924 secundo,
1255 2848 1401 2927 quia
1418 2846 1595 2923 alias,
1609 2844 1907 2927 quidquid
1927 2848 2082 2908 Pon-

520 2940 671 3002 tifex
690 2939 1000 3015 definiret,
1048 2941 1289 3001 etiamsi
1330 2946 1562 3000 temere
1602 2945 1665 2999 et
1701 2940 1832 3000 sine
1873 2938 2084 3001 debito

521 3032 793 3095 Concilio
823 3032 883 3093 id
912 3032 1160 3109 faceret,
1207 3038 1365 3093 esset
1406 3032 1483 3093 de
1512 3030 1635 3094 fide
1678 3032 2080 3111 credendum,

522 3127 687 3209 quod
735 3126 1133 3188 durissimum
1180 3133 1291 3188 est.
1349 3127 1556 3188 Tertio
1601 3131 1695 3188 est
1739 3128 2088 3189 communis

524 3220 874 3297 difficultas,
901 3219 1048 3299 quia
1074 3218 1354 3281 definitio
1380 3236 1623 3300 semper
1650 3218 1721 3280 fit
1757 3239 1795 3282 a
1817 3222 2087 3301 particu-

526 3316 643 3376 lari
673 3330 955 3394 persona‚
984 3318 1054 3373 ut
1085 3318 1323 3374 constat
1333 3328 1353 3392 3
1387 3313 1491 3374 sed
1538 3330 1859 3394 nunquam
1888 3320 1983 3375 est
2011 3315 2089 3376 de

528 3406 650 3469 tide
673 3408 835 3468 hanc
862 3422 1186 3486 personam
1221 3424 1357 3487 quae
1378 3406 1677 3487 loquitur,
1708 3424 1837 3468 esse
1871 3424 2090 3469 verum

533 3499 932 3562 Pontificem:
974 3518 1120 3582 ergo
1149 3506 1347 3581 potest
1376 3518 1692 3581 nunquam
1720 3518 1849 3561 esse
1871 3500 1947 3561 de
1971 3500 2094 3562 fide

534 3592 699 3673 quod
723 3593 961 3657 definit.

612 3690 673 3749 4.
698 3686 1380 3765 Assertioasfirmaciva
1407 3686 1742 3751 catholica.
1759 3720 1843 3734 -
1862 3686 2094 3750 Proba·

533 3785 638 3842 tm·
670 3782 871 3859 primo
900 3796 972 3841 em
1000 3779 1356 3858 Scriptura.
1388 3810 1471 3825 —-
1500 3778 1911 3840 Nihilominus
1939 3778 2096 3841 veri·

537 3878 630 3933 tas
657 3872 965 3933 Catholica
1008 3878 1120 3948 est,
1165 3870 1521 3933 Pontificem
1570 3870 1969 3933 definientem
2019 3886 2094 3932 ex

473 4002 484 4011 -
538 3965 829 4027 cathedra
849 3984 981 4026 esse
1014 3964 1294 4044 regulam
1334 3962 1505 4041 fidei,
1553 3982 1692 4044 quae
1735 3980 1941 4025 errare
1969 3982 2097 4025 non

540 4066 762 4140 potest,
813 4059 1059 4141 quando
1112 4058 1347 4137 aliquid
1404 4056 1758 4119 authentice
1809 4057 2101 4138 proponit

541 4154 842 4215 universae
888 4152 1193 4225 Ecclesiae,
1243 4157 1543 4231 tanquam
1595 4150 1671 4213 de
1722 4148 1841 4213 fide
1886 4152 2102 4213 divina

542 4244 916 4308 credendum
949 4245 1087 4305 :ita
1135 4244 1355 4305 docent
1402 4244 1519 4305 hoc
1566 4250 1841 4324 tempore
1886 4262 2102 4305 omnes

542 4338 834 4400 Catholici
864 4339 1170 4412 Doctores,
1209 4344 1273 4399 et
1309 4355 1526 4399 censeo
1556 4354 1687 4398 esse
1718 4354 1855 4398 rem
1878 4336 1958 4399 de
1980 4336 2103 4400 fide

546 4441 800 4508 certam,
829 4452 967 4514 quoe
992 4432 1297 4512 imprimis
1321 4430 1565 4512 probari
1593 4437 1790 4513 potest
1818 4451 1896 4494 ex
1934 4434 2106 4494 testi-

548 4527 774 4589 moniis
820 4529 1101 4607 proxime
1148 4524 1371 4587 citatis.
1421 4524 1578 4585 Nam
1624 4524 1899 4585 Christus
1936 4522 2109 4585 dedit

554 4622 730 4681 Petro
754 4624 815 4679 et
855 4617 1304 4679 successoribus
1346 4616 1479 4695 ejus
1508 4618 1940 4680 auctoritatem
1968 4635 2106 4698 pas-

549 4711 727 4773 cendi
750 4709 1107 4793 Ecclesiam,
1138 4710 1408 4771 maxime
1439 4708 1506 4770 in
1551 4710 1854 4785 doctrina,
1886 4715 1947 4770 et
1976 4708 2106 4769 sin·

552 4803 753 4883 gulari
784 4802 989 4878 modo,
1027 4804 1090 4862 id
1119 4809 1232 4879 est,
1264 4821 1389 4863 non
1412 4810 1657 4864 tantum
1699 4822 1807 4884 per
1844 4804 2112 4864 auctori-

551 4904 738 4959 tatem
791 4896 1188 4977 praedicandi,
1235 4913 1423 4976 quam
1470 4896 1759 4957 omnibus
1802 4897 2109 4976 Apostolis

554 4990 974 5051 indifferenter
1012 4986 1260 5062 tribuit,
1300 5007 1443 5050 cum
1490 4989 1641 5050 dicit
1669 5006 1686 5050 ε
1712 4988 1975 5066 Eunus,
2013 4991 2112 5053 do-

555 5089 669 5147 cete
709 5102 905 5147 omnes
952 5086 1176 5161 qenins,
1229 5087 1283 5143 et
1326 5076 1657 5161 pradicate'
1714 5082 2110 5161 Evanaelium

554 5179 715 5245 omni
748 5181 1039 5239 creaturae
1050 5200 1076 5249 ;
1098 5174 1201 5235 sed
1227 5192 1338 5255 per
1360 5178 1721 5255 potestatem
1739 5175 2110 5256 ,iurisdictio-

555 5270 672 5345 nis,
720 5267 1191 5349 interpretandi,
1240 5285 1350 5328 seu
1393 5269 1776 5347 proponendi
1826 5268 2114 5331 veritates

554 5362 912 5439 credendas,
940 5367 1005 5425 et
1043 5361 1157 5423 sub
1188 5360 1564 5442 obligatione
1604 5360 1741 5423 illas
1778 5361 2114 5440 credendi3

558 5474 703 5534 ergo
732 5456 863 5517 hoec
888 5460 1154 5534 potestas
1177 5454 1364 5516 habet
1392 5455 1733 5517 necessario
1754 5454 2116 5533 adjunctam

556 5547 1057 5611 infallibilitatem
1088 5553 1151 5609 et
1168 5548 1575 5610 assistentiam
1600 5548 1863 5631 Spiritus
1884 5548 2114 5625 Sancti,

976 407 1213 465 msPUT.
1248 410 1308 465 V.
1344 408 1424 465 DE
1456 408 1719 465 uacuus
1750 404 1972 473 QUlBUS
2004 407 2166 461 Flnffl
2200 401 2512 460 nnmerum
2545 394 3057 462 munumina,
3085 392 3219 450 mc,

2138 518 2210 575 ut
2236 532 2360 573 non
2387 516 2569 574 erret.
2604 502 3054 587 Consequentia
3073 498 3391 581 probatur,
3423 495 3572 576 quia
3589 492 3720 554 hoc
3823 522 3825 527 ·

2141 605 2555 667 necessarium
2579 607 2670 663 est
2690 604 2944 680 propter
2971 590 3475 655 infallibilitatem
3503 585 3718 649 Eccle-

2139 702 2246 763 siae
2295 702 2362 761 in
2417 695 2746 771 credendo,
2799 708 2988 771 quam
3035 702 3222 767 supra
3275 681 3662 745 ostendimus
3691 691 3714 753 ;

2141 812 2313 869 nam,
2345 794 2397 855 si
2435 789 2717 853 Pontifex
2742 786 2969 846 docens
3009 780 3118 843 illo
3143 776 3351 853 modo,
3381 792 3520 836 eam
3559 788 3718 852 pos-

2139 894 2232 950 set
2260 886 2562 966 decipere,
2587 882 2773 943 etiam
2797 879 2932 959 ipsa
2961 880 3159 957 posset
3181 870 3419 951 decipi3
3449 868 3578 929 imo
3601 882 3720 926 co-

2144 988 2390 1064 geretur
2421 979 2495 1043 ad
2533 992 2804 1041 errorem
2817 1018 2839 1051 ,
2883 970 3032 1053 quia
3073 966 3320 1029 credere
3365 965 3716 1023 teneretur.

2144 1075 2526 1141 Auta-edens
2553 1078 2761 1133 autem
2780 1072 2950 1148 patet
2967 1082 3043 1125 ex
3066 1060 3270 1123 verbis
3284 1056 3506 1119 Christi
3521 1070 3723 1132 supra

2143 1169 2521 1253 ponderatis,
2548 1172 2608 1227 et
2636 1183 2710 1226 ex
2735 1160 3071 1223 traditione
3106 1151 3478 1216 Pontificum
3506 1154 3570 1209 et
3601 1148 3725 1207 Pa·

2142 1272 2311 1325 trum
2367 1278 2384 1322 z
2431 1260 2548 1321 hac
2587 1256 2761 1321 enim
2805 1254 3045 1316 ratione
3094 1248 3319 1309 docent
3372 1240 3724 1305 Ecclesiam

2143 1359 2489 1419 Romanam
2513 1370 2640 1414 esse
2663 1353 2929 1411 matrem
2953 1349 3015 1407 et
3036 1340 3397 1420 magistram
3426 1335 3726 1396 omnium

2145 1448 2580 1512 Ecclesiarum.
2605 1442 2779 1505 Unde
2805 1442 3108 1501 Damasus·
3127 1436 3315 1514 Papa,
3346 1426 3604 1509 epistola
3637 1422 3728 1486 ad

2146 1542 2555 1623 Stephanum,
2609 1542 2786 1600 vocat
2839 1529 3203 1595 Pontificem
3243 1526 3556 1586 doctorem
3599 1518 3726 1581 Or-

2151 1636 2436 1697 thodoxoe
2469 1639 2530 1694 et
2556 1626 2971 1692 immaculatae
3003 1621 3172 1697 fidei,
3201 1616 3370 1700 quod
3397 1616 3588 1678 etiam
3610 1630 3735 1690 ag-

2148 1731 2347 1792 noscit
2385 1728 2821 1807 Hieronymus,
2853 1723 2919 1781 in
2944 1720 3137 1800 Epist.
3175 1715 3254 1777 ad
3277 1711 3569 1777 eumdem
3602 1708 3732 1768 Da-

2151 1840 2389 1885 masum
2425 1867 2448 1897 ,
2503 1820 2578 1880 de
2637 1816 2892 1879 nomine
2951 1810 3320 1893 hypostasis.
3379 1806 3578 1885 Atque
3629 1803 3742 1873 ita

2150 1918 2316 1979 idem
2347 1914 2566 1997 probat
2591 1910 2746 1974 alter
2775 1910 2946 1971 locus
2974 1907 3051 1968 de
3079 1902 3442 1965 fundatione
3471 1905 3532 1961 et
3561 1896 3734 1957 oedi-

2151 2010 2436 2072 ficatioue
2463 2006 2749 2069 Ecclesiae
2778 2020 2964 2083 super
3001 2000 3292 2072 Petrum3
3323 2012 3494 2066 nam,
3527 1994 3578 2052 si
3608 1990 3734 2051 Pe·

2152 2111 2285 2166 trus
2313 2105 2408 2165 vel
2438 2118 2748 2164 successor
2772 2098 2907 2179 ejus
2938 2098 3139 2175 posset
3175 2088 3514 2153 Ecclesiam
3556 2082 3733 2145 deci·

2154 2218 2323 2281 pere,
2356 2216 2482 2257 non
2518 2200 2676 2257 esset
2703 2192 2980 2267 firmum,
3012 2192 3075 2250 et
3111 2183 3329 2247 stabile
3357 2179 3733 2253 aediticium,

2156 2310 2298 2354 cum
2330 2308 2366 2352 a
2402 2288 2520 2351 fide
2547 2287 2837 2369 pendeat,
2873 2290 2935 2345 et
2965 2284 3096 2363 ipsa
3123 2278 3277 2340 fides
3303 2282 3582 2355 respectu
3613 2274 3737 2333 Ec-

2157 2385 2356 2446 clesiae
2383 2430 2404 2461 ,
2459 2382 2647 2443 etiam
2701 2378 2968 2460 pendeat
3011 2393 3086 2435 ex
3127 2373 3246 2437 boc
3289 2368 3736 2431 fundamento·

2157 2480 2332 2542 Unde
2377 2478 2567 2539 etiam
2614 2470 3004 2537 concluditur
3053 2468 3142 2528 ita
3191 2484 3322 2527 esse
3373 2462 3744 2541 intelligen-

2160 2574 2304 2635 dam
2352 2572 2543 2633 aliam
2592 2564 2818 2631 Christi
2862 2559 3368 2645 promissionem,
3410 2556 3554 2619 Luc.
3595 2556 3682 2616 22
3721 2571 3742 2616 ε

2162 2667 2299 2749 Eyo
2327 2663 2541 2744 roqavi
2557 2682 2668 2744 pro
2704 2667 2779 2737 te,
2821 2660 3024 2732 Petro,
3057 2661 3126 2717 uc
3151 2670 3274 2715 non
3303 2650 3549 2727 deficiat
3580 2649 3748 2728 fides

2162 2767 2312 2831 tua,·
2339 2756 2704 2837 intelligitur
2743 2752 2912 2815 enim
2953 2748 3029 2812 de
3077 2748 3281 2821 Petro,
3317 2762 3443 2805 non
3479 2762 3594 2823 pro
3620 2742 3748 2803 illo

2164 2858 2436 2927 tantum,
2461 2850 2564 2911 sed
2604 2854 2675 2909 ut
2717 2852 2851 2909 erat
2893 2844 3138 2905 futurus
3181 2844 3379 2921 petra,
3411 2844 3474 2899 et
3509 2854 3751 2919 perpe·

2164 2954 2341 3009 tuum
2371 2944 2652 3007 Ecclesiae
2698 2940 3202 3009 fundamentum,
3245 2940 3308 2995 et
3339 2932 3425 2993 ita
3453 2930 3642 2993 durat
3674 2930 3754 2991 in

2165 3035 2638 3110 successoribus,
2657 3032 2875 3095 saltem
2891 3037 3196 3112 quatenus
3220 3024 3543 3089 Pontifices
3561 3028 3752 3096 sunt,

2166 3140 2238 3194 ut
2264 3132 2547 3213 exposuit
2568 3132 2689 3193 Leo
2717 3128 2904 3209 Papa,
2927 3143 3112 3187 serm.
3141 3126 3170 3183 1
3197 3128 3260 3184 et
3277 3122 3317 3183 2
3340 3123 3418 3184 de
3438 3121 3755 3200 Assump-

2166 3227 2337 3287 tione
2369 3243 2505 3300 sua,
2537 3228 2599 3284 et
2625 3220 3020 3283 Innocentius
3051 3218 3150 3293 111,
3173 3217 3241 3276 in
3273 3233 3408 3297 cap.
3437 3214 3752 3291 Majores,

2170 3318 2246 3379 de
2277 3318 2632 3397 Baptismm
2666 3320 2728 3377 et
2755 3312 2937 3376 multi
2965 3310 3072 3373 alii
3100 3306 3454 3383 Pontifices,
3505 3305 3576 3367 in
3613 3306 3758 3366 suis

2173 3410 2456 3493 Epistolis
2482 3407 2910 3471 decretalibus.

2253 3506 2312 3568 5.
2360 3504 2668 3566 Probatur
2683 3500 2928 3564 secundo
2945 3516 3017 3561 σω
3036 3512 3323 3561 consensu
3343 3501 3398 3557 et
3413 3494 3764 3559 tradicione

2175 3596 2488 3662 Ecclesia».
2511 3628 2593 3642 —
2619 3592 2901 3656 Secundo
2952 3590 3149 3671 igitur
3203 3598 3266 3651 et
3319 3585 3768 3669 principaliter

2176 3688 2474 3771 probatur
2516 3687 2772 3749 assertio
2827 3704 2904 3748 ex
2947 3700 3247 3747 consensu
3288 3690 3351 3743 et
3403 3679 3768 3743 traditione

2175 3782 2497 3859 Ecclesioe3
2533 3798 2682 3842 nam
2723 3778 3052 3859 imprimis,
3085 3790 3155 3838 ut
3183 3774 3490 3846 dicebam,
3533 3774 3770 3834 Ponti-

2175 3875 2316 3937 fices
2341 3893 2381 3937 a
2429 3873 2735 3955 principio
2771 3871 2935 3934 hanc
2965 3875 3330 3951 potestatem
3363 3868 3426 3929 in
3457 3886 3522 3927 se
3552 3884 3770 3947 agno-

2178 3975 2424 4045 verunt,
2467 3975 2531 4028 et
2555 3966 2662 4028 illa
2691 3966 2790 4027 usi
2827 3970 2993 4041 sunt,
3041 3969 3105 4024 ct
3131 3981 3260 4024 non
3289 3967 3381 4023 est
3408 3960 3770 4022 verisimile

2180 4062 2354 4124 illam
2376 4078 2722 4141 usurpasse,
2755 4064 2890 4119 tum
2943 4064 3198 4139 propter
3218 4072 3436 4118 eorum
3464 4054 3774 4115 multitu-

2181 4154 2390 4217 dinem
2420 4157 2484 4215 et
2527 4169 2824 4231 magnam
2868 4152 3282 4224 sanctitatem,
3315 4154 3452 4210 tum
3495 4152 3778 4228 propter

2185 4248 2652 4312 consensionem
2685 4252 2748 4308 et
2779 4244 3194 4308 obedientiam
3219 4242 3522 4305 Ecclesiae.
3567 4242 3780 4303 Dein-

2185 4342 2262 4405 de
2284 4342 2546 4422 ipsamet
2567 4339 2842 4403 Concilia
2868 4338 3184 4418 generalia
3222 4336 3565 4418 approbata
3589 4336 3780 4397 hanc

2183 4437 2250 4497 in
2280 4430 2572 4496 Pontifice
2601 4438 2965 4513 potestatem
2987 4436 3460 4511 recognoscunt,
3481 4434 3550 4491 ut
3581 4434 3778 4509 patet

2185 4547 2260 4591 ex
2305 4526 2577 4589 Concilio
2613 4525 2973 4601 Viennensi,
3015 4524 3082 4585 in
3123 4524 3424 4585 Clement.
3463 4522 3657 4583 unica
3689 4522 3784 4583 de

2189 4622 2447 4682 Summa
2474 4617 2773 4680 Trinitate
2839 4624 2902 4679 et
2951 4636 3030 4679 ex
3063 4616 3330 4678 Concilio
3371 4616 3780 4691 Florentino,

2190 4713 2456 4777 sessione
2495 4712 2599 4788 25,
2638 4712 2706 4771 in
2744 4710 2854 4771 fin.
2874 4726 2894 4788 3
2946 4719 3008 4772 et
3045 4730 3122 4773 ex
3171 4709 3598 4784 Lateranensi,
3647 4708 3788 4769 suh

2189 4807 2390 4869 Leone
2411 4804 2490 4881 X,
2535 4804 2643 4885 qui
2683 4804 3013 4866 articulum
3052 4803 3421 4886 vigesimum
3463 4806 3790 4881 quartum

2192 4900 2468 4976 Lutheri,
2517 4898 2680 4960 hanc
2718 4899 3046 4961 veritatem
3088 4898 3399 4976 negantiS,
3454 4902 3790 4974 tanquam

2192 4993 2550 5055 haereticum
2577 4993 2921 5054 damnavit.
2943 4993 3093 5053 [tem
3121 4990 3395 5052 Concilia
3414 4988 3794 5069 provincia-

2193 5084 2279 5146 lia
2306 5103 2344 5146 a
2396 5085 2794 5148 Pontificibus
2843 5084 3210 5145 confirmata
3249 5083 3644 5160 recipiuntur
3695 5078 3796 5140 ab

2195 5178 2462 5239 Ecclesia
2497 5184 2796 5259 tanquam
2841 5176 3058 5257 regula
3099 5174 3247 5237 fidei
3287 5170 3668 5248 infallibilis,
3707 5178 3800 5233 ut

2194 5277 2364 5351 patet
2389 5288 2466 5331 ex
2497 5270 2766 5332 Concilio
2795 5269 3151 5331 Milevitano
3180 5274 3242 5330 et
3267 5266 3686 5339 Arausicano,
3721 5271 3802 5327 et

2193 5381 2269 5425 ex
2317 5362 2528 5423 multis
2567 5363 2877 5425 Toletanis
2922 5368 2984 5423 et
3027 5358 3626 5440 Carthaginensibus
3652 5401 3674 5431 ,
3723 5362 3806 5418 et

2197 5456 2505 5537 praecipue
2529 5456 2604 5517 de
2633 5456 2925 5519 Romanis
2971 5473 3078 5515 seu
3110 5450 3670 5525 Lateranensibus,
3705 5451 3806 5512 de

2194 5549 2424 5632 quibus
2447 5550 2535 5611 ita
2555 5550 2833 5613 sentiunt
2859 5564 3078 5610 omnes
3107 5545 3406 5608 Catholici
3435 5544 3754 5607 Doctores
3776 5566 3802 5627 ς
