3900 6217
632 338 798 391 SECT.
835 341 898 392 11.
934 340 1018 392 AN
1045 340 1188 393 ILLA
1220 340 1535 393 POTESTAS
1569 340 1650 392 ET
1681 338 2092 395 UNIVERSALIS
2125 339 2437 391 ECCLESIAE
2470 336 2782 401 PASTORIS,
2818 339 2956 390 E'rc.

184 435 579 498 triarchalem
593 460 613 513 ;
639 444 701 499 et
725 439 1080 519 simpliciter
1101 440 1166 500 in
1195 456 1268 499 eo
1292 438 1521 499 dicitur
1545 444 1616 499 ut
1637 438 1746 499 ha-

182 528 316 589 beat
349 532 705 593 secundum
745 532 948 592 locum
976 537 1114 614 post
1151 531 1482 593 Ecclesiam
1525 532 1747 593 Roma·

181 638 356 700 nam3
403 629 470 683 et
511 626 741 686 action.
773 628 835 701 3,
878 644 1016 704 quae
1047 625 1387 687 certissima
1428 631 1540 701 est,
1574 624 1746 685 obse-

181 724 350 777 crant
375 717 577 779 Graeci
616 725 684 778 ut
723 724 858 798 post
887 708 1333 779 sanctissimam
1377 724 1438 779 et
1461 716 1747 797 apostoli-

181 828 308 869 cam
335 810 588 888 Sedem,
617 811 919 873 honorem
944 811 1283 873 secundum
1311 810 1535 872 habeat
1562 811 1736 872 Cons-

178 904 742 983 tantinopolitanus
801 904 1132 986 Episcopus
1155 949 1175 979 ,
1231 911 1420 983 atque
1462 904 1525 964 in
1579 902 1746 964 hunc

177 995 436 1057 modum
489 997 838 1079 explicatur
888 996 1076 1058 etiam
1126 997 1444 1059 decretum
1485 995 1742 1058 allatum

177 1090 438 1151 Concilii
471 1090 789 1173 Ephesini.

257 1188 356 1245 10.
402 1184 709 1259 Quintum
744 1187 1086 1249 Concilium
1110 1186 1401 1248 slmiliter
1427 1183 1739 1265 generale,

177 1279 936 1362 Constantinopolitanum
964 1282 1040 1356 II,
1067 1283 1129 1342 in
1157 1280 1526 1341 clamatione
1547 1280 1742 1341 113313-

177 1374 464 1451 ticorum',
501 1378 565 1435 et
599 1374 668 1433 in
709 1373 962 1454 epistola
991 1373 1420 1447 Orientalium,
1452 1378 1512 1434 et
1539 1372 1605 1433 in
1641 1390 1742 1433 ac-

181 1467 340 1527 tione
384 1467 449 1540 4,
504 1466 790 1527 eamdem
835 1468 1164 1529 veritatem
1194 1464 1536 1545 profitetur.
1581 1465 1734 1526 item

182 1564 344 1619 sexta
357 1559 672 1638 SynoduS,
704 1560 1008 1639 tertiaque
1033 1557 1736 1639 constantinopolitana,

182 1671 310 1733 quae
331 1652 658 1731 epistolam
687 1652 1030 1731 Agathonis
1048 1654 1228 1734 Papae
1251 1652 1492 1732 recipit,
1523 1652 1589 1711 in
1615 1670 1740 1731 qua

181 1744 370 1805 multa
387 1744 709 1806 habentur
732 1746 807 1806 de
827 1746 1098 1825 primatu
1124 1748 1414 1807 Romanae
1432 1744 1735 1819 Ecclesiae,

179 1847 233 1900 et
268 1840 520 1901 Petrum
550 1858 662 1918 per
689 1840 1079 1919 Agathonem
1119 1840 1397 1901 locutum
1452 1856 1580 1899 esse
1621 1845 1739 1897 tes·

177 1940 354 1995 tatur.
374 1934 648 1995 Rursum
664 1932 730 1994 in
752 1933 1034 2013 septima.
1059 1930 1330 2012 Synodo,
1345 1931 1736 2011 secundaque

174 2025 438 2101 Nicaena,
476 2025 814 2106 suscipitur
837 2025 1094 2105 epistola
1121 2024 1382 2087 Adriani
1417 2024 1620 2103 Papae,
1670 2024 1736 2083 in

171 2138 290 2199 qua
333 2119 677 2197 primatum
716 2118 1009 2179 Romauae
1038 2118 1320 2180 Ecclesiae
1363 2134 1524 2196 saepe
1555 2120 1741 2178 testa-

167 2222 286 2271 tur.
313 2212 488 2273 Idem
509 2212 780 2273 affirmat
803 2212 870 2271 in
896 2218 1114 2273 octava
1131 2212 1403 2291 Synod0,
1423 2212 1657 2275 actione
1673 2216 1736 2287 7,

159 2303 628 2385 damnaturque
642 2305 916 2380 Photius,
933 2306 1034 2383 qui
1058 2323 1126 2366 os
1151 2324 1388 2385 ponens
1416 2306 1484 2367 in
1512 2305 1736 2366 coelum

153 2404 374 2458 contra
403 2398 782 2477 Apostolicae
832 2400 1004 2461 Sedis
1032 2400 1391 2479 privilegia,
1433 2418 1618 2461 ausus
1657 2400 1737 2461 sit

145 2491 204 2553 ei
236 2492 569 2554 resistere.
615 2492 773 2554 Vide
798 2500 983 2573 caput
1012 2494 1371 2574 Definimus,
1403 2494 1464 2553 d.
1494 2497 1594 2555 22.
1620 2494 1735 2554 Ve-

137 2604 284 2647 rum
319 2594 416 2648 est
441 2588 706 2666 quidem
733 2588 850 2649 hoc
877 2590 1066 2651 etiam
1087 2596 1380 2669 quartum
1395 2588 1732 2651 Concilium

137 2680 921 2761 Constantinopolitanum
947 2681 1204 2743 omnino
1228 2688 1465 2743 certum
1492 2700 1617 2741 non
1647 2700 1735 2743 es-

137 2792 226 2833 se.
257 2774 590 2834 Praeterea
620 2774 789 2835 idem
818 2774 1161 2835 affirmatur
1194 2774 1262 2835 in
1299 2774 1568 2835 Concilio
1627 2774 1735 2836 La·

143 2868 496 2944 tei-anensi,
525 2868 650 2928 sub
692 2869 1051 2930 Innocentio
1079 2870 1183 2946 111,
1213 2875 1276 2931 et
1311 2869 1734 2947 Lugdunensi‚

153 2960 272 3019 sub
291 2960 602 3038 Gregorio
629 2962 708 3036 X,
745 2980 878 3041 cap.
914 2966 972 3038 1,
993 2961 1102 3022 ubi
1125 2976 1547 3023 convenerunt
1575 2964 1737 3025 6113-

147 3053 228 3127 31,
251 3060 311 3113 et
325 3053 618 3115 habetur
643 3073 778 3133 cap.
843 3054 958 3119 Ubi
978 3055 1346 3137 periculum,
1372 3055 1448 3116 de
1478 3054 1738 3116 Electio-

133 3166 246 3219 ne,
270 3148 338 3207 in
369 3148 440 3208 6.
463 3147 647 3207 Idem
680 3149 746 3208 in
767 3148 1064 3209 Vienensi
1091 3146 1207 3207 sub
1235 3147 1548 3209 Clemente
1569 3148 1647 3223 V,
1675 3153 1738 3209 et

133 3239 264 3299 alio
295 3241 748 3319 Lugdunensi‚
781 3240 895 3301 sub
929 3241 1291 3302 Innocentio
1321 3241 1418 3301 IV.
1451 3239 1608 3301 Vide
1637 3259 1735 3301 ca-

135 3340 254 3411 put
284 3334 713 3405 Dammana-3,
753 3334 822 3395 in
853 3334 1000 3409 fine,
1033 3334 1108 3393 de
1131 3334 1387 3394 Summa
1411 3332 1732 3393 Trinitate.

139 3425 320 3485 Idem
352 3425 428 3486 in
473 3426 754 3488 Concilio
784 3428 1260 3503 constantiensi,
1297 3426 1550 3487 session.
1583 3427 1644 3501 6,
1676 3432 1738 3487 et

145 3518 212 3579 in
255 3520 446 3581 Bulla
493 3520 752 3583 Martini
779 3522 858 3597 V,
887 3526 950 3583 et
990 3522 1056 3581 in
1087 3520 1387 3595 Floreat„
1421 3521 1489 3582 in
1515 3518 1738 3581 litteris

147 3615 438 3691 31110313,
467 3614 999 3676 consentientibus
1027 3614 1252 3675 Graecis
1290 3620 1354 3676 ct
1387 3614 1640 3689 Latinis,
1674 3620 1738 3675 et

155 3704 220 3764 in
249 3707 687 3784 Lateranensi,
714 3706 828 3768 sub
852 3708 1054 3769 Leone
1073 3708 1148 3783 X,
1169 3709 1422 3769 session.
1453 3708 1549 3769 11.
1578 3707 1736 3767 Vide

161 3806 344 3877 caput
389 3800 676 3880 primum
733 3800 810 3861 de
853 3801 1111 3863 Summa
1145 3800 1445 3861 Trinitate
1482 3805 1545 3860 et
1585 3799 1734 3861 Fide

167 3894 490 3971 catholica,
523 3894 592 3954 in
621 3896 686 3970 6,
708 3901 771 3954 et
810 3912 946 3973 cap.
973 3892 1046 3955 de
1069 3892 1402 3970 Homicid.‚
1424 3895 1490 3954 in
1520 3894 1582 3969 6,
1605 3892 1733 3955 Cle·

173 3993 357 4048 ment.
379 3988 552 4049 unic.
585 3988 663 4047 de
689 3988 950 4049 Summa
978 3987 1302 4063 Trinitate,
1336 3994 1398 4049 et
1435 3985 1623 4048 Clem.
1661 3986 1737 4047 de

173 4080 607 4157 Jurejurando,
643 4086 706 4153 et
737 4098 870 4161 cap.
913 4077 1205 4161 Antiqua,
1246 4079 1324 4140 de
1366 4080 1732 4159 Privilegiis.

177 4172 397 4233 Ultimo
420 4173 487 4234 in
515 4174 826 4248 Trident.,
863 4174 1114 4235 session.
1150 4176 1213 4249 7,
1249 4191 1383 4254 cap.
1418 4174 1486 4249 3,
1517 4173 1592 4233 de
1623 4172 1737 4233 Ba-

185 4266 406 4343 ptism„
431 4272 496 4328 et
523 4266 776 4327 session.
817 4268 917 4341 14,
961 4284 1097 4345 cap.
1141 4270 1199 4340 7,
1234 4275 1296 4327 et
1333 4267 1582 4327 session.
1629 4268 1730 4341 25,

183 4377 306 4419 can.
336 4363 366 4422 1
399 4366 464 4421 et
487 4363 551 4436 Ξ,
583 4358 662 4419 113
685 4359 988 4434 Reform„
1017 4366 1076 4421 et
1104 4359 1444 4439 saepissime
1463 4360 1638 4436 aliae,
1668 4360 1733 4420 in

188 4454 390 4533 quibus
442 4454 598 4515 locis
649 4452 979 4513 Ecclesiam
1011 4453 1355 4514 Romanam
1385 4459 1565 4512 vocat
1603 4472 1735 4513 om-

188 4547 348 4607 nium
381 4546 797 4609 Ecclesiarmn
832 4546 1098 4608 Matrem
1142 4549 1204 4607 et
1241 4545 1638 4627 Macistram,
1672 4552 1735 4606 et

189 4639 266 4700 illi
287 4658 414 4701 esse
441 4640 524 4701 ab
546 4638 837 4701 omnibus
863 4636 1150 4699 fidelibus
1173 4643 1236 4699 et
1264 4638 1564 4719 episcopis
1591 4638 1734 4701 obe-

189 4732 469 4795 dientiam
499 4730 940 4814 proestandam.

261 4830 348 4889 11.
389 4829 552 4891 Item
588 4826 848 4889 concilia
889 4820 1321 4907 provincialia.
1353 4856 1435 4869 —
1467 4822 1735 4885 Ulterius

189 4919 389 4981 afferre
433 4936 766 5001 possumus
814 4918 993 4999 plura
1019 4916 1280 4979 concilia
1307 4916 1728 4997 provincialia,

191 5032 314 5091 quae
358 5029 671 5073 summam
719 5010 984 5072 Romani
1036 5010 1320 5091 Episcopi
1365 5009 1731 5088 dignitatem

189 5111 539 5185 agnoscunt,
597 5109 663 5166 et
697 5102 799 5166 vel
837 5102 1078 5164 consilii
1119 5120 1329 5177 causa,
1376 5101 1475 5162 vel
1517 5100 1734 5162 defini-

191 5199 406 5275 tioniS,
461 5204 572 5259 aut
623 5194 1151 5271 confirmationiS,
1199 5194 1278 5255 ad
1315 5192 1488 5254 illam
1527 5211 1734 5255 recur-

3270 334 3389 394 295

1822 445 1923 500 tra
1949 438 2303 502 Coelestium
2334 443 2397 499 et
2424 436 2763 516 Pelagium,
2799 436 2963 516 quod
2988 456 3099 499 sua
3132 443 3266 499 acta
3306 438 3384 498 ad

1824 532 2253 594 Innocentium
2288 530 2477 608 misit,
2526 536 2599 590 ut
2637 535 2807 611 patet
2846 548 2923 591 ex
2961 530 3215 610 epistola
3254 532 3386 611 ejus

1826 626 1902 687 ad
1952 626 2404 701 innoc-entium,
2452 629 2514 685 et
2558 642 2635 685 ex
2663 624 2960 703 rescripto
3014 624 3380 686 1330333ῒί1.

1828 721 1982 780 Item
2024 720 2307 799 praestitit
2337 718 2792 793 Milevitanum,
2821 722 2891 777 ut
2943 717 3151 778 videre
3198 718 3384 779 estin

1826 811 2082 893 epistola
2109 812 2301 892 ipsius
2351 811 2431 873 ad
2476 808 2931 885 Innocentium,
2978 819 3039 872 et
3065 829 3141 871 ex
3170 811 3383 871 rescri-

1824 912 1952 985 pto,
1969 924 2107 987 quse
2118 905 2329 966 omnia
2341 904 2649 966 habentur
2666 902 2829 964 inter
2842 903 3127 983 epistolas
3145 905 3235 964 Au
3243 922 3386 983 gus-

1824 1000 1940 1061 tini
1966 1019 2004 1061 a
2030 1001 2129 1062 90.
2160 999 2458 1061 Similiter
2478 998 2746 1079 episcopi
2772 998 3075 1059 Numidiae
3099 1016 3243 1058 cum
3272 1016 3383 1058 suo

1824 1096 2089 1176 primate
2110 1094 2441 1154 Damasum
2462 1090 2925 1166 consuluerunt,
2954 1096 3025 1150 ut
3048 1096 3285 1151 constat
3308 1108 3385 1151 ex

1823 1186 2081 1268 epistola
2132 1188 2171 1248 4
2220 1186 2298 1247 ad
2348 1186 2716 1264 prosperum
2771 1184 3046 1262 ejusdem
3112 1184 3379 1243 Damasi.

1823 1284 1990 1342 Inter
2030 1279 2290 1341 concilia
2328 1279 2515 1341 etiam
2551 1277 2870 1354 Toletana,
2893 1277 3091 1338 multa
3118 1282 3225 1337 aut
3252 1274 3380 1337 fere

1823 1374 2035 1436 omnia
2100 1372 2464 1451 dignitatem
2533 1371 2693 1432 hanc
2761 1370 3027 1432 Romani
3100 1370 3379 1450 Episcopi

1820 1470 2184 1545 agnoscunt.
2218 1466 2289 1526 In
2311 1463 2583 1543 epistolis
2617 1480 2861 1544 quoque
2904 1463 3121 1525 Leonis
3150 1470 3210 1524 et
3236 1464 3383 1524 Gre-

1819 1563 1980 1641 gorii
2002 1579 2197 1642 papae,
2224 1580 2296 1621 ac
2320 1579 2477 1640 saepe
2504 1560 2569 1620 13
2590 1557 2999 1620 decretalibus
3023 1564 3085 1618 et
3104 1566 3383 1619 extrava-

1819 1660 2031 1733 gante,
2061 1655 2388 1716 observare
2425 1653 2569 1713 licet
2606 1652 2919 1732 episcopos
2964 1669 3038 1711 ex
3087 1651 3379 1729 Hispana,

1819 1747 2039 1823 Gallia,
2071 1748 2320 1827 Anglia‚
2351 1746 2705 1821 Germania,
2756 1744 3096 1820 Lusitania,
3149 1751 3210 1806 et
3246 1744 3384 1804 aliis

1821 1842 2170 1904 Occidentis
2203 1847 2266 1902 et
2304 1840 2568 1902 Orientis
2613 1838 2903 1915 ecclesii8‚
2935 1838 3011 1899 ad
3037 1838 3382 1899 Romanam

1817 1937 2042 1999 Sedem
2069 1936 2135 1996 in
2164 1934 2349 1996 rebus
2376 1933 2583 1995 dubiis
2609 1933 2779 2011 fidei,
2799 1950 3168 2013 morumque
3201 1949 3385 1993 causa

1818 2029 2173 2091 recurrisse.

1901 2124 2000 2183 12.
2027 2121 2300 2186 Tertium
2317 2139 2503 2205 yacus
2528 2120 3027 2193 testimoniorum,
3052 2122 3384 2185 Patres.—

1817 2218 2128 2281 Erasmus
2165 2218 2533 2299 exploditur.
2574 2250 2657 2263 -
2681 2216 2959 2277 Tertium
2994 2234 3188 2294 genus
3216 2214 3385 2275 testi-

1819 2311 2176 2372 moniorum
2200 2309 2464 2371 sumitur
2483 2329 2561 2371 ex
2586 2309 2857 2389 antiquis
2879 2308 3160 2370 Patribus
3182 2306 3384 2367 Eccle-

1815 2405 1944 2478 siae,
1970 2422 2233 2483 quorum
2258 2403 2444 2465 verba
2470 2421 2592 2463 non
2609 2403 2829 2479 refero,
2857 2402 2961 2462 sed
2980 2406 3227 2463 tantum
3247 2400 3379 2460 loca

1815 2496 2059 2557 indico:
2095 2499 2384 2572 Irenaeus,
2416 2496 2525 2556 lib.
2557 2498 2618 2571 3,
2645 2514 2698 2556 3.
2720 2498 2781 2556 3·
2764 2496 3173 2575 ,CyprianuS,
3186 2493 3293 2555 lib.
3318 2495 3378 2568 1,

1814 2589 2069 2670 epistola
2089 2590 2126 2650 3
2156 2598 2218 2650 et
2251 2591 2312 2665 8,
2345 2595 2408 2650 et
2429 2588 2590 2650 libro
2630 2591 2693 2663 2,
2725 2587 2966 2668 epistol.
3000 2592 3099 2661 12,
3128 2593 3188 2647 et
3214 2585 3374 2646 libro

1815 2684 1877 2755 4,
1911 2684 2090 2763 epist.
2124 2684 2303 2757 28,et
2326 2682 2483 2744 libro
2514 2682 2589 2743 de
2612 2684 2847 2743 Unitat.
2870 2682 3174 2744 Ecclesiae.
3204 2680 3378 2741 Unde

1819 2776 1952 2837 sine
1977 2795 2159 2838 causa
2190 2778 2477 2838 Erasmus
2502 2775 2742 2836 dubitat
2772 2776 2922 2856 quid
2962 2778 3220 2837 senserit
3262 2777 3378 2855 Cy-

1819 2871 2073 2949 prianus
2104 2874 2149 2946 ¹,
2172 2870 2248 2931 de
2264 2870 2534 2949 primatu
2552 2870 2846 2931 Romanae
2864 2868 3163 2937 Ecclesiae.
3185 2888 3258 2930 3ο
3286 2887 3379 2929 so-

1816 2962 1948 3023 lum
2001 2964 2149 3043 quia
2192 2962 2550 3025 Cornelium
2582 2962 2908 3042 compellat
2949 2961 3379 3023 charissimum

1815 3054 2076 3117 fratrem
2089 3078 2108 3133 3
2132 3074 2273 3117 cum
2292 3062 2501 3117 tamen
2530 3054 2685 3116 illud
2698 3074 2826 3117 303
2848 3056 2927 3116 sit
2945 3054 3243 3116 indicium
3272 3060 3381 3115 aut

1814 3150 2080 3211 minoris
2106 3149 2489 3225 reverentias,
2511 3154 2622 3209 aut
2643 3150 2833 3210 etiam
2858 3148 3251 3227 aequalitatiS,
3272 3148 3375 3209 sed

1817 3241 2157 3317 charitatis,
2186 3243 2286 3303 vel
2316 3242 2685 3303 sinceritatis
2709 3242 2961 3303 illorum
2997 3252 3373 3321 temporum,

1820 3336 1917 3413 cuj
1927 3353 1997 3395 us
2023 3335 2114 3395 rei
2143 3341 2579 3415 argumentum
2605 3340 2717 3410 est,
2737 3333 2901 3414 quod
2918 3334 2982 3394 in
2997 3334 3205 3393 multis
3220 3335 3379 3413 epis-

1817 3426 1958 3488 tolis
1988 3427 2488 3509 presbyterorum
2513 3428 2695 3509 Cypri
2716 3427 2795 3488 ad
2808 3426 3209 3507 Cyprianum‚
3239 3444 3379 3505 quae

1816 3518 2128 3583 habentur
2155 3522 2222 3581 in
2259 3520 2383 3582 fine
2424 3520 2572 3581 libri
2617 3520 2844 3601 quinti,
2870 3518 3149 3599 quamvis
3179 3522 3380 3579 essent

1818 3614 1950 3693 ejus
1982 3613 2237 3691 subditi,
2268 3613 2579 3694 appellent
2620 3632 2762 3676 eum
2806 3612 3233 3674 charissimum
3257 3611 3381 3672 fra-

1814 3712 1996 3769 trem.
2022 3708 2162 3771 Jam
2190 3708 2563 3769 Athanasius
2595 3724 2739 3769 cum
2767 3708 3063 3787 episcopis
3111 3706 3379 3767 Alexan-

1814 3800 1978 3861 drini
1997 3802 2466 3879 patriarchatus„
2479 3806 2615 3862 tum
2637 3802 2704 3861 in
2727 3801 2905 3879 epist.
2927 3803 2965 3861 2
2992 3801 3069 3861 ad
3086 3800 3348 3860 Felicem

1817 3893 2159 3972 primatum
2187 3891 2471 3954 Ecclesiae
2502 3896 2795 3956 Romanae
2822 3892 3139 3973 splendide
3162 3909 3369 3971 agnos-

1821 3986 1928 4063 cit,
1951 3992 2087 4047 tum
2129 3986 2319 4047 etiam
2361 3987 2429 4047 in
2458 3986 2718 4067 epistola
2744 3987 2823 4047 ad
2853 3986 3189 4047 Liberium.
3238 3984 3379 4063 Epi—

1819 4078 2087 4158 phanius
2106 4097 2349 4158 quoque
2380 4080 2448 4140 in
2477 4080 2847 4155 Anchorat0,
2874 4083 2937 4139 et
2964 4078 3178 4139 haeresi
3209 4079 3281 4138 51
3314 4082 3380 4138 et

1817 4172 1928 4248 723
1962 4172 2281 4252 OrigeneS,
2320 4191 2532 4253 supra,
2568 4178 2631 4234 et
2655 4172 2733 4233 ad
2779 4174 3090 4235 Romanos
3118 4173 3187 4246 63
3230 4172 3381 4231 Ter-

1816 4264 2135 4340 tullianuS,
2184 4268 2224 4326 4
2255 4271 2471 4327 contra
2501 4265 2825 4339 Marc-ion„
2874 4269 2937 4325 et
2977 4270 3191 4323 contra
3232 4262 3379 4324 Pra-

1811 4376 2019 4435 xeam,
2048 4364 2108 4420 et
2136 4358 2213 4419 de
2246 4360 2584 4439 Praescript.
2620 4358 2847 4419 Haeret.
2865 4380 2882 4432 ;
2932 4358 3259 4435 Dionysius
3308 4356 3375 4416 in

1814 4451 2073 4529 epistola
2100 4469 2288 4530 quam
2331 4452 2409 4513 ad
2438 4452 2748 4512 Romanos
2782 4449 3017 4525 scribit,
3064 4448 3225 4529 apud
3258 4448 3380 4509 Eu-

1813 4543 1971 4619 seb.,
1996 4544 2106 4605 lib.
2132 4548 2193 4620 5,
2224 4562 2357 4624 cap.
2386 4548 2496 4623 223
2520 4542 2881 4605 Ambrosius
2904 4543 3183 4604 oratione
3204 4543 3379 4603 fune-

1814 4636 1913 4697 bri
1962 4635 2038 4699 de
2088 4637 2273 4699 Obitu
2320 4637 2549 4717 Satyri,
2595 4635 2861 4698 habetur
2901 4639 3002 4711 24,
3052 4632 3244 4715 quaesf
3264 4682 3277 4697 .
3318 4638 3377 4708 1,

1815 4747 1946 4809 cap.
1979 4728 2309 4794 Advooabit
2322 4756 2350 4803 ,·
2394 4749 2516 4810 quo
2542 4730 2675 4791 loco
2704 4730 2902 4791 obiter
2928 4728 3377 4790 advertendum

1815 4828 1906 4883 est
1947 4840 2021 4883 30
2050 4824 2180 4903 jam
2217 4830 2494 4903 tempore
2531 4823 2732 4883 solum
2777 4828 3025 4883 vocatos
3058 4816 3249 4883 fuisse
3274 4840 3374 4883 ca-

1809 4914 2097 4991 tholicos,
2138 4916 2247 4995 qui
2278 4914 2467 4976 fidem
2515 4914 2799 4975 Ecclesiae
2826 4915 3119 4976 Romanae
3162 4931 3377 4993 seque-

1811 5014 2051 5083 rentur,
2079 5014 2152 5067 ut
2174 5013 2409 5069 constat
2431 5008 2619 5069 etiam
2648 5007 2879 5087 exlege
2920 5008 3143 5087 prima,
3170 5006 3375 5067 codice

1813 5100 1890 5160 de
1913 5101 2173 5161 Summa
2202 5101 2523 5162 Trinitate.
2553 5100 2723 5163 Idem
2750 5117 2963 5161 rursus
2994 5097 3373 5175 Ambrosius,

1813 5190 1959 5253 libr.
1989 5194 2027 5255 3
2058 5193 2135 5255 de
2164 5194 2599 5271 sacramentis,
2631 5193 2819 5273 capit.
2865 5192 3091 5273 primo,
3132 5195 3195 5251 et
3233 5192 3263 5252 1
3294 5189 3377 5252 ad

189 5299 342 5368 runt,
379 5291 481 5355 vel
507 5291 830 5353 interdum
857 5289 1046 5349 etiam
1071 5288 1148 5348 311
1174 5286 1346 5348 illam
1395 5285 1733 5372 appellant,
1821 5292 1826 5297 “

189 5385 256 5446 <le
293 5404 410 5465 quo
455 5386 660 5446 dicam
711 5383 894 5465 plura
943 5382 1011 5443 in
1056 5377 1471 5459 sequentibus.
1527 5378 1738 5441 Videri

193 5480 360 5539 etiam
391 5484 656 5561 possunt
677 5475 1024 5541 Concilium
1051 5472 1555 5554 carthaginense,
1583 5490 1736 5535 con-

1816 5476 1856 5537 2
1900 5385 1917 5420 ¹
1967 5382 2097 5457 Qua
2128 5382 2286 5443 dere
2318 5383 2573 5460 Pamel.,
2597 5382 2664 5443 in
2694 5380 3013 5461 Cypriam,
3034 5379 3081 5441 l.
3114 5380 3175 5457 3,
3194 5380 3373 5459 epist.

1863 5478 1918 5537 1.
