3900 6217
597 365 715 436 432

1221 632 1436 686 sceno
1471 633 1529 686 V.

599 822 892 898 Quomodo
920 822 1118 903 possit
1143 822 1266 884 koec
1305 821 1452 976 Ῑξιζσί
1481 817 1851 928 cst-edililt’tas
1877 821 1960 884 ad
1981 837 2158 885 mm

1214 933 1334 996 app
1359 932 1540 978 toan.

675 1144 732 1201 1.
781 1139 1046 1202 Dubium
1072 1138 1366 1217 primum,
1410 1155 1492 1200 aa
1539 1137 1826 1202 evidentis
1847 1138 2162 1202 credibili-

589 1235 743 1298 tate‘s
765 1234 1046 1296 hactenus
1075 1235 1332 1306 ostensa,
1361 1233 1446 1294 rit
1486 1232 1762 1294 humana
1789 1236 2028 1296 tantum
2075 1232 2163 1294 od

591 1325 1224 1404 divium—Arquicur
1264 1325 1576 1404 imprimis
1613 1325 1771 1404 quod
1789 1341 1908 1386 non
1933 1325 2019 1386 sit
2050 1324 2165 1386 Im-

587 1437 792 1481 mana.
821 1449 904 1464 --
927 1418 1156 1480 Deinde
1181 1418 1338 1498 quod
1359 1435 1464 1480 neo
1507 1417 1595 1480 sit
1621 1417 1854 1480 divina.
1881 1449 1963 1463 —
1989 1417 2165 1478 Hanc

592 1511 997 1592 quaestionem
1039 1527 1337 1589 propono,
1377 1515 1450 1570 ut
1490 1509 1616 1572 duo
1643 1509 1746 1572 vel
1785 1510 1910 1571 tria
1947 1509 2161 1586 dubie,

593 1623 732 1686 quae
757 1605 922 1666 circa
945 1603 1106 1664 hanc
1133 1602 1602 1666 credibilitatem
1627 1603 1940 1678 oriuntur,
1962 1602 2167 1666 brevi-

591 1705 688 1762 ter
715 1696 1037 1777 explicem,
1067 1702 1130 1756 et
1157 1697 1244 1758 ita
1263 1695 1542 1758 doctrina
1573 1696 1718 1758 data
1743 1697 1968 1760 clarior
2006 1695 2156 1759 fist:

593 1792 868 1871 primum
899 1790 1158 1850 dubium
1183 1795 1296 1864 est,
1323 1789 1399 1850 de
1427 1807 1552 1868 quo
1569 1789 1981 1852 credibilitete
1997 1790 2157 1852 ecci·

593 1885 888 1966 piendum
914 1883 994 1944 sit
1017 1882 1184 1962 quod
1211 1882 1508 1958 diximus-³,
1527 1882 1838 1960 obJectum
1860 1881 2006 1944 fidei
2028 1901 2160 1946 esse

593 1979 818 2058 debere
847 1977 1142 2040 evidenter
1173 1976 1448 2038 credibile
1459 2001 1486 2049 ,·
1513 1993 1662 2038 nam
1685 1975 1981 2038 credibile
2009 1977 2162 2038 dici·-

591 2080 696 2133 tur
723 2089 832 2152 per
843 2074 1190 2150 respectum
1219 2069 1296 2130 sd
1323 2069 1548 2147 fidem3
1571 2069 1739 2130 unde
1755 2070 1915 2131 sicut
1929 2069 2160 2150 duplex

535 2239 542 2248 ,
589 2171 682 2230 est
708 2164 882 2240 fides,
919 2163 1194 2224 humana
1223 2168 1285 2224 et
1317 2161 1552 2238 divina,
1569 2163 1868 2242 acquisito.
1881 2163 1981 2226 vel
1996 2163 2160 2226 infu-

591 2278 682 2333 sa,
702 2260 790 2320 ita
812 2257 1043 2337 duplex
1069 2262 1268 2338 potest
1287 2275 1416 2318 esse
1439 2256 1756 2335 credibile,
1781 2257 2036 2333 scilicet,
2062 2256 2159 2320 vel

593 2353 715 2416 fide
757 2351 1082 2430 acquisita,
1136 2351 1235 2412 vel
1285 2349 1511 2412 infusa.
1553 2351 1704 2414 Cum
1735 2369 1884 2432 ergo
1935 2351 2159 2414 dicitur

513 2501 522 2515 ,
591 2446 903 2525 objectum
931 2444 1078 2506 fidei
1099 2462 1231 2506 esse
1259 2444 1575 2506 evidenter
1601 2444 1916 2520 credibile,
1930 2445 2031 2508 vel
2053 2447 2121 2507 in
2138 2482 2153 2490 -

593 2539 897 2617 telligitur
923 2537 1000 2599 de
1027 2556 1096 2598 re
1118 2537 1396 2599 credibili
1426 2555 1534 2618 per
1565 2536 1754 2598 fidem
1787 2537 2152 2614 humanam,

591 2634 688 2694 vel
717 2633 794 2694 de
827 2631 1104 2694 credibili
1131 2631 1532 2710 perinfusam
1558 2647 1580 2709 3
1605 2633 1880 2712 primum
1909 2631 2156 2694 videtur

592 2727 994 2801 insufficiens,
1029 2725 1369 2787 secundum
1397 2735 1606 2788 autem
1649 2727 1896 2788 videtur
1927 2726 2155 2788 falsum

593 2827 658 2882 et
698 2819 1109 2901 impossibile3
1153 2837 1324 2898 ergo.
1375 2819 1549 2881 Prior
1574 2837 1716 2898 pars
1749 2820 2013 2882 minoris
2044 2840 2157 2900 pa-

591 2919 704 2988 tet,
731 2913 880 2992 quia
911 2912 964 2972 si
1003 2911 1314 2991 objectum
1366 2920 1612 2974 tantum
1657 2918 1818 2974 esset
1859 2913 2155 2976 credibile

589 3007 866 3068 humana
889 3005 1008 3067 fide
1014 3050 1033 3081 ‚
1073 3023 1274 3086 neque
1297 3005 1568 3086 emplius
1593 3005 2026 3069 ostenderetur
2047 3027 2158 3087 per

591 3100 820 3160 dictem
849 3099 1252 3174 evidentiam,
1305 3115 1432 3160 non
1479 3108 1682 3180 posset
1725 3099 1916 3162 bomo
1943 3098 2157 3162 conari

593 3193 672 3254 ed
715 3191 1093 3254 credendum
1135 3189 1314 3254 illum
1341 3191 1681 3271 objectum,
1731 3193 1848 3254 nisi
1878 3193 2157 3256 humane

591 3287 751 3361 fide,
782 3285 947 3365 quod
970 3291 1062 3346 est
1089 3291 1302 3346 contro
1327 3287 1658 3363 rationem,
1687 3293 1752 3348 et
1781 3292 1999 3348 contre
2024 3287 2155 3348 suf-

594 3379 910 3441 ficientem
933 3379 1416 3459 propositionem
1445 3379 1666 3458 objecti
1703 3379 1886 3458 fidei3
1931 3380 2155 3461 proba-

591 3483 698 3535 tur
717 3479 930 3534 autem
955 3472 1226 3552 sequela,
1261 3474 1410 3554 quia
1451 3491 1530 3534 ex
1574 3473 1640 3536 vi
1691 3473 1859 3536 illius
1902 3476 2155 3537 eviden-

591 3571 696 3630 tioe
726 3566 927 3628 solum
977 3572 1178 3646 posset
1217 3567 1392 3647 sequi
1437 3566 1555 3628 hoc
1591 3566 1896 3646 judicium
1926 3570 2155 3648 practi-

593 3678 774 3723 cum:
804 3661 942 3723 Hoc
969 3667 1058 3724 est
1077 3661 1425 3724 credendum
1451 3663 1608 3724 siout
1650 3679 1747 3724 ree
1769 3661 1912 3724 alioe
1939 3663 2150 3726 huma-

596 3775 734 3828 πω
771 3772 918 3833 ergo
969 3753 1170 3814 solum
1215 3755 1403 3816 etiem
1433 3761 1636 3834 posset
1661 3755 1838 3835 sequi
1865 3755 2151 3818 voluntas

591 3850 884 3913 credendi
927 3848 1038 3910 illo
1083 3849 1302 3924 modo;
1345 3865 1494 3928 ergo
1537 3866 1666 3910 non
1712 3855 1916 3928 posset
1960 3850 2149 3914 homo

589 3944 801 4006 conari
827 3943 906 4004 ed
932 3942 1217 4004 altiorem
1263 3941 1476 4019 fidem,
1507 3943 1655 4023 quia
1700 3959 1812 4022 per
1861 3943 2143 4006 volunta·

592 4045 723 4100 tem
745 4037 926 4099 debet
969 4035 1264 4116 incipere.
1292 4035 1498 4098 Altero
1527 4055 1676 4098 vero
1702 4054 1844 4116 pers
1888 4039 2149 4100 minoris

589 4131 910 4213 probetur,
957 4129 1106 4210 quie
1149 4147 1277 4190 non
1311 4135 1403 4192 est
1442 4130 1693 4193 evidens
1731 4130 1975 4193 bomini
2014 4130 2149 4194 dsri

587 4225 686 4286 vel
715 4241 892 4306 posse
921 4222 1056 4284 deri
1083 4221 1272 4284 fidem
1297 4221 1594 4300 infusam,
1623 4229 1698 4284 nt
1729 4241 1836 4304 per
1869 4242 1936 4286 se
1978 4242 2151 4286 cons-

589 4325 702 4395 tat,
729 4319 876 4399 quia
912 4321 1004 4377 est
1046 4315 1556 4396 supernaturalis,
1607 4321 1672 4377 et
1713 4317 1844 4378 sola
1870 4316 1995 4380 fide
2020 4337 2150 4380 cre-

589 4413 760 4474 ditur
770 4429 790 4490 3
823 4428 974 4491 ergo
1017 4427 1148 4474 non
1175 4415 1372 4490 potest
1399 4428 1530 4472 esse
1569 4411 1846 4487 evidens,
1895 4410 2151 4491 aliquod

593 4507 906 4586 objectum
953 4521 1082 4567 esse
1129 4503 1424 4565 credibile
1465 4523 1576 4584 per
1609 4503 1802 4566 fidem
1853 4504 2145 4581 infusam,

585 4601 732 4682 quia
760 4599 890 4660 hoec
913 4604 1004 4659 est
1049 4598 1228 4677 qnasi
1275 4597 1700 4660 denominatio
1743 4597 2021 4660 formulis
2064 4597 2147 4660 ab

588 4693 697 4755 illa
723 4693 958 4767 sorma3
990 4700 1054 4752 et
1095 4689 1237 4752 ideo
1265 4691 1318 4752 si
1350 4691 1717 4770 possibilitas
1762 4689 1980 4752 formae
2018 4709 2147 4754 non

591 4793 684 4848 est
724 4786 999 4860 evidens,
1045 4801 1160 4845 nec
1209 4783 1586 4847 credibilius
1627 4783 1738 4846 illo
1781 4789 1985 4864 potest
2018 4803 2149 4848 eose

591 4879 866 4944 evidens.
893 4877 1049 4940 Item
1095 4894 1224 4938 non
1271 4882 1364 4938 est
1387 4877 1642 4940 evidens
1681 4877 1876 4940 Deum
1921 4877 2149 4940 dixisse

595 4991 692 5035 res
719 4971 866 5034 fidei
876 4989 899 5049 ;
955 4987 1106 5050 ergo
1151 4987 1356 5049 neque
1405 4975 1500 5033 est
1547 4970 1803 5037 evidens
1853 4969 1993 5034 inas
2022 4989 2153 5036 esse

595 5065 920 5130 credibiles
944 5063 1068 5125 fide
1100 5063 1335 5125 divina.

676 5163 736 5222 Ξ.
813 5159 1120 5222 Resolutio
1153 5157 1342 5220 dubii.
1389 5187 1471 5204 -
1515 5157 1614 5220 Ad
1674 5157 1792 5222 hoc
1840 5176 1988 5222 vero
2042 5159 2154 5220 du·

595 5255 797 5327 bium,
843 5251 1114 5313 breviter
1161 5248 1492 5330 dit-tendum
1545 5256 1638 5312 est
1693 5251 2151 5316 credibilitatm

580 5349 752 5428 fidei,
785 5351 858 5408 ut
905 5344 1246 5417 evidentem,
1275 5361 1402 5406 non
1447 5361 1578 5406 esse
1607 5361 1775 5406 mere
1804 5345 2148 5408 humanam

592 5439 698 5501 sed
729 5437 1106 5516 superiorem
1157 5444 1218 5496 et
1263 5437 1712 5517 perfectiorem.
1762 5437 1892 5499 Hoc
1927 5438 2150 5519 probat

589 5533 788 5618 prima
835 5533 993 5593 ratio
1039 5531 1224 5610 facta,
1271 5537 1333 5592 et
1381 5530 1748 5607 declaretur,
1779 5532 1928 5614 quie
1978 5531 2147 5613 obje-

1181 371 1417 432 msrwr.
1453 371 1536 432 IV.
1571 373 1653 434 ΒΕ
1687 371 2133 452 morosmoflss
2162 371 2411 434 Ome-‘1¹1
2442 378 2609 434 riom
2638 376 3059 441 suracim&
3092 379 3221 433 mc

2242 487 2411 544 ctum
2441 480 2587 545 fidei
2620 482 2988 562 pmponitnr
3014 487 3085 544 ut
3124 483 3461 572 medendum
3482 490 3574 556 fide
3590 501 3675 558 tam

2240 581 2431 650 certa,
2484 580 2557 636 ut
2590 574 2883 639 excludat
2926 592 3115 638 omne
3147 574 3391 642 dubium
3414 589 3465 645 et
3500 603 3675 650 omnem

2238 665 2665 744 formidinem,
2695 675 2763 732 et
2786 675 2915 734 tem
2938 669 3273 748 infallibili,
3314 679 3383 736 nt
3418 689 3520 740 non
3554 683 3680 758 possit

2239 757 2331 820 illi
2376 760 2625 825 subesse
2668 761 2933 840 salsum3
2968 779 3119 840 ergo
3148 767 3479 845 proponitur
3515 779 3569 832 ut
3599 791 3681 832 ere·

2240 849 2517 916 dandum
2540 854 2745 918 altiori
2764 854 2889 918 fide
2913 874 3023 920 seu
3044 853 3395 936 perfectiori,
3411 879 3561 940 quam
3573 867 3628 924 sit
3638 866 3683 926 fi-

2240 943 2349 1006 des
2360 964 2531 1010 mere
2544 947 2843 1010 bumana.
2866 949 3167 1013 Probatur
3182 957 3577 1032 consequentia,
3587 961 3684 1038 quia

2240 1037 2399 1100 fides
2422 1040 2721 1118 humana,
2744 1049 2819 1103 ut
2838 1042 2979 1106 talis
3001 1049 3115 1120 est,
3142 1061 3267 1105 non
3288 1044 3453 1108 hebet
3475 1047 3581 1110 illas
3597 1069 3685 1128 pro·

2240 1134 2555 1214 prietates,
2612 1135 2847 1198 Deinde
2894 1137 3260 1216 proponitur
3296 1138 3557 1216 obiectum
3590 1143 3685 1208 fidei

2242 1229 2625 1292 credendum
2676 1240 2979 1310 tanquam
3028 1231 3269 1298 dictum
3313 1251 3351 1296 a
3392 1235 3519 1311 Deo,
3537 1244 3585 1298 et
3602 1257 3683 1302 non

2242 1327 2491 1387 tannim
2534 1322 2615 1386 ab
2659 1323 2953 1402 homine3
2982 1341 3135 1404 ergo
3174 1327 3506 1408 proponitur
3533 1335 3587 1389 ut
3608 1351 3687 1394 cre·

2244 1415 2434 1481 dibile
2483 1416 2605 1478 fide
2642 1417 2855 1480 divina
2864 1432 2887 1495 3
2926 1435 3078 1480 nam
3123 1435 3233 1500 per
3270 1418 3420 1485 hunc
3452 1419 3617 1498 fidem,
3648 1435 3689 1486 ut

2246 1511 2352 1586 sic,
2384 1511 2585 1572 solum
2628 1511 3033 1589 intelligimus
3056 1511 3231 1576 illam
3260 1531 3392 1592 quae
3420 1519 3690 1579 auctoritate

2242 1604 2457 1670 divino
2486 1604 2707 1666 nititur
2725 1605 3073 1684 ;obJectum
3086 1612 3299 1669 autem
3331 1605 3481 1684 fidei,
3496 1627 3556 1670 eo
3573 1613 3693 1671 modo

2244 1715 2369 1778 quo
2387 1699 2767 1760 credendum
2804 1700 3195 1780 proponitur,
3226 1701 3296 1762 fit
3326 1701 3591 1764 evidenter
3612 1723 3692 1764 cre·

2238 1791 2465 1870 dibile3
2520 1810 2673 1871 ergo
2722 1793 3034 1858 evidentis.
3084 1795 3490 1858 credibilitatis
3526 1805 3595 1858 est
3626 1817 3695 1876 per

2240 1886 2523 1948 ordinem
2560 1885 2641 1951 ed
2696 1887 2881 1950 fidem
2954 1888 3215 1950 omnino
3274 1895 3489 1950 certam
3520 1897 3571 1952 et
3594 1891 3693 1952 divi-

2239 1995 2409 2042 nem.

2320 2074 2379 2136 3.
2430 2073 2687 2140 Notatio
2704 2077 2917 2154 prima
2938 2076 3205 2156 duplicis
3230 2076 3374 2153 fidei
3398 2076 3599 2152 divina,
3627 2096 3693 2156 pro

2238 2168 2616 2245 responsione
2628 2169 2712 2232 ad
2736 2175 3075 2246 aramum.
3106 2171 3175 2231 in
3194 2188 3361 2234 num.
3391 2173 3447 2230 1.
3466 2201 3533 2215 -
3552 2169 3611 2230 Ut
3632 2190 3697 2230 au·

2238 2264 2367 2323 tem
2408 2261 2635 2326 rationi
2674 2262 3001 2324 dubitandi
3044 2262 3505 2339 satisfaciamus,
3534 2270 3697 2342 oportet

2240 2353 2621 2432 distinguere
2658 2362 2788 2419 tem
2814 2355 3097 2419 divinem
3124 2356 3341 2433 fidem,
3368 2374 3535 2436 quam
3556 2357 3700 2418 huma-

2238 2463 2423 2523 nem3
2454 2447 2576 2510 dici
2604 2449 2775 2510 enim
2810 2454 3007 2528 potest
3031 2447 3183 2512 fides
3208 2449 3416 2530 aliqua
3440 2447 3626 2523 divina,
3642 2449 3699 2508 vel

2238 2556 2311 2600 ex
2345 2547 2517 2618 perte
2536 2539 2784 2618 objecti,
2810 2541 2959 2621 quia
2978 2549 3071 2605 est
3094 2540 3253 2603 fides
3279 2559 3415 2622 quae
3436 2539 3588 2602 datur
3607 2541 3701 2616 Deo,

2236 2637 2299 2693 et
2326 2632 2393 2692 in
2420 2632 2635 2694 divine
2652 2636 3018 2696 auctoritate
3046 2634 3380 2708 fundatum
3400 2633 3491 2694 vel
3510 2652 3573 2694 ex
3592 2639 3703 2711 parte

2234 2726 2548 2806 principii,
2584 2728 2731 2806 quia
2752 2734 2844 2788 eet
2870 2727 3027 2792 fides
3046 2746 3185 2809 quie
3206 2745 3249 2790 a
3274 2727 3401 2790 solo
3426 2727 3534 2789 Deo
3554 2725 3653 2788 dari
3669 2735 3704 2787 et

2236 2821 2481 2882 infundi
2506 2827 2735 2900 potest3
2768 2823 2855 2884 sic
2880 2822 3317 2901 ergodicimus
3361 2840 3485 2884 esse
3508 2820 3701 2893 evidens,

2234 2913 2548 2991 objectum
2572 2914 2719 2976 fidei
2744 2931 2877 2976 esse
2902 2915 3195 2978 credibile
3218 2914 3435 2976 divina
3458 2913 3563 2974 fide
3578 2911 3707 2992 priori

2237 3006 2423 3067 modo
2468 3014 2739 3088 stmpte,
2776 3025 2925 3070 nam
2968 3009 3087 3070 hoc
3128 3007 3357 3088 probat
3402 3007 3545 3068 ratio
3586 3005 3706 3073 saon,

2236 3099 2403 3178 quod
2424 3099 2547 3162 tale
2566 3100 2877 3180 objectum
2900 3101 3021 3162 boc
3045 3101 3235 3164 modo
3254 3099 3600 3162 credendum
3623 3115 3709 3177 pro

2235 3193 2487 3272 ponitur
2502 3239 2523 3268 ,
2572 3201 2639 3256 et
2684 3194 2901 3256 omnis,
2946 3194 3181 3256 motivo
3252 3192 3602 3274 persuadent
3640 3191 3709 3250 hoe

2235 3285 2423 3348 modo
2462 3305 2589 3348 esse
2634 3288 2947 3364 credibile,
2986 3294 3173 3367 etque
3206 3288 3399 3350 etism
3424 3293 3511 3350 est
3532 3285 3709 3346 evidens

2232 3379 2502 3457 bomini,
2542 3381 2659 3442 sibi
2706 3399 2837 3445 esse
2884 3381 3177 3464 possibile
3226 3381 3474 3444 credere
3522 3381 3619 3440 Deo
3657 3379 3711 3436 di-

2232 3475 2433 3550 centi3
2468 3493 2616 3536 nam
2644 3477 2697 3537 si
2718 3483 2811 3538 est
2842 3477 3096 3541 evidens
3120 3494 3303 3558 posse
3334 3475 3563 3536 credere
3580 3473 3713 3532 homi·

2232 3569 2325 3644 ni,
2356 3569 2455 3630 vel
2476 3568 2723 3646 angelo,
2758 3587 2871 3632 cur
2886 3587 3015 3632 non
3034 3571 3201 3632 Deo?
3228 3571 3319 3631 At
3356 3586 3497 3640 vero
3526 3585 3627 3627 non
3660 3572 3715 3624 et

2230 3663 2485 3724 evidens
2498 3663 2620 3726 tole
2634 3663 2943 3743 objectum
2970 3682 3105 3726 esse
3126 3663 3428 3727 credibile
3446 3661 3553 3722 fide
3574 3659 3718 3719 divina

2227 3756 2551 3834 posteriori
2579 3759 2763 3820 modo
2798 3763 3070 3838 sumpte,
3090 3757 3239 3836 qnia
3276 3775 3411 3821 non
3438 3762 3522 3818 est
3542 3753 3717 3816 evidens

2228 3847 2417 3911 fidem
2458 3849 2727 3911 infusam
2758 3868 2891 3912 esse
2927 3849 3308 3930 possibilem.
3360 3847 3525 3922 Quod
3560 3845 3717 3922 siquis

2226 3943 2436 4017 instet,
2466 3944 2617 4023 quio,
2641 3943 2721 4006 de
2748 3943 2911 4006 facto
2941 3961 3071 4006 non
3102 3948 3310 4024 potest
3344 3941 3480 4004 deri
3507 3941 3567 4001 in
3600 3937 3719 3999 nohis

2226 4034 2383 4096 fides
2405 4036 2617 4098 divina
2634 4037 2825 4117 priori
2848 4036 3055 4110 modo,
3080 4036 3237 4116 quin
3262 4036 3353 4096 sit
3376 4033 3551 4096 etiam
3572 4030 3719 4090 divina

2228 4128 2549 4208 posteriori
2598 4128 2807 4206 modo,
2862 4146 2939 4192 ec
2980 4127 3241 4192 subinde
3296 4144 3429 4189 non
3458 4144 3611 4206 posse
3634 4139 3723 4183 esse

2228 4222 2481 4284 evidens
2518 4223 2827 4301 objectum
2872 4240 3003 4286 esse
3038 4221 3339 4286 credibile
3384 4219 3505 4284 fide
3548 4217 3720 4285 divina,

2228 4315 2331 4380 vel
2360 4335 2489 4379 uno
2526 4317 2735 4392 modo,
2780 4305 2941 4396 quin
2986 4317 3175 4379 etiam
3220 4315 3309 4376 sit
3352 4313 3477 4376 alio
3492 4358 3511 4389 ‚
3544 4327 3725 4389 respon·

2228 4411 2409 4471 detur
2444 4410 2753 4490 imprimis
2789 4408 3162 4472 antecedens
3192 4426 3327 4471 non
3358 4425 3490 4470 esse
3514 4410 3722 4474 certum

2228 4522 2377 4566 nem
2420 4503 2617 4583 aliqui
2642 4503 3003 4566 existimant
3028 4520 3203 4583 posse
3247 4501 3390 4566 dari
3414 4499 3589 4564 fidem
3614 4495 3724 4556 divi·

2227 4614 2377 4658 nem
2401 4615 2479 4659 ex
2505 4603 2681 4676 parte
2706 4597 2956 4676 obJ‘ecti,
2981 4597 3135 4676 quin
3162 4597 3243 4658 sit
3264 4595 3485 4658 divina
3514 4610 3585 4654 ex
3604 4597 3725 4668 parte

2226 4689 2540 4770 principii.
2562 4689 2795 4754 Deinde
2814 4689 3243 4768 respondetur,
3261 4686 3419 4768 dato
3430 4679 3729 4748 anteceden-

2227 4787 2313 4855 te,
2338 4782 2503 4861 quod
2534 4781 2723 4862 longe
2750 4782 2957 4846 vetius
2988 4797 3231 4862 semper
3257 4779 3421 4842 mihi
3445 4779 3625 4840 visum
3650 4779 3725 4842 est,

2226 4875 2517 4955 negando
2546 4874 3077 4956 consequentiam,
3098 4873 3269 4954 quia,
3302 4872 3453 4936 licet
3479 4873 3543 4934 in
3565 4887 3623 4930 re
3640 4866 3729 4946 ipsu

2230 4969 2337 5030 ille
2366 4969 2491 5030 duo
2516 4986 2647 5032 non
2670 4974 3059 5048 separentur,
3074 4973 3284 5029 temen
3300 4965 3427 5028 boc
3446 4967 3633 5046 ipsum
3644 4975 3727 5018 11011

2230 5069 2323 5126 est
2352 5062 2533 5125 nobis
2560 5059 2851 5136 evidens3
2892 5067 2957 5123 et
2998 5061 3148 5140 quia
3172 5059 3291 5122 iuae
3336 5059 3483 5122 duae
3524 5055 3731 5118 rationes

2230 5156 2591 5232 formaliter,
2618 5174 2731 5218 seu
2758 5160 2966 5218 nostro
2994 5155 3185 5216 modo
3214 5151 3615 5235 concipiendi,
3649 5145 3730 5206 dis·

2230 5251 2626 5328 tinguuntur,
2676 5250 2817 5312 fleri
2850 5253 3053 5328 potest
3094 5253 3165 5310 ut
3192 5247 3342 5312 fides
3367 5246 3595 5320 divine,
3636 5247 3731 5300 1⁸11·

2230 5363 2418 5424 quam
2444 5344 2773 5424 possibilis,
2794 5345 2877 5404 sit
2903 5344 3081 5406 nobis
3112 5344 3318 5406 notior
3342 5342 3463 5406 sub
3480 5337 3649 5422 priori
3666 5350 3730 5393 ra·

2230 5439 2399 5500 tione
2446 5455 2629 5518 quam
2678 5437 2793 5498 snb
2843 5437 3204 5517 posteriori;
3234 5442 3295 5498 et
3338 5436 3507 5511 iden,
3529 5431 3652 5494 lieet
3680 5429 3733 5485 sit

2224 5533 2476 5594 evidens
2504 5531 2817 5612 obJectum
2853 5529 2999 5592 fidei
3044 5547 3175 5592 esse
3200 5530 3493 5592 credibile
3538 5541 3636 5608 per
3655 5519 3733 5583 11⁸·
