3900 6217
649 406 816 458 SECT.
857 406 915 457 11.
953 406 1036 457 AN
1069 406 1210 457 ILLA
1245 406 1559 459 POTESTAS
1593 406 1671 457 ET
1704 404 2115 459 UNIVERSALIS
2147 406 2459 460 EchEslAE
2491 406 2804 465 Pss'roms.
2840 406 2975 458 Ere.

217 505 412 584 nopoli
468 512 855 585 regnassent.
903 506 1137 567 Similis
1177 506 1435 569 historia
1489 513 1582 568 est
1622 506 1766 567 Gre-

219 598 362 675 gorii
397 598 500 673 m,
547 600 655 677 qui
695 600 963 660 Leonem
1005 599 1442 679 imperatorem
1483 601 1765 661 Graecum

219 693 797 767 excommunicavit,
851 699 921 753 ut
982 694 1172 754 retert
1203 695 1468 755 Zonaras
1513 694 1582 754 in
1621 694 1766 754 Vita

217 787 358 863 ejus.
384 786 480 846 Ad
509 804 694 847 usum
721 792 1014 866 praeterea
1039 786 1227 866 hujus
1253 787 1570 869 potestatis
1598 806 1768 868 spec·

217 884 318 952 tat,
343 880 508 959 quod
537 898 698 961 saepe
725 881 1044 961 episcopus
1066 882 1381 942 Romanus
1409 881 1562 942 alios
1593 882 1770 962 Epis-

219 990 392 1052 copos
425 971 508 1032 ob
563 972 786 1033 delicta
819 972 916 1033 vel
960 980 1210 1052 peecata
1241 975 1598 1055 episcopatu
1645 975 1768 1054 pri-

217 1067 420 1143 vavit3
469 1066 552 1127 de
599 1084 726 1144 quo
779 1067 977 1127 multa
1015 1068 1204 1130 refert
1249 1068 1506 1146 Pighius
1533 1115 1555 1146 ,
1608 1068 1768 1129 libro
1799 1060 1814 1071 ⁹

215 1166 453 1237 quarto,
485 1159 674 1238 capit.
701 1159 944 1221 decimo
971 1162 1176 1237 tertie,
1219 1168 1281 1222 et
1312 1162 1651 1236 Simaucas,
1693 1162 1768 1223 de

215 1251 542 1313 Catholicis
603 1251 1096 1313 institutionibus
1115 1298 1135 1329 ,
1209 1254 1390 1314 titulo
1464 1254 1768 1332 vigesimo

217 1346 455 1423 quinto,
508 1362 688 1405 num.
715 1346 778 1406 9.
805 1345 1104 1407 Similiter
1125 1346 1410 1408 Nicolaus
1439 1348 1488 1422 I,
1510 1348 1769 1428 epistola

215 1438 290 1498 ad
333 1437 698 1499 Michaelem
726 1483 747 1514 ,
807 1445 1132 1500 enumerat
1181 1446 1320 1501 octo
1387 1440 1770 1519 patriarchas

215 1534 924 1613 Constantinopolitanos
955 1552 1007 1594 ·a
1034 1535 1329 1596 Romanis
1371 1534 1770 1596 Pontificibus

213 1626 543 1707 depositos,
583 1643 846 1707 quorum
877 1645 1040 1688 unus
1081 1628 1203 1688 fuit
1243 1628 1553 1704 Antimus‚
1583 1646 1770 1708 quem

211 1724 526 1799 Agapetus
549 1721 714 1800 Papa
741 1720 1021 1799 deposuit
1047 1727 1261 1782 contra
1297 1721 1682 1783 voluntatem
1712 1728 1776 1783 et

213 1814 414 1873 minas
451 1814 846 1891 imperatoris
861 1830 881 1890 3
910 1831 1033 1893 qua
1073 1813 1148 1874 de
1175 1832 1244 1875 re
1273 1814 1471 1874 multa
1497 1814 1774 1875 referun-

211 1914 312 1967 tur
339 1905 410 1965 in
435 1908 472 1967 5
501 1906 754 1985 Synodo
779 1906 1053 1985 generali
1087 1924 1105 1968 ε
1136 1924 1214 1967 ex
1257 1924 1380 1987 qua
1405 1908 1592 1967 etiam
1621 1924 1774 1968 con-

213 2006 330 2060 stat
355 2000 627 2061 Felicem
655 2001 885 2079 Papam
913 2000 1261 2079 deposuisse
1286 2001 1536 2062 Petrum
1563 2001 1772 2063 Antio-

211 2094 505 2166 chenam,
533 2100 596 2152 et
623 2108 702 2152 ex
727 2108 799 2154 eo
825 2092 960 2152 loco
999 2092 1192 2153 multa
1219 2099 1586 2172 argumenta
1611 2095 1768 2155 sumi

211 2190 460 2265 possent
490 2184 574 2245 ad
597 2184 718 2245 hoc
747 2184 1096 2244 institutum
1127 2184 1640 2247 confirmandum.
1667 2187 1776 2246 vi-

209 2279 338 2339 deri
399 2279 594 2339 etiam
650 2282 850 2356 potest
893 2278 1212 2339 Liberatus
1229 2322 1248 2353 ,
1295 2278 1362 2339 in
1419 2280 1730 2341 Breviario
1750 2329 1767 2354 ,

205 2390 340 2450 cap.
395 2373 514 2445 21,
577 2376 638 2431 et
685 2372 952 2431 Zonaras
1005 2372 1070 2430 in
1128 2372 1272 2432 Vita
1307 2372 1556 2434 Justini.
1606 2373 1773 2434 Idem

204 2464 528 2543 colligitur
558 2482 637 2525 ex
665 2480 850 2525 causa
893 2469 1030 2523 tum
1070 2463 1311 2525 Acbatii
1347 2466 1776 2527 Constantino-

197 2557 496 2637 politani,
539 2558 705 2637 apud
755 2557 1115 2636 Nicephor.,
1144 2558 1190 2617 I.
1227 2560 1327 2633 16,
1379 2578 1434 2619 c.
1477 2562 1550 2619 17
1574 2575 1595 2637 ;
1639 2566 1775 2620 tum

195 2650 478 2711 Dioscuri
509 2651 824 2731 Constant.
855 2668 1043 2728 quem
1087 2650 1381 2727 Gelasius,
1416 2651 1668 2731 epistola
1695 2652 1773 2713 ad

195 2737 548 2823 E‘piscopos
599 2744 920 2806 Dardaniae
965 2742 1124 2803 sedis
1154 2744 1516 2823 Apostolicoe
1564 2750 1778 2805 aucto-

197 2840 384 2898 ritate
443 2838 798 2917 depositum
845 2854 974 2897 esse
1015 2836 1267 2913 scribit3
1319 2842 1454 2898 tum
1507 2838 1776 2919 denique

199 2932 516 3005 Flaviani,
565 2948 752 3011 quem
800 2932 1096 2992 Damasus
1143 2932 1445 3011 dignitate
1483 2933 1770 3012 privavit.

203 3026 472 3102 Legatur
515 3024 962 3099 Theodoretus,
1011 3024 1058 3085 l.
1107 3026 1168 3101 5,
1203 3042 1256 3096 c.
1311 3028 1428 3102 233
1473 3026 1772 3102 SocrateS,

197 3118 240 3179 1.
279 3121 342 3191 5,
393 3136 458 3179 c.
517 3122 595 3180 15
613 3134 636 3195 3
685 3119 1080 3193 Sozomenus,
1104 3118 1149 3179 l.
1183 3118 1247 3193 8,
1287 3137 1342 3179 c.
1371 3122 1447 3195 33
1479 3120 1776 3198 Nicepho-

193 3232 324 3286 rus,
371 3212 426 3272 l.
453 3216 562 3286 12,
600 3230 656 3273 c.
697 3214 798 3273 24.
827 3212 905 3272 Et
931 3213 1216 3291 quamvis
1243 3212 1622 3274 Theodosius
1649 3214 1778 3293 ipse

193 3305 438 3384 aliique
492 3305 946 3366 intercederent
982 3352 1002 3381 ,
1043 3304 1373 3365 Flavianus
1425 3314 1639 3366 tanuen
1697 3306 1776 3367 ad

196 3400 640 3477 episcopatum
673 3402 996 3458 revocatus
1023 3415 1150 3458 non
1183 3404 1295 3473 est,
1338 3399 1460 3459 nisi
1497 3400 1777 3461 Romano

201 3492 520 3571 Episcopo
571 3497 905 3551 annuente.
961 3492 1134 3551 Hanc
1183 3492 1465 3553 eamdem
1513 3498 1778 3571 potesta·

201 3592 335 3645 tem
392 3584 742 3646 coercivam
794 3583 951 3644 illud
1005 3602 1132 3645 non
1183 3584 1440 3647 obscure
1506 3586 1737 3646 indicat
1753 3632 1773 3663 ,

207 3678 376 3755 quod
411 3677 748 3757 Episcopus
788 3678 1102 3738 Romanus
1130 3694 1308 3756 reges
1340 3679 1527 3739 etiam
1573 3685 1635 3740 et
1661 3680 1778 3741 im-

211 3776 530 3849 peratores
574 3770 944 3849 temporales
995 3773 1204 3849 regnis
1245 3778 1308 3831 et
1346 3770 1778 3849 jurisdictione

217 3864 544 3944 temporali
580 3864 894 3925 interdum
929 3864 1152 3942 privet,
1198 3871 1260 3925 et
1288 3866 1366 3924 ad
1391 3865 1542 3925 alios
1579 3870 1777 3926 trans·

221 3960 370 4021 ferat
391 3966 650 4040 propter
670 3958 1024 4033 schismata,
1048 3958 1146 4020 vel
1167 3959 1456 4035 haereseS,
1483 3960 1580 4020 vel
1609 3960 1779 4022 simi-

227 4052 306 4112 lia
327 4052 626 4128 facinora,
655 4057 727 4112 ut
754 4051 919 4111 infra
954 4052 1023 4111 in
1056 4052 1318 4113 materia
1341 4052 1418 4113 de
1444 4053 1662 4114 haeresi
1689 4072 1780 4115 os-

230 4145 563 4206 teudemuS.

305 4240 398 4299 19.
451 4236 744 4312 Quintum
765 4239 1011 4319 siquam
1031 4283 1046 4311 ,
1079 4240 1236 4319 quod
1263 4240 1467 4302 doceat
1493 4256 1690 4302 omnes
1715 4241 1784 4303 de

229 4331 340 4404 fide
352 4338 406 4393 et
417 4330 1063 4404 modona-Quintum
1082 4332 1128 4391 si
1138 4348 1332 4409 gnum
1346 4338 1459 4405 cst,
1477 4333 1640 4410 quod
1655 4350 1782 4393 non

229 4422 429 4497 semel,
455 4440 660 4503 neque
687 4440 764 4484 ex
791 4440 920 4483 una
943 4422 1158 4483 mundi
1182 4423 1385 4503 plaga,
1411 4424 1782 4484 occurrenti-

227 4516 334 4575 bus
357 4516 564 4577 dubiis
590 4516 668 4575 ule
697 4515 883 4576 rebus
909 4514 988 4576 ad
1017 4516 1204 4577 fidem
1229 4517 1325 4577 vel
1359 4532 1558 4576 mores
1580 4516 1784 4578 Eccle-

227 4609 326 4669 siae
351 4608 837 4689 pertinentibuS,
875 4608 950 4668 ad
983 4608 1203 4670 Sedem
1238 4610 1608 4685 Romanam,
1645 4614 1782 4669 tan-

223 4720 405 4780 quam
429 4702 510 4762 ad
535 4718 890 4780 supremam
917 4700 1275 4762 cathedram
1305 4706 1366 4762 et
1389 4700 1661 4762 tribunal
1689 4720 1783 4761 re·

223 4812 466 4854 cursum
507 4800 601 4854 est
622 4839 641 4869 ,
689 4800 874 4872 atquc
919 4794 1052 4872 ejus
1079 4794 1384 4855 sententia
1414 4802 1476 4854 et
1505 4792 1784 4855 definitio

217 4894 572 4966 expectata3
609 4886 688 4946 de
723 4904 847 4964 quo
879 4886 1060 4965 signo
1087 4885 1294 4965 plures
1320 4886 1592 4966 epistolas
1620 4886 1784 4966 apud

215 4976 596 5059 cyprianum
638 4977 955 5055 leguntur,
1005 4979 1228 5059 quibus
1265 4978 1620 5041 Pontificem
1663 4980 1781 5041 Ro·

215 5090 474 5133 manum
513 5070 850 5133 consuluit.
897 5073 1314 5151 Hieronymus
1341 5074 1530 5133 etiam
1557 5091 1633 5133 ex
1667 5074 1782 5134 Da-

215 5184 384 5227 maso
401 5165 628 5227 audire
649 5164 848 5225 voluit
867 5166 1122 5226 modum
1141 5165 1434 5245 loquendi
1460 5166 1528 5225 in
1555 5170 1782 5245 myste-

215 5260 306 5319 rio
331 5257 687 5331 Trinitatis,
723 5263 794 5318 ut
819 5257 1030 5319 videre
1057 5264 1148 5319 est
1176 5258 1243 5318 in
1279 5257 1538 5339 epistola
1569 5258 1645 5319 de
1673 5258 1783 5318 tri-

215 5353 328 5413 bus
357 5350 824 5431 hypostasibus.
869 5351 1037 5414 Idem
1074 5352 1465 5431 postularunt
1499 5351 1782 5431 Episcopi

215 5444 544 5518 Numidiae,
585 5450 657 5503 ut
695 5449 860 5523 patet
889 5460 968 5505 ex
997 5443 1253 5524 epistola
1283 5450 1506 5525 quarta
1538 5444 1782 5505 Damasi

215 5537 292 5597 ad
333 5537 736 5619 Prosperum.
781 5538 857 5599 Et
901 5537 1346 5619 Hieronymus,
1397 5536 1657 5620 epistola
1699 5536 1777 5599 ad

3284 396 3403 463 299

1846 506 2121 568 Geronti.
2160 552 2181 583 ‚
2238 509 2327 569 ait
2374 526 2439 569 se
2490 508 2678 568 fuisse
2726 526 2763 567 a
2820 506 3073 567 secretis
3114 507 3355 566 Damasi
3386 552 3405 583 ,

1844 600 1922 659 ad
1966 600 2463 678 respondendum
2505 598 3062 661 consultationibus
3096 598 3406 678 synodicis

1845 694 2113 755 Orientis
2178 701 2240 756 et
2284 696 2647 757 Occidentis.
2703 695 2967 756 Irenaem
3014 710 3184 770 vere,
3240 692 3405 772 apud

1847 788 2295 867 Hieronymum
2339 789 2417 850 de
2468 789 2629 849 Viris
2660 786 3021 863 illustribus,
3056 788 3276 847 missus
3316 792 3409 847 cst

1846 881 2109 942 Romam
2142 880 2221 942 ab
2252 881 2553 962 episcopis
2586 880 2863 955 Galatiae,
2906 885 2979 940 ut
3006 881 3237 959 Papam
3266 896 3408 941 con·

1847 974 2077 1036 suleret
2094 974 2170 1036 de
2192 976 2563 1056 quibusdam
2580 974 2726 1036 fidei
2749 972 3189 1055 quaestionibus
3204 988 3225 1051 3
3246 973 3407 1053 quod

1848 1067 2036 1131 etiam
2060 1068 2207 1129 fecit
2236 1069 2605 1149 polycarpus
2631 1084 2821 1149 prope
2842 1072 3125 1145 tempora
3154 1066 3408 1145 Aposto-

1847 1162 2073 1224 lorum.
2122 1162 2327 1224 Simili
2356 1164 2524 1223 enim
2554 1163 2630 1223 de
2658 1178 2845 1222 causa
2871 1160 3135 1221 Romam
3162 1158 3411 1219 accessit

1847 1260 2125 1333 tempore
2166 1255 2409 1316 Aniceti
2454 1256 2631 1332 Papae
2648 1299 2668 1330 ,
2712 1258 2867 1314 teste
2912 1252 3207 1324 Eusebio,
3251 1250 3411 1311 libro

1848 1348 2075 1428 prim0,
2106 1366 2239 1427 cap.
2274 1351 2370 1409 14.
2414 1348 2503 1408 Ex
2534 1344 2819 1407 Con-ciliis
2852 1345 3077 1407 deinde
3105 1344 3411 1405 Africanis

1849 1446 1911 1501 et
1929 1440 2201 1519 epistolis
2226 1440 2576 1519 Augustini,
2598 1438 2904 1519 praecipue
2922 1439 3001 1500 90
3022 1444 3083 1499 et
3105 1436 3409 1517 sequenti,

1849 1540 2089 1595 constat
2120 1536 2182 1595 in
2220 1534 2658 1613 quaest-ionibus
2698 1532 2843 1594 fidei
2888 1531 3219 1593 recurrisse
3254 1546 3413 1591 sem·

1851 1647 1966 1708 per
1993 1628 2071 1689 ad
2110 1628 2433 1689 Pontifices
2455 1630 2765 1690 Romanos
2798 1626 3247 1700 Innocentium,
3281 1626 3411 1687 Coe-

1851 1721 2152 1783 lestiuum
2171 1766 2190 1795 ,
2232 1726 2295 1783 et
2320 1727 2570 1782 caeteros
2596 1738 2723 1781 suae
2748 1720 2970 1781 aetatis,
3014 1720 3105 1780 Ex
3141 1716 3415 1798 epistolis

1853 1832 2098 1895 quoque
2119 1813 2523 1875 decretalibus
2537 1815 2815 1894 ipsorum
2835 1813 3227 1885 Pontificum,
3248 1811 3415 1873 idem

1851 1908 2207 1969 institutum
2246 1913 2456 1987 aperte
2492 1906 2803 1987 colligitur
2820 1922 2840 1984 3
2888 1904 3209 1966 continent
3245 1904 3415 1964 enim

1849 2008 2144 2081 responsa
2172 2001 2247 2061 de
2276 2000 2461 2061 rebus
2488 2018 2625 2079 quae
2660 1999 2739 2061 ab
2772 1999 2919 2078 ipsis
2944 1997 3313 2078 petebantur
3334 1996 3412 2057 ad

1853 2093 2043 2155 fidem
2094 2099 2156 2154 et
2210 2111 2409 2154 mores
2467 2092 2943 2172 pertinentibus,
2996 2097 3067 2151 ut
3114 2094 3283 2169 patet
3338 2106 3415 2149 ex

1854 2186 2174 2261 Anaeleto,
2232 2186 2489 2265 epistola
2546 2189 2583 2249 3
2616 2208 2634 2261 ;
2690 2185 2993 2261 Evarist0,
3046 2182 3286 2264 epistol.
3334 2184 3365 2245 1
3391 2197 3414 2259 3

1855 2280 2209 2341 Alexandro
2233 2280 2289 2356 I,¹
2309 2279 2566 2359 epistola
2592 2280 2796 2359 prima
2822 2279 2903 2340 ad
2924 2277 3327 2353 orthodoxos,
3356 2282 3418 2337 et

1856 2373 2234 2449 EleutheriO,
2267 2371 2525 2452 epistola
2552 2373 2627 2433 ad
2652 2371 2891 2449 Gallos3
2922 2370 3216 2445 Fabiano,
3250 2370 3417 2449 epis-

1857 2466 1984 2527 tola
2014 2466 2277 2527 secunda
2307 2465 2382 2526 ad
2418 2466 2678 2539 orient„
2718 2470 2781 2525 et
2812 2464 2951 2525 aliis
2980 2462 3413 2536 communiter,

1857 2560 1967 2640 qui
1993 2578 2209 2621 omnes
2232 2560 2662 2639 respondendo
2691 2559 3003 2621 affirmant
3027 2558 3258 2637 pariter
3282 2573 3417 2616 mu-

1858 2672 1979 2715 nus
2012 2660 2076 2714 et
2123 2652 2395 2714 officium
2443 2651 2808 2733 Apostolicae
2846 2650 3007 2713 sedis
3044 2668 3173 2711 esse
3202 2647 3415 2723 dubia,

1856 2752 1918 2808 et
1945 2746 2313 2826 quoestiones
2346 2745 2731 2807 subditorum
2762 2744 3117 2805 terminare.

1935 2841 2037 2901 20.
2071 2838 2330 2901 Sextum
2360 2840 2629 2919 sianum,
2661 2838 2819 2919 quod
2840 2837 2981 2900 lites
3018 2833 3319 2898 terminet.
3336 2864 3419 2880 -

1856 2932 1999 3011 Ipsi
2022 2948 2245 3013 quoque
2272 2931 2533 3013 episcopi
2567 2931 2837 2993 haretici
2870 2931 2954 2993 ad
2986 2926 3259 2993 tribunal
3294 2926 3421 2989 Ro-

1855 3042 2100 3087 manam
2126 3026 2537 3107 appellarunt.
2582 3054 2665 3070 -·
2706 3024 2967 3096 Bar-on„
3000 3039 3155 3086 anno
3186 3018 3421 3083 Christi

1857 3120 1977 3179 247
1994 3166 2011 3194 ,
2072 3120 2141 3181 do
2200 3120 2525 3199 quastione
2582 3134 2876 3181 canonum
2920 3113 3174 3181 Concilii
3210 3113 3421 3179 Niooe-

1857 3212 1946 3285 ni,
1989 3218 2048 3275 et
2086 3212 2257 3288 infra
2289 3213 2447 3294 disp.
2474 3214 2574 3285 11,
2600 3216 2747 3275 sect.
2781 3214 2840 3284 1,
2868 3228 2931 3271 n.
2962 3210 3021 3269 6.
3054 3240 3137 3255 —
3164 3207 3421 3267 Sextum

1859 3304 2106 3381 signum
2126 3351 2145 3381 ,
2196 3322 2323 3365 non
2371 3304 2667 3366 dissimile
2716 3302 3089 3384 praecedenti
3114 3348 3136 3376 ,
3194 3304 3308 3376 est,
3350 3300 3419 3361 in

1857 3397 2247 3475 gravioribus
2274 3399 2496 3473 causis,
2532 3404 2595 3458 et
2633 3396 3016 3457 difficillimis
3048 3396 3117 3456 in
3154 3393 3418 3455 Ecclesia

1857 3490 2346 3566 occurrentibus,
2360 3508 2601 3570 semper
2616 3490 2695 3553 ad
2706 3491 3051 3552 Romanam
3062 3488 3269 3550 sedem
3286 3494 3423 3548 tan-

1857 3602 2045 3663 quam
2083 3584 2160 3643 ad
2198 3602 2554 3665 supremum
2592 3584 2867 3646 tribunal
2911 3583 3099 3645 tuisse
3146 3580 3418 3661 appella-

1857 3682 2020 3751 tum,
2048 3678 2214 3756 quod
2239 3684 2477 3739 constat
2503 3679 2705 3757 primo
2738 3696 2816 3739 ex
2842 3676 3029 3738 variis
3052 3673 3419 3737 Pontificum

1858 3768 2132 3851 epistolis
2190 3779 2253 3834 et
2300 3773 2596 3834 decretis:
2656 3771 2932 3834 Anaclet.
2955 3817 2977 3848 ,
3034 3768 3292 3849 epistola
3333 3771 3363 3829 1
3396 3782 3417 3845 3

1861 3864 2017 3927 Sixti
2044 3866 2120 3938 11,
2151 3865 2407 3943 epistola
2438 3870 2495 3934 1.
2531 3865 2798 3927 habetur
2828 3870 2889 3940 2,
2926 3869 3140 3945 quaest.
3172 3864 3234 3938 6,
3278 3880 3415 3939 cap.

1865 3956 1948 4021 Si
1967 3958 2103 4038 quis
2120 3961 2430 4038 putaverit
2446 3984 2473 4032 ;
2505 3960 2765 4037 Higinii,
2786 3958 2852 4018 iu
2870 3976 3003 4037 cap.
3031 3955 3245 4027 Salvo,
3270 3972 3329 4033 q.
3355 3956 3417 4029 3,

1861 4056 1924 4112 et
1965 4068 2098 4131 cap.
2170 4050 2252 4115 Si
2300 4057 2523 4127 autem,
2572 4052 2789 4113 eadem
2835 4064 3061 4127 causa3
3108 4054 3295 4127 atque
3344 4064 3422 4106 ex

1861 4142 2103 4204 Aniceti
2132 4144 2309 4222 epist.
2354 4143 2435 4204 ad
2470 4144 2706 4220 Gallos3
2736 4142 3022 4217 Victoris,
3062 4138 3300 4220 epistol.
3341 4138 3419 4199 ad

1863 4235 2209 4316 Theophyl.
2258 4237 2586 4298 Alexandr.
2615 4253 2635 4314 3
2660 4235 3009 4317 Zepheriui,
3052 4232 3311 4313 epistola
3338 4230 3418 4293 ad

1862 4330 2191 4409 Episcopos
2204 4330 2486 4391 Ecclesioe
2498 4330 2721 4391 Sicilire
2738 4350 2755 4404 3
2772 4328 2986 4391 Melchi
2994 4328 3147 4401 adis,
3166 4325 3423 4405 epistola

1861 4422 1939 4483 ad
1966 4423 2289 4503 Episcopos
2312 4424 2565 4503 Hispan.
2591 4423 2747 4484 Vide
2765 4424 2823 4497 2,
2849 4426 3063 4501 quaest.
3099 4422 3158 4494 1,
3188 4438 3241 4478 c.
3278 4418 3423 4481 Pri-

1861 4521 2079 4590 mam,
2124 4522 2187 4576 et
2226 4520 2288 4592 2,
2323 4523 2536 4595 quaest.
2578 4520 2639 4592 2,
2676 4534 2810 4596 cap.
2861 4514 2943 4578 Si
2967 4514 3130 4595 quia,
3167 4530 3303 4591 cap.
3346 4512 3430 4575 ad

1859 4607 2219 4684 Romanam,
2254 4628 2389 4689 cap.
2426 4610 2690 4686 Quoties,
2724 4616 2787 4670 et
2808 4612 2870 4684 3,
2898 4614 3111 4688 quaest.
3139 4609 3201 4680 6,
3233 4606 3421 4685 capit.

1867 4700 2183 4778 Quamvis,
2212 4720 2345 4783 cap.
2376 4701 2737 4767 Accusatus.
2770 4703 2935 4764 Idem
2962 4706 3199 4762 constat
3225 4718 3300 4761 ex
3320 4716 3425 4760 va-

1861 4795 1973 4855 riis
2010 4794 2307 4856 historiiS.
2358 4796 2631 4858 Celebris
2656 4796 2764 4857 illa
2790 4801 2880 4857 est
2908 4794 3250 4866 Athanasii,
3292 4793 3422 4873 qui,

1864 4886 2095 4965 injuste
2122 4886 2202 4949 ab
2234 4889 2479 4950 Arianis
2508 4888 2839 4950 damnatus
2868 4934 2888 4965 ,
2934 4888 3013 4950 ad
3048 4888 3284 4950 Julium
3316 4888 3425 4947 Pa-

1859 4998 2007 5060 pam
2055 4981 2394 5061 appellavit
2414 5028 2434 5056 ,
2477 4988 2539 5043 et
2588 4983 2668 5043 ab
2708 4984 2841 5062 ipso
2885 4982 2953 5043 in
2995 4999 3171 5042 suam
3218 4981 3426 5043 sedem

1861 5074 2183 5135 restitutus
2210 5081 2325 5150 est,
2356 5082 2427 5135 ut
2450 5074 2726 5137 scribunt
2747 5076 3099 5155 Nicephor.,
3132 5073 3293 5135 libro
3321 5076 3424 5149 59,

1861 5184 1997 5246 cap.
2036 5167 2077 5227 8
2110 5173 2172 5228 et
2200 5169 2282 5245 93
2314 5168 2471 5229 libro
2506 5171 2547 5229 4
2590 5163 2937 5241 Sozomen„
2969 5185 3103 5246 cap.
3145 5168 3223 5228 15
3239 5181 3261 5244 3
3291 5166 3427 5227 Tri-

1862 5260 2074 5337 partit.
2095 5303 2116 5334 ,
2156 5258 2297 5320 libr.
2344 5263 2381 5323 3
2427 5278 2554 5322 suae
2600 5261 2907 5337 Historias,
2955 5278 3089 5340 cap.
3133 5262 3214 5334 73
3262 5258 3427 5338 quod

1862 5350 2031 5412 idem
2050 5350 2423 5415 Athanasius
2441 5358 2704 5415 testatur
2722 5354 2791 5414 in
2813 5353 3120 5433 principio
3146 5352 3428 5413 secundm

1861 5443 2155 5523 epistoloe.
2187 5446 2347 5526 Lege
2367 5447 2571 5527 ipsum
2602 5446 3033 5519 Athanasium,
3068 5443 3324 5525 epistola
3346 5442 3427 5505 ad

1861 5536 2127 5601 Felicem
2180 5540 2252 5603 11.
2303 5540 2473 5605 Idem
2514 5540 2661 5605 fecit
2697 5542 2909 5605 Petrus
2948 5535 3427 5616 Alexandriam,
