3900 6217
904 433 1075 486 SECT.
1111 434 1191 486 w.
1225 432 1368 495 Quis
1400 432 1481 484 ΕΤ
1512 429 1739 494 QUALIS
1768 429 1867 482 sn·
1899 429 2100 484 ACTUS
2131 429 2514 505 suomi-:Tun

200 545 389 617 scilicet,
440 533 843 614 cognitionem
898 532 1435 614 supernaturalem
1501 549 1657 608 esse,

3187 423 3299 482 231

1739 538 1837 597 ret
1855 533 2180 598 bominem
2199 533 2472 614 proferre
2495 532 2685 595 verba
2700 530 3060 612 prophetica
3088 535 3307 590 contra

197 635 377 723 palmi
400 635 597 712 potest,
612 629 841 710 primo,
866 645 943 690 ex
967 627 1145 690 dictis
1166 627 1245 688 de
1258 627 1501 706 obJecto
1526 627 1659 705 ejus
1738 630 1873 709 ejus
1936 627 2324 690 voluntatem
2373 633 2438 689 et
2491 627 2904 688 intentionem
2918 641 2936 700 3
2992 623 3302 703 quomodo

196 736 243 796 ia
292 722 605 810 precedenti
663 723 967 795 sectione,
1021 725 1087 782 et
1154 737 1225 783 ex
1286 719 1659 782 testimoniis
1735 722 1925 785 refert
1950 722 2204 804 Joseph,
2233 722 2344 784 lib.
2377 723 2418 784 4
2439 722 2837 802 Antiquitas,
2859 740 2992 800 cap.
3025 720 3090 791 6,
3114 719 3301 796 juxta

194 827 443 902 Scriptura
460 817 633 898 paulo
662 823 809 878 ante
854 815 1055 878 allatis
1086 817 1135 891 ¹,
1164 814 1227 876 in
1258 814 1487 894 quibus
1512 830 1655 892 pro·
1736 817 1954 880 Galeni
1977 818 2352 894 versionem,
2381 815 2698 878 adducens
2719 815 3044 876 historiam
3073 813 3150 874 de
3177 813 3299 874 Ba-

195 912 555 1002 phetiadicitur
572 909 809 972 donum
826 915 889 970 et
911 908 1110 989 gratia
1124 907 1391 989 Spiritus
1406 906 1653 982 Sancti3
1733 910 1922 987 laam,
1952 911 2085 990 qni,
2134 915 2387 973 vocatus
2433 910 2512 971 ad
2539 907 3032 972 maledicendum
3069 904 3300 985 populo

191 1009 409 1083 secundo,
432 1022 501 1066 ex
520 1001 699 1066 dictis
718 1021 759 1064 a
786 1001 975 1066 simili
1000 1001 1081 1064 de
1104 1001 1459 1082 cognitione
1482 999 1653 1077 fidei,
1734 1005 1869 1080 Dei,
1900 1009 2146 1068 coactus
2185 1011 2278 1068 est
2302 1003 2482 1066 illum
2505 1002 2868 1065 benedicere
2888 1019 2906 1064 t
2926 1001 3146 1067 Etiam
3171 1005 3304 1082 ipso

188 1122 324 1186 quam
344 1097 849 1179 supernaturalem
886 1115 1015 1159 esse
1042 1095 1164 1158 late
1188 1101 1502 1158 ostensum
1529 1100 1621 1156 est
1630 1111 1653 1174 3

193 1197 343 1272 tertio,
368 1193 421 1254 id
444 1190 656 1254 clarius
678 1189 1089 1252 constabit-ex
1113 1188 1415 1251 dicendis.

242 1294 287 1351 2.
316 1287 560 1352 Notatur
597 1285 825 1366 primo.
847 1317 929 1330 —
972 1281 1249 1356 Notatur
1278 1283 1553 1346 secundo.
1581 1314 1663 1334 --

182 1383 270 1450 Sed
287 1376 695 1443 advertendum
718 1395 845 1437 non
874 1375 1091 1456 negari
1116 1395 1155 1438 a
1196 1375 1373 1437 nobis
1401 1375 1665 1456 prophe-

181 1489 249 1542 tas
268 1473 536 1538 interdum
557 1471 628 1532 in
651 1470 871 1546 extasi,
900 1474 962 1531 et
990 1469 1365 1532 alienatione
1394 1489 1433 1532 a
1470 1470 1663 1532 sensi·

180 1573 281 1634 hus.
312 1567 549 1646 recipere
600 1563 989 1645 propheticas
1032 1562 1469 1642 revelationes3
1516 1582 1665 1625 nam

178 1665 331 1746 potius
374 1660 466 1722 bic
502 1663 596 1720 est
636 1675 801 1720 unus
842 1675 922 1720 ex
959 1655 1429 1739 perfectioribus
1464 1657 1667 1718 modis

178 1754 463 1839 prophetiae,
494 1757 561 1813 ut
606 1750 1015 1831 Augustinus,
1038 1749 1151 1814 lib.
1180 1749 1514 1825 Quaestion.
1562 1769 1667 1811 su-

176 1871 257 1932 per
274 1850 487 1923 Genea,
506 1852 733 1926 qnoest.
768 1847 875 1922 80,
906 1851 1080 1908 notat
1096 1861 1117 1924 ;
1147 1851 1211 1908 et
1235 1844 1435 1906 videri
1465 1850 1669 1925 potest

178 1946 229 2006 D.
247 1943 469 2004 Thomas
494 1942 553 2004 2.
584 1942 654 2016 2,
686 1959 749 2020 q.
782 1942 924 2018 173,
968 1947 1087 2002 art.
1136 1941 1207 2018 33
1252 1939 1361 2002 sed
1400 1939 1669 2002 dicimus

178 2057 249 2100 aus
269 2036 356 2115 qui
374 2052 507 2097 vere
536 2034 863 2115 propheta».
894 2039 1062 2111 sunt,
1092 2033 1337 2098 etiamsi
1369 2033 1435 2094 in
1472 2035 1667 2096 extasi

180 2131 561 2204 illuminentur,
634 2146 781 2192 vere
850 2127 1258 2190 nibilominus
1313 2129 1662 2208 intelligere

178 2225 283 2304 quid
308 2223 407 2284 sibi
432 2221 767 2300 reveletur,
788 2223 943 2284 alias
966 2239 1093 2284 non
1121 2229 1323 2284 essent
1347 2240 1493 2284 vere
1520 2221 1661 2284 illu·

180 2317 343 2378 minati
362 2334 395 2376 a
412 2316 551 2391 Deo,
574 2316 697 2378 sed
736 2322 1036 2396 tanquam
1064 2315 1479 2378 instrumenta
1498 2333 1663 2376 mor-

178 2419 253 2472 tua
270 2429 321 2473 se
340 2410 651 2474 baberent.
680 2411 965 2474 Secundo
1008 2410 1485 2487 advertendum,
1524 2411 1661 2473 fieri

178 2523 301 2584 {nee
328 2503 615 2565 interdum
666 2510 737 2565 ut
780 2503 969 2566 verba
994 2503 1333 2584 prophetat,
1360 2511 1473 2565 aut
1508 2504 1663 2566 visio

180 2598 242 2658 illi
280 2599 704 2673 demonstrata,
755 2596 938 2678 plura
994 2597 1288 2678 mysteria
1352 2598 1663 2660 contineat

182 2713 313 2772 quam
354 2695 464 2775 ipse
484 2694 911 2773 intelligentia
950 2694 1270 2775 percipiat,
1318 2699 1389 2755 ut
1438 2699 1657 2773 quaest.

181 2789 273 2862 illa,
292 2795 381 2850 art.
405 2789 461 2864 4,
492 2789 559 2850 Ι).
594 2787 881 2850 Thomas
928 2795 1123 2860 notat,
1154 2788 1323 2866 quia,
1353 2805 1495 2848 cum
1528 2807 1665 2867 pro·

186 2881 329 2958 pheta
354 2882 545 2959 lingua
582 2888 665 2942 et
691 2899 866 2942 mens
893 2882 1016 2942 sint
1045 2881 1307 2960 Spiritus
1334 2881 1541 2943 Sancti
1570 2881 1665 2942 in·

196 2979 453 3046 strumenta,
474 2993 617 3054 qum
660 2992 789 3035 non
811 2974 1146 3053 adaequant
1172 2975 1463 3034 virtutem
1492 2975 1666 3053 prin-

198 3066 343 3143 cipalis
354 3069 589 3142 agentis,
608 3085 751 3128 ison
774 3073 867 3128 est
884 3085 1134 3128 necesse
1160 3068 1377 3128 omnia
1398 3066 1665 3144 intelligi

194 3177 223 3219 a
250 3159 511 3238 prophetis,
556 3177 707 3239 qum
766 3159 1035 3241 Spiritus
1088 3161 1300 3222 Sancti
1360 3161 1665 3236 intendit3

187 3255 391 3328 quamvis
410 3272 619 3316 revera
662 3271 859 3316 nemo
899 3255 1197 3316 dicendus
1246 3257 1328 3316 sit
1372 3272 1555 3316 verus
1606 3259 1670 3316 et

186 3345 385 3423 pupi-ius
444 3347 755 3428 propheta
772 3391 794 3422 ,
854 3365 969 3411 nee
1030 3349 1269 3408 donum
1326 3348 1665 3428 prophetias

182 3439 533 3516 reciperem&
576 3441 753 3502 eirca
812 3459 886 3502 ea
930 3459 1071 3520 quae
1114 3440 1436 3519 intelligit;
1494 3441 1666 3520 quia,

180 3535 225 3589 ut
267 3529 397 3608 dixi,
448 3533 514 3594 in
566 3534 817 3596 caeteris
884 3539 1031 3595 sunt
1078 3535 1214 3613 ejus
1260 3551 1437 3595 mens
1484 3540 1669 3611 atque

176 3620 327 3700 lingua
344 3627 503 3703 quasi
532 3627 959 3688 instrumenta
997 3641 1279 3703 mortua3
1309 3632 1383 3688 ut
1428 3626 1481 3687 si
1510 3627 1671 3686 Deus

176 3713 453 3780 irrationale
520 3719 769 3782 animal
851 3721 1079 3781 faceret
1150 3719 1423 3800 proferre
1482 3718 1671 3780 verba

174 3825 269 3884 quae
300 3812 705 3889 significarent
752 3813 1041 3874 futurum
1094 3819 1419 3889 eventum,
1481 3811 1667 3872 verba

172 3901 355 3978 quidem
414 3906 847 3987 propheticam
921 3904 1393 3986 praedictionem
1472 3905 1667 3966 conti-

172 4004 348 4070 nerent,
372 3999 519 4060 illud
578 4007 801 4061 tamen
844 3998 1076 4060 animal
1146 4017 1273 4060 non
1316 4004 1471 4060 esset
1516 4015 1663 4078 pao·

170 4085 321 4164 pheta.
355 4093 435 4154 Ex
470 4111 593 4172 quo
650 4092 845 4154 tertio
896 4092 1345 4154 advertendum
1384 4098 1481 4154 est
1524 4107 1668 4152 cum

170 4183 467 4260 Augustino,
498 4186 611 4248 lib.
642 4189 685 4248 2
719 4187 801 4248 ad
825 4185 1322 4266 simplicianum,
1352 4190 1567 4265 quaest.
1603 4188 1663 4260 1,

170 4275 309 4338 etlib.
338 4277 465 4342 ade
486 4279 713 4344 uenas.
750 4279 832 4340 ad
880 4279 1176 4354 litteram,
1220 4297 1358 4356 cap.
1410 4280 1511 4352 47,
1546 4277 1667 4339 ali-

169 4370 353 4443 quando
376 4373 613 4435 efficere
642 4374 872 4448 Deum,
912 4378 982 4432 ut
1010 4370 1148 4451 quis
1178 4370 1445 4450 proferat
1477 4369 1667 4432 verba

170 4463 477 4526 watineutia
502 4466 901 4546 prophetiam
946 4482 1138 4544 quam
1179 4464 1331 4542 ipse,
1366 4464 1475 4542 qui
1530 4482 1665 4543 pro-

167 4551 270 4628 teri,
290 4575 396 4618 aon
418 4561 797 4638 assequitur,
828 4559 933 4620 sed
962 4557 1156 4619 alium
1180 4574 1426 4618 sensum
1456 4557 1523 4616 in
1547 4555 1667 4618 illis

170 4646 317 4708 verbis
338 4650 640 4730 intelligit,
674 4658 750 4713 ut
788 4653 867 4714 de
914 4650 1171 4731 Caypha
1196 4656 1457 4724 constat,
1482 4649 1667 4712 Joan·

170 4738 237 4798 nis
254 4745 308 4801 ll
330 4767 344 4818 3
368 4745 416 4806 is
440 4751 651 4808 tamen
680 4746 875 4806 homo
898 4763 1025 4804 non
1052 4751 1148 4806 est
1169 4762 1315 4806 vere
1342 4742 1663 4822 propheta,

170 4847 321 4911 neque
348 4836 571 4899 donum
625 4839 975 4919 prophetiae
1022 4837 1263 4917 recipit,
1308 4835 1438 4911 sed,
1482 4841 1552 4896 ut
1592 4835 1661 4896 D.

170 4923 375 4988 Thomas
406 4932 511 5006 ait,
534 4931 737 4994 babet
761 4929 1097 5012 quemdam
1138 4929 1499 4994 instinctum
1530 4947 1670 5008 pro·

174 5014 443 5100 Ρὴειίοιιω,
486 5024 587 5087 vel
630 5027 847 5106 potius
884 5023 1291 5086 directionem
1349 5040 1390 5083 a
1436 5022 1671 5102 Spiritu

174 5107 340 5174 Sancto
358 5116 419 5176 in
438 5137 549 5180 stra
572 5117 914 5194 locutione,
946 5135 1073 5197 qua
1095 5115 1165 5176 fit
1194 5120 1263 5176 ut
1291 5132 1365 5176 ca
1393 5115 1670 5196 proferat

178 5202 335 5282 verba,
368 5215 427 5270 et
456 5227 529 5272 eo
582 5211 779 5272 modo
820 5227 949 5291 quo
1000 5208 1337 5270 intentioni
1406 5207 1670 5288 Spiritus

182 5291 336 5358 Sancti
371 5302 745 5380 deserviunt,
774 5305 905 5384 ipso
964 5303 1219 5364 homine
1263 5319 1389 5364 non
1438 5300 1669 5362 intelli-

184 5397 337 5461 gente.
362 5393 513 5456 ldem
544 5403 767 5458 autem
792 5397 990 5460 simile
1012 5403 1198 5473 esset,
1220 5397 1273 5457 si
1304 5397 1465 5458 Deus
1490 5413 1671 5474 eoge-

248 5582 413 5648 ·nee
432 5605 634 5674 supa,
662 5591 735 5653 a.
769 5591 833 5668 o,
865 5596 1011 5654 sect.
1032 5591 1108 5654 s.

1743 1101 2012 1164 Balaam
2039 1102 2242 1184 inquit
2315 1097 2632 1164 Potentioo·
2657 1101 2749 1162 est
2776 1099 2942 1161 Deus
2967 1113 3146 1177 quam
3167 1115 3301 1161 mea

1742 1195 2028 1259 voluntas
2043 1211 2064 1273 3
2115 1202 2180 1258 et
2229 1195 2413 1276 paulo
2458 1193 2740 1274 superius
2769 1214 2787 1252 ε
2827 1192 3030 1255 Putas
3079 1192 3306 1272 quoties

1740 1293 1909 1368 facta
1934 1295 2082 1352 sunt
2107 1291 2457 1372 aperienda,
2479 1289 2550 1350 iot
2565 1287 2734 1350 nobis
2759 1285 2944 1350 eitum
2969 1301 3116 1358 esse,
3143 1285 3306 1364 quio·

1742 1381 1893 1462 quid
1915 1383 2188 1446 dicamus
2225 1386 2335 1447 aut
2363 1387 2686 1454 taceamus,
2717 1380 2936 1458 afflati
2953 1379 3156 1442 divino
3184 1375 3306 1454 spi-

1742 1477 1912 1548 rt‘tu;
1928 1477 2061 1559 ipso
2079 1495 2268 1552 vom,
2290 1477 2497 1559 quales
2523 1476 2680 1552 vult,
2703 1479 2958 1557 profert,
2981 1479 3039 1538 et
3059 1473 3309 1535 oracula

1745 1569 1913 1634 nobis
1961 1569 2377 1645 sumtibus,
2413 1587 2599 1652 aeque
2625 1567 3051 1648 aequantibus.
3089 1564 3306 1628 Simile

1748 1665 2071 1746 quippiam
2101 1664 2312 1728 videre
2355 1671 2448 1726 est
2489 1677 2601 1726 suo
2630 1663 2836 1736 modo,
2867 1662 2933 1723 in
2975 1678 3050 1722 eo
3077 1660 3186 1740 qui
3213 1659 3307 1721 di·

1746 1757 1964 1820 vinam
1989 1758 2292 1822 visionem
2321 1757 2556 1838 recipit,
2580 1757 2756 1837 cujus
2775 1762 2980 1818 tamen
3000 1753 3312 1833 significa·

1746 1854 1984 1916 tionem
2024 1870 2154 1914 non
2179 1851 2494 1931 intelligit,
2538 1858 2612 1913 ut
2645 1855 2814 1930 patet
2857 1850 2934 1911 de
2961 1849 3304 1925 Pharaone,

1744 1946 1970 2009 Genea.
1999 1949 2115 2024 413
2141 1947 2204 2007 et
2247 1945 2324 2007 de
2353 1943 2886 2019 Nabuchodozor.,
2927 1942 3196 2004 Danielis
3217 1959 3308 2004 se-

1747 2039 1996 2118 cund03
2037 2038 2190 2102 tales
2227 2039 2395 2102 enim
2425 2054 2556 2100 non
2587 2043 2733 2099 sunt
2775 2055 2918 2098 vere
2959 2033 3305 2114 Prophetas,

1746 2149 1951 2212 neque
2002 2131 2236 2194 habent
2277 2131 2514 2193 donum
2563 2128 2901 2210 prophetiae
2915 2175 2934 2204 ‚
2993 2131 3140 2208 quia
3190 2127 3310 2191 hoc

1743 2243 1872 2286 non
1898 2225 1967 2287 in
2003 2223 2495 2306 apprehensione
2525 2222 2910 2286 sensibilium
2955 2223 3303 2300 signorum,

1744 2319 1851 2380 sed
1880 2320 2087 2399 potius
2116 2320 2181 2380 in
2210 2318 2564 2396 cognitione
2602 2322 2666 2378 et
2717 2315 3172 2396 supernaturali
3209 2315 3308 2395 ju·

1745 2411 1907 2474 dicio
1965 2411 2460 2492 significatarum
2515 2427 2725 2474 rerum
2779 2411 3078 2471 consistit.
3137 2409 3310 2472 Unde

1746 2507 1949 2586 potius
1993 2507 2247 2568 fuerunt
2299 2504 2616 2584 prophetat
2671 2503 2900 2582 Joseph
2950 2509 3012 2564 et
3068 2503 3306 2579 Daniel,

1744 2599 1851 2679 qui
1880 2617 2098 2662 eorum
2125 2617 2342 2678 regum
2373 2599 2614 2660 somnia
2633 2603 2778 2659 sunt
2805 2597 3212 2676 interpretati,
3238 2601 3311 2657 ut

1743 2693 2132 2772 Augustinus
2157 2693 2363 2774 inquit
2395 2710 2607 2773 supra,
2639 2700 2700 2753 et
2730 2693 2808 2754 12
2834 2690 3052 2754 Genes.
3090 2690 3170 2753 ad
3207 2691 3310 2752 lit·

1746 2793 1968 2860 teram,
2003 2807 2058 2848 c.
2085 2790 2146 2849 9.

1828 2882 1889 2942 3.
1933 2879 2212 2945 Asse-tio
2230 2881 2490 2944 secanda
2512 2881 2580 2943 de
2598 2881 2821 2961 fide.-
2839 2879 2982 2940 Dico
3003 2877 3304 2940 secundo:

1748 2981 1919 3037 actus
1952 2981 2014 3036 ct
2044 2975 2318 3052 cognitio
2343 2973 2677 3052 prophetia*
2703 2980 2901 3034 celius
2925 2979 3019 3033 est
3042 2979 3103 3032 et
3133 2971 3312 3032 infal-

1748 3067 1956 3130 libilis.
2018 3069 2108 3128 Ita
2148 3069 2218 3129 D.
2275 3067 2568 3140 Thomas,
2618 3067 2802 3128 citata
2831 3085 2890 3145 q.
2928 3070 3066 3142 171,
3093 3072 3213 3126 art.
3246 3068 3307 3126 6.

1748 3163 1974 3240 Estque
2015 3162 2092 3222 de
2123 3161 2264 3234 ilde,
2295 3179 2367 3222 ac
2416 3166 2582 3238 patet
2626 3177 2699 3220 ex
2753 3160 2931 3222 dictis
2969 3161 3044 3220 de
3073 3158 3311 3239 objecto
3409 3237 3418 3242 -

1748 3255 2037 3331 formali3
2069 3273 2216 3316 nam
2268 3255 2494 3316 nititur
2520 3255 2733 3316 divina
2773 3253 3174 3329 revelatione,
3207 3253 3312 3315 cui

1750 3350 1976 3412 falsum
2003 3367 2130 3410 non
2165 3356 2364 3430 potest
2407 3349 2678 3423 subesse,
2711 3356 2781 3407 ut
2803 3368 2880 3410 ex
2909 3349 3086 3408 dictis
3127 3365 3314 3428 supra

1750 3445 1968 3520 etiam,
2005 3444 2167 3523 disp.
2201 3445 2264 3516 3,
2317 3450 2578 3504 constat.
2611 3443 2788 3505 Unde
2815 3444 2885 3504 D.
2924 3443 3210 3518 Thomas,
3247 3461 3308 3520 q.

1751 3541 1896 3613 174,
1922 3543 2046 3599 art.
2077 3540 2139 3615 3,
2167 3538 2348 3599 docet
2373 3537 2560 3600 fin'em
2591 3535 2935 3618 prophetiae
2961 3554 3090 3597 esse
3116 3534 3314 3598 mani-

1745 3631 2128 3708 testationem
2177 3633 2463 3697 comatis
2509 3649 2692 3712 super
2732 3629 3022 3693 hominem
3057 3631 3314 3693 amien-

1748 3725 1873 3798 tis;
1916 3731 1981 3786 et
2033 3722 2322 3801 Irenaeus,
2354 3725 2465 3785 lib.
2497 3725 2561 3799 4,
2605 3741 2742 3803 cap.
2793 3725 2892 3789 42.
2926 3725 3027 3796 43,
3059 3725 3157 3784 52.
3205 3723 3312 3784 ubi

1739 3817 1883 3878 baeo
1939 3816 2066 3878 late
2113 3816 2466 3891 coufirmat,
2496 3823 2558 3878 et
2603 3817 2768 3878 inter
2795 3815 2918 3877 alia
2939 3815 3050 3889 ait,
3081 3817 3147 3876 in
3173 3834 3309 3895 rap.

1747 3911 1829 3972 43
1862 3926 1877 3970 z
1905 3910 2241 3991 Prophetia
2285 3911 2646 3992 priusquam
2699 3909 2910 3972 habeat
2953 3910 3307 3988 efficaciam,

1750 4002 2012 4084 ceni-qma
2045 4009 2136 4066 est
2183 4004 2518 4067 hominibus
2533 4028 2559 4077 ;
2620 4021 2754 4066 cum
2806 4008 3006 4066 autem
3052 4003 3314 4066 evenerit

1748 4100 1907 4180 qaod
1935 4099 2358 4178 prophetatum
2383 4101 2498 4172 ost,
2537 4111 2822 4180 tuaquom
2863 4097 2984 4158 vim
3033 4095 3204 4158 habet
3231 4097 3316 4159 ad

1749 4192 2223 4270 confirmandum
2263 4190 2661 4262 intellectum,
2723 4195 2782 4253 et
2829 4189 2990 4253 clare
3055 4189 3312 4252 ostendit

1746 4284 1939 4346 Deum
1966 4300 2092 4346 osse
2129 4283 2456 4362 proescitmt
2480 4286 2849 4361 futurorum.
2874 4280 3306 4342 confirmatur.

1748 4377 1903 4438 Nam
1929 4376 2008 4436 ad
2037 4375 2200 4437 hanc
2243 4375 2676 4436 certitudinem
2706 4374 3124 4448 indicandam,
3149 4391 3308 4453 saepe

1746 4468 1811 4530 in
1842 4469 2157 4548 Scriptura
2181 4468 2499 4548 praedictio
2519 4467 2877 4548 prophetica
2891 4467 2966 4528 de
2983 4484 3050 4526 re
3070 4466 3304 4543 futura,

1751 4567 2052 4641 tanquam
2091 4561 2410 4640 praeterita
2455 4569 2766 4635 narratur,
2795 4565 2866 4618 ut
2895 4559 3014 4619 late
3043 4557 3310 4619 declarat

1748 4654 2156 4734 Epiphanius,
2188 4653 2411 4715 haeres·
2461 4654 2564 4726 79,
2597 4658 2661 4712 et
2693 4653 3100 4729 Augustinus,
3128 4652 3302 4731 epist.

1750 4751 1850 4821 57,
1882 4756 1945 4808 et
1967 4749 2263 4808 concione
2283 4747 2348 4806 in
2371 4746 2530 4807 Psal.
2551 4747 2615 4822 3,
2643 4751 2706 4806 et
2724 4747 3017 4808 concione
3039 4743 3309 4806 secunda

1747 4841 1815 4903 in
1845 4841 2002 4902 Psal.
2031 4842 2166 4903 103.
2193 4843 2450 4919 Propter
2477 4838 2761 4907 eamdem
2791 4839 2980 4900 etiam
3003 4839 3307 4899 rationem

1747 4935 1947 4996 utitur
1975 4953 2135 5014 saepe
2161 4935 2480 5014 Scriptura
2507 4952 2580 4995 eo
2605 4933 2850 4995 dicendi
2899 4933 3084 4994 modo
3111 4949 3128 4994 ε
3155 4931 3308 4996 Fac·

1750 5034 1879 5092 tum
1906 5033 1999 5092 est
2028 5029 2156 5102 hoo,
2187 5035 2258 5092 ut
2286 5027 2722 5105 adimpleretur
2771 5027 2928 5107 quod
2967 5027 3195 5088 dictam
3222 5031 3312 5089 est

1744 5140 1857 5202 per
1880 5121 2252 5201 prophetam,
2275 5125 2392 5180 etc.
2410 5119 2520 5180 llla
2546 5119 2719 5192 enim
2747 5117 3048 5198 particula
3065 5123 3157 5192 at,
3185 5135 3311 5177 non

1750 5231 1996 5294 semper
2031 5213 2220 5275 habet
2257 5213 2386 5273 vim
2434 5212 2696 5274 causalis
2746 5218 2909 5272 notae
2943 5231 2958 5269 ε
2992 5227 3119 5270 non
3173 5209 3312 5270 ideo

1751 5308 1921 5370 enim
1946 5325 2191 5386 semper
2206 5305 2368 5366 fiunt
2392 5307 2538 5385 quia
2555 5305 2850 5386 praedicta
2871 5309 3041 5378 sunt,
3065 5303 3168 5363 sed
3199 5321 3307 5380 po-

1752 5402 1898 5477 tius,
1930 5419 1964 5461 e
2013 5401 2346 5474 contrario,
2399 5399 2548 5478 qnia
2600 5399 2883 5460 facienda
2929 5403 3130 5470 erant,
3171 5395 3313 5461 ideo

1754 5493 2055 5574 praedicta
2097 5492 2370 5566 luerunt,
2415 5497 2488 5552 ut
2537 5491 2921 5572 Epiphanius
2947 5491 3059 5564 ait,
3088 5489 3308 5554 haeres.

1757 5587 1857 5650 38.
1893 5585 2128 5648 Iudicat
2153 5603 2302 5665 ergo
2325 5581 2628 5666 particula
2651 5583 2782 5661 illa,
2813 5587 2905 5660 at,
2936 5583 3065 5644 vim
3105 5601 3286 5647 neces
