3900 6217
939 385 1112 442 SECT.
1147 389 1229 442 vt.
1265 387 1327 440 ΙΝ
1359 388 1482 452 Quo
1515 389 1724 443 GRADU
1756 390 2193 448 PfinFEC‘rtoMs
2226 394 2322 446 sn·
2354 395 2519 448 8988.

167 513 341 558 mo.-
365 489 505 552 Dico
532 485 772 560 ultim0,
804 489 970 552 inter
994 491 1394 572 Theologicas
1429 495 1686 556 virtutes

165 604 310 668 spem
350 590 548 644 tenere
605 584 880 645 medium
918 583 1124 648 locum
1159 587 1570 668 perfeetionis,
1623 593 1688 649 et

165 685 236 743 ita
259 684 341 742 est
363 677 561 738 minus
585 676 858 756 perfecta
873 697 1060 759 quam
1091 679 1172 740 sit
1197 681 1485 758 charitas,
1517 682 1686 760 quod

165 782 240 838 est
257 778 479 833 eertum
512 768 587 830 de
614 769 760 844 fide,
792 790 868 832 ex
899 772 1176 836 dicendis
1213 775 1282 838 in
1321 777 1581 838 materia
1607 776 1686 838 de

166 867 450 939 charitate,
476 861 702 944 disput.
748 866 810 938 3,
835 870 983 927 sect.
1026 870 1054 928 1
1084 890 1102 944 3
1139 887 1286 930 nam
1319 887 1427 949 per
1449 887 1514 930 se
1541 887 1688 932 con-

162 966 261 1022 stat
290 975 554 1020 amorem
581 957 872 1018 amicitiae
899 959 1324 1038 perfectiorem
1352 981 1486 1024 esse
1513 981 1690 1024 amo-

163 1073 218 1116 re
252 1049 775 1132 concupiscentiae.
817 1053 962 1114 Esse
1005 1060 1213 1118 autem
1258 1055 1686 1136 perfectiorem

161 1162 322 1225 quam
347 1143 425 1204 sit
451 1141 633 1220 fides,
659 1164 786 1208 non
813 1152 906 1207 est
931 1153 1191 1224 certum,
1218 1149 1325 1210 sed
1353 1149 1532 1212 valde
1570 1150 1684 1211 du-

161 1239 331 1302 bium.
362 1235 588 1314 Primo,
623 1238 770 1320 quia
809 1238 960 1301 fides
991 1239 1126 1322 plus
1164 1241 1408 1304 videtur
1446 1243 1688 1308 laudari

162 1336 216 1396 in
240 1351 398 1394 saera
421 1334 756 1414 Scriptura,
789 1353 976 1414 quam
1003 1354 1162 1416 spes.
1196 1337 1502 1414 Secunde,
1540 1339 1687 1419 quia

162 1431 306 1488 actus
331 1425 474 1487 fidei
515 1427 763 1488 videtur
808 1427 1016 1503 altior,
1061 1430 1590 1508 supernaturalior
1625 1437 1688 1492 et

161 1518 459 1591 diffieilior,
492 1537 682 1598 quam
713 1522 864 1600 spei.
900 1521 1130 1598 Terti0,
1156 1523 1306 1602 quia
1339 1541 1478 1602 spes
1515 1523 1687 1586 vide·

162 1619 247 1673 tur
294 1613 658 1694 participare
705 1632 744 1676 a
799 1613 920 1676 fide
972 1616 1307 1678 maximam
1367 1618 1690 1698 perfectio-

161 1726 282 1768 nem
307 1725 516 1783 suam,
561 1707 858 1771 nimirum
901 1709 1280 1774 firmitatem.
1318 1712 1566 1788 Quarto,
1615 1711 1686 1774 fi-

161 1801 248 1862 des
273 1801 451 1862 estin
483 1801 826 1877 intellectu,
875 1822 1018 1884 quae
1071 1810 1164 1866 est
1207 1805 1534 1886 perfectior
1579 1824 1692 1886 po-

161 1895 349 1968 tentia,
381 1901 443 1955 et
477 1895 596 1956 sub
629 1895 916 1958 nobiliori
949 1898 1190 1960 ratione
1221 1899 1441 1975 tendit,
1468 1917 1694 1980 nempe

160 1989 290 2050 veri.
328 1988 574 2064 Quinto,
609 1989 757 2070 quia
792 1990 946 2052 fides
985 1992 1192 2054 minus
1226 1992 1374 2054 dicit
1407 1993 1690 2056 ordinem

161 2081 224 2142 ad
260 2100 362 2142 nos
403 2100 596 2162 quam
627 2100 809 2164 spesj,
845 2085 1040 2147 eredit
1085 2086 1254 2146 enim
1291 2087 1414 2147 Deo
1443 2093 1694 2168 propter

163 2175 510 2239 eminentem
549 2182 610 2236 et
637 2195 946 2238 summam
975 2179 1112 2258 ejus
1143 2179 1492 2242 veritatem.

227 2271 280 2330 5.
321 2270 630 2332 Probatur
651 2271 1047 2336 nihilominus
1090 2277 1486 2354 comparando
1530 2293 1698 2357 spem

163 2381 274 2425 oum
315 2362 429 2438 fide
457 2365 662 2444 quoad
695 2364 867 2448 piam
909 2365 1282 2446 affectionem
1334 2367 1692 2433 voluntatis.

161 2489 226 2502 —
269 2458 572 2520 Caeterum
633 2459 831 2536 posita
879 2459 1188 2521 conclusio
1253 2461 1438 2522 etiam
1489 2464 1692 2542 quoad

161 2548 296 2610 hanc
332 2557 574 2628 partem
613 2556 702 2612 est
733 2553 806 2613 D.
843 2551 1114 2628 Thomas,
1143 2560 1360 2632 quoest.
1393 2555 1434 2616 5
1470 2555 1548 2617 de
1579 2557 1696 2618 Ve-

160 2641 270 2718 rit.,
295 2643 464 2704 artic.
502 2644 568 2706 3.
607 2644 760 2705 Nam
792 2644 858 2706 in
895 2646 1150 2708 Summa
1185 2665 1504 2727 nunquam
1549 2649 1696 2712 fecit

159 2735 292 2796 hanc
331 2738 900 2816 comparationem3
941 2746 1003 2800 et
1052 2740 1319 2802 sumitur
1357 2759 1436 2804 ex
1475 2743 1694 2805 eodem

159 2831 211 2890 in
238 2833 292 2906 3,
317 2829 377 2892 d.
403 2833 514 2902 23,
552 2837 764 2910 quaest.
793 2833 853 2904 2,
876 2832 1053 2894 artie.
1085 2835 1146 2909 5,
1174 2833 1250 2893 ad
1286 2835 1346 2910 3,
1371 2841 1434 2896 et
1466 2834 1606 2898 leet.
1635 2839 1692 2909 4,

158 2922 210 2982 in
238 2927 260 2982 1
292 2923 464 3003 epist.
523 2924 598 2984 ad
624 2923 924 3000 Timoth„
965 2943 1099 3006 cap.
1143 2928 1204 2988 2.
1240 2929 1318 2990 Et
1355 2928 1697 3008 explicatur

161 3013 426 3092 breviter3
456 3034 612 3076 nam
644 3017 710 3078 in
735 3016 856 3078 fide
885 3017 1010 3078 duo
1039 3027 1438 3096 concurrunt,
1467 3021 1690 3082 volun-

162 3115 234 3170 tas
283 3116 340 3170 et
383 3109 734 3172 intellectus
777 3127 794 3172 z
835 3113 886 3172 si
915 3130 1051 3192 spes
1102 3130 1252 3193 ergo
1302 3122 1695 3194 comparetur

157 3219 276 3262 eum
309 3201 524 3264 habitu
565 3201 714 3264 fidei
759 3205 870 3286 qui
909 3205 987 3266 ad
1019 3205 1400 3270 voluntatem
1430 3214 1691 3287 spectat,

156 3293 237 3354 vel
273 3301 440 3356 aetus
469 3297 607 3375 spei
644 3315 784 3358 cum
808 3298 1127 3360 voluntate
1177 3299 1494 3374 credendi,
1531 3307 1694 3364 certe

155 3385 478 3452 invenietur
507 3408 646 3468 spes
693 3392 1036 3470 perfectior.
1079 3393 1322 3472 Prim0,
1370 3394 1518 3473 quia
1553 3413 1692 3473 spes

155 3488 405 3543 versatur
453 3484 876 3546 immediatius
929 3485 1088 3546 eirca
1129 3487 1362 3563 Deum,
1416 3493 1486 3548 ut
1527 3506 1692 3548 sum-

155 3591 305 3634 mum
339 3575 576 3638 bonum
610 3583 672 3640 et
709 3577 999 3640 ultimum
1023 3578 1214 3642 finem
1233 3596 1254 3658 3
1288 3579 1393 3642 illa
1433 3599 1578 3642 vero
1603 3581 1694 3642 af-

154 3665 308 3728 fectio
340 3669 442 3748 pia
480 3670 840 3733 immediate
871 3680 1150 3735 versatur
1177 3673 1339 3735 cirea
1359 3679 1532 3736 actus
1551 3694 1690 3736 nos-

153 3765 294 3836 troS,
336 3763 592 3840 scilieet,
636 3764 843 3844 ipsum
879 3766 1146 3828 eredere.
1199 3767 1374 3829 Unde
1425 3770 1692 3830 seeundo

151 3871 268 3930 spes
305 3862 397 3917 est
444 3858 647 3918 virtus
686 3857 1079 3938 Theologiea,
1118 3859 1221 3920 ille
1266 3877 1412 3920 vero
1449 3859 1694 3922 habitus

153 3947 462 4012 voluntatis
506 3969 640 4012 non
678 3959 772 4014 est
805 3971 917 4032 per
951 3971 1018 4014 se
1063 3954 1260 4014 virtus
1300 3953 1688 4033 Theologiea,

151 4042 280 4117 quia
307 4061 434 4104 non
459 4045 824 4106 immediate
853 4046 1108 4126 attingit
1134 4047 1351 4122 Deum,
1375 4047 1480 4108 sed
1500 4046 1696 4108 alium

150 4140 348 4210 aetum,
395 4156 523 4217 quo
563 4139 898 4216 attingitur
931 4139 1114 4215 Deus,
1147 4140 1304 4200 sicut
1331 4140 1398 4200 in
1437 4141 1697 4201 materia

151 4227 216 4286 de
227 4229 425 4292 Gratia
440 4231 791 4294 ostenditur
811 4233 1099 4308 ¹.Tertio,
1113 4233 1218 4294 ille
1237 4241 1412 4294 actus
1434 4252 1560 4296 non
1586 4252 1697 4314 per

152 4337 208 4380 se
232 4321 389 4384 elicit
425 4331 638 4386 actum
667 4325 977 4404 credendi,
1009 4326 1116 4388 sed
1159 4333 1368 4388 movet
1403 4335 1465 4388 et
1493 4326 1696 4407 appli-

150 4419 235 4472 cat
258 4413 640 4478 intellectum
669 4417 746 4478 ad
779 4418 982 4494 illum,
1009 4437 1209 4498 neque
1232 4417 1401 4479 aliud
1429 4420 1696 4499 amplius

146 4502 324 4568 facere
351 4514 552 4586 potest
576 4523 598 4586 3
631 4509 882 4571 habitus
909 4528 1059 4573 vero
1083 4511 1216 4590 spei
1241 4518 1302 4572 et
1337 4511 1696 4574 immediate

149 4598 297 4659 elicit
339 4609 552 4662 aetum
585 4604 740 4682 spei,
803 4610 866 4664 et
909 4621 1034 4664 non
1067 4603 1268 4664 solum
1316 4603 1497 4666 illum
1517 4647 1538 4676 ,
1590 4605 1698 4667 sed

150 4693 318 4754 etiam
346 4714 627 4758 amorem
659 4705 721 4758 et
747 4697 1071 4776 gaudium.

212 4788 266 4848 6.
314 4790 544 4854 Deinde
579 4791 976 4868 comparando
1018 4808 1155 4852 eum
1187 4791 1386 4854 eadem
1406 4791 1524 4870 fide
1550 4809 1694 4872 qua—

147 4883 302 4943 tenus
315 4883 587 4965 pertinet
627 4883 710 4946 ad
731 4881 1310 4948 intellectum—Ad
1345 4885 1692 4948 contrariae

143 4973 477 5052 objectiones
521 4976 592 5038 iot
617 4993 682 5036 π.
717 4976 998 5038 4.—Jam
1047 4994 1194 5038 vero
1221 4977 1272 5036 si
1307 4983 1700 5054 comparetur

146 5081 270 5143 spes
300 5085 444 5130 cum
475 5066 599 5130 fide
645 5068 916 5148 proprie,
949 5086 1086 5148 quae.
1132 5074 1225 5130 est
1253 5069 1322 5130 in
1353 5068 1692 5145 intellectu,

146 5175 257 5218 non
283 5165 376 5221 est
403 5159 668 5222 dubium
697 5161 850 5240 quin
890 5159 1044 5222 fides
1080 5161 1144 5222 in
1189 5160 1501 5242 aliquibus
1522 5179 1694 5224 exee-

143 5249 256 5325 dat,
283 5252 446 5312 sieut
464 5252 658 5314 etiam
687 5253 1034 5316 seeundum
1054 5253 1203 5333 quid
1228 5261 1476 5334 superat
1500 5255 1690 5316 etiam

143 5343 489 5409 charitatem
505 5363 530 5425 3
563 5353 772 5410 tamen
801 5347 1111 5428 imprimis
1158 5348 1226 5410 in
1263 5367 1396 5412 esse
1419 5349 1692 5426 virtutis,

219 5537 232 5572 ¹
275 5534 406 5600 Lib.
439 5536 480 5602 6
509 5535 838 5618 deGratia,
863 5555 904 5598 a
930 5554 988 5598 c.
1012 5537 1076 5620 8,
1107 5556 1172 5598 n.
1201 5540 1300 5608 Π,

3203 388 3323 451 619

1765 511 1906 572 spes
1931 501 2025 556 est
2062 493 2424 574 simpliciter
2447 494 2793 574 perfectior,
2824 494 2973 574 quia
2999 493 3143 556 lieet
3168 495 3323 557 fides

1766 588 1844 650 sit
1880 589 2076 650 virtus
2122 589 2529 669 Theologalis,
2576 596 2669 650 est
2700 594 2912 650 tamen
2938 588 3323 650 intellectua-

1766 681 1862 756 lis,
1895 691 1959 744 et
2008 701 2083 744 ex
2134 683 2249 746 bac
2298 689 2473 763 parte
2517 685 2710 743 virtus
2758 682 3093 744 seeundum
3132 683 3321 763 quid3

1765 793 1900 856 spes
1925 793 2073 837 vero
2108 781 2203 838 est
2226 777 2418 838 virtus
2436 775 2847 854 Theologalis,
2880 780 2943 836 et
2969 777 3117 855 quia
3148 777 3325 836 estin

1767 869 2069 949 appetitu,
2118 887 2229 948 per
2282 887 2350 932 se
2400 869 2507 930 dat
2562 886 2691 930 non
2725 868 2927 929 solum
2968 867 3326 929 facultatem

1767 961 2087 1041 operandi,
2140 961 2245 1024 sed
2296 963 2483 1024 etiam
2532 962 2863 1024 honestum
2900 979 3119 1036 usum3
3160 960 3327 1024 unde

1770 1073 1880 1134 per
1908 1073 1973 1116 se
2002 1055 2188 1118 habet
2214 1055 2551 1118 bonitatem
2592 1054 2913 1128 moralem,
2960 1060 3023 1116 et
3042 1053 3329 1116 honesta-

1765 1154 1890 1210 tem
1923 1167 2109 1228 quam
2142 1167 2269 1210 non
2316 1149 2503 1211 habet
2550 1148 2723 1221 fides,
2774 1167 2897 1228 qua
2924 1167 3001 1209 ex
3036 1154 3208 1229 parte
3236 1153 3331 1209 est

1766 1241 1832 1302 in
1857 1241 2193 1304 intellectu.
2222 1243 2527 1319 Secundo,
2558 1245 2609 1304 si
2638 1244 2703 1304 hi
2724 1244 2849 1304 duo
2878 1242 3133 1305 habitus
3158 1259 3327 1303 com·

1769 1343 2067 1415 parentur
2091 1336 2159 1398 in
2182 1355 2410 1416 genere
2434 1337 2614 1414 entis,
2642 1339 2731 1398 sie
2760 1354 2859 1398 res
2886 1343 2975 1398 est
2994 1337 3195 1416 magis
3212 1336 3327 1396 du-

1767 1429 1894 1504 bia,
1933 1430 2082 1510 quia
2135 1431 2441 1509 contingit
2464 1431 2781 1492 interdum
2821 1431 3117 1492 virtutem
3150 1431 3331 1492 intel-

1769 1522 2123 1598 lectualem,
2156 1541 2295 1603 quae
2321 1523 2389 1586 in
2414 1542 2545 1586 esse
2574 1524 2817 1585 virtutis
2844 1530 2937 1585 est
2960 1525 3168 1585 minus
3190 1543 3330 1604 per-

1767 1615 1928 1678 fecta
1958 1633 2149 1697 quam
2180 1617 2430 1679 moralis
2453 1617 2666 1693 virtus,
2698 1618 2767 1678 in
2794 1635 3023 1696 genere
3049 1619 3209 1680 entis
3230 1635 3329 1680 es-

1769 1727 1835 1770 se
1857 1709 2312 1790 perfectiorem,
2328 1718 2390 1772 et
2417 1711 2505 1772 ita
2532 1717 2735 1791 posset
2762 1711 3071 1792 quispiam
3098 1717 3333 1773 astrue-

1769 1820 1836 1866 re
1867 1805 1944 1864 de
1968 1803 2090 1866 fide
2112 1811 2175 1866 et
2198 1821 2325 1882 spe.
2354 1805 2473 1867 Sed
2519 1804 2926 1866 nihilominus
2974 1805 3195 1868 melius
3236 1805 3334 1866 di-

1771 1897 1930 1959 eitur
1949 1915 2123 1976 spem
2156 1916 2283 1960 esse
2313 1897 2677 1978 simpliciter
2702 1898 3171 1978 perfectiorem:
3207 1898 3333 1977 pri-

1771 2007 1899 2066 me,
1955 1991 2103 2070 quia
2134 1990 2352 2065 tendit,
2404 1997 2465 2054 et
2512 1992 2765 2070 attingit
2790 1993 2985 2052 Deum
3032 1992 3099 2052 in
3124 2009 3189 2052 se
3216 1989 3331 2050 sub

1775 2084 2015 2146 ratione
2056 2085 2285 2146 summi
2330 2083 2477 2145 boni
2518 2083 2737 2146 nostri.
2793 2083 2971 2146 Unde
2996 2084 3197 2162 magis
3216 2101 3333 2144 nos

1776 2177 2101 2256 conjungit
2128 2196 2269 2239 eum
2298 2179 2443 2253 Deo,
2476 2184 2539 2238 et
2564 2177 2967 2258 propinquior
2990 2183 3085 2238 est
3108 2176 3329 2238 ultimo

1776 2269 1912 2346 fini,
1943 2277 2014 2331 ut
2040 2270 2219 2331 divus
2256 2271 2519 2332 Thomas
2551 2288 2739 2351 supra
2766 2272 2978 2348 doeet;
3006 2287 3154 2331 nam
3180 2269 3333 2332 fides

1775 2362 1955 2424 valde
2004 2364 2341 2424 extrinsece
2378 2368 2665 2443 proponit
2690 2362 2870 2424 nobis
2896 2362 3074 2423 illum
3102 2362 3330 2441 fiuem;

1775 2473 1912 2535 spes
1962 2473 2107 2518 vero
2150 2473 2265 2536 per
2308 2475 2583 2518 amorem
2624 2475 2737 2519 nos
2782 2474 2925 2518 eum
2954 2456 3061 2518 illo
3110 2456 3331 2518 intime

1775 2549 2124 2628 conjungit.
2168 2550 2400 2611 Deinde
2449 2567 2582 2628 spes
2628 2569 2739 2610 suo
2792 2551 2973 2612 modo
3016 2550 3239 2611 nititur
3264 2551 3333 2612 in

1775 2642 2035 2704 veritate
2062 2649 2125 2704 et
2152 2641 2447 2706 fidelitate
2476 2643 2605 2718 Dei,
2636 2649 2701 2705 et
2728 2649 3021 2722 praeterea
3048 2644 3332 2722 omnipo-

1775 2735 1971 2796 tentia
2009 2743 2071 2798 et
2110 2735 2511 2814 liberalitate3
2544 2736 2697 2798 fides
2731 2754 2877 2798 vero
2902 2735 3014 2797 soli
3042 2736 3335 2797 innititur

1776 2828 2047 2905 veritati,
2072 2835 2137 2890 et
2156 2828 2355 2890 solum
2378 2829 2545 2892 elicit
2566 2837 2773 2892 aetum
2802 2829 3089 2892 credendi
3120 2828 3336 2891 obseu-

1775 2941 1912 2982 rum
1947 2929 2011 2984 et
2039 2924 2359 3004 proprium
2393 2923 2543 2996 viae;
2576 2924 2743 2985 unde
2768 2924 2835 2984 in
2862 2941 2927 2985 se
2952 2924 3109 2984 etin
3138 2925 3337 2985 omni·

1774 3016 1890 3078 bus
1945 3017 2187 3078 actibus
2230 3018 2359 3078 suis
2400 3017 2661 3080 includit
2710 3017 2885 3098 quasi
2932 3017 3337 3078 essentialiter

1773 3111 2327 3191 imperfectionem.
2372 3111 2585 3172 Virtus
2628 3118 2841 3173 autem
2866 3111 3019 3192 spei,
3052 3109 3333 3190 quamvis

1774 3209 1977 3283 speret
2020 3209 2083 3264 et
2118 3203 2441 3276 desideret,
2481 3204 2590 3283 qui
2642 3211 2813 3266 actus
2841 3204 3173 3270 includunt
3212 3204 3331 3264 im·

1773 3298 2241 3378 perfectionem,
2271 3304 2483 3360 tamen
2510 3299 2701 3360 etiam
2718 3303 2782 3359 et
2798 3303 2959 3358 amat
2988 3309 3051 3358 et
3076 3297 3327 3374 fruitur,

1772 3393 1938 3474 quod
1976 3411 2105 3456 non
2128 3393 2389 3455 includit
2416 3394 2943 3474 imperfectionem
2976 3413 2993 3468 3
3025 3409 3225 3472 neque
3258 3393 3326 3453 in

1771 3493 1912 3548 actu
1938 3488 2065 3566 spei
2108 3485 2449 3548 includitur
2474 3487 2677 3548 minor
2704 3486 3029 3548 difficultas
3052 3503 3241 3564 quam
3265 3484 3335 3545 in

1771 3589 1911 3640 artu
1962 3579 2106 3642 fidei
2121 3595 2143 3658 ;
2188 3599 2335 3642 nam
2375 3581 2703 3642 efficaciter
2724 3580 3042 3641 intendere
3076 3577 3333 3640 felicita·

1770 3678 1898 3734 tem
1923 3672 2479 3752 supernaturalem,
2513 3680 2573 3734 et
2600 3674 2813 3734 omnia
2839 3673 2919 3734 ad
2946 3673 3113 3732 hune
3138 3670 3333 3732 finem

1773 3765 2063 3844 dirigere,
2082 3766 2389 3828 difficilius
2401 3767 2655 3828 fortasse
2675 3773 2765 3828 est
2786 3783 2975 3846 quam
2990 3765 3189 3826 solum
3206 3783 3335 3826 ere-

1773 3859 1955 3934 dere;
1987 3866 2401 3939 praeterquam
2442 3859 2605 3938 quod
2630 3858 2959 3938 perfectior
2985 3859 3178 3918 virtus
3206 3875 3335 3918 non

1775 3970 1851 4014 ex
1880 3951 2011 4012 sola
2044 3951 2411 4012 difficultate
2460 3952 2775 4031 pensanda
2804 3953 2901 4012 sit.
2936 3953 3025 4012 Ex
3048 3969 3169 4030 quo
3201 3956 3335 4010 tan·

1747 4044 1916 4106 ‚dem
1945 4042 2039 4120 fit,
2070 4045 2122 4104 si
2140 4063 2277 4124 spes
2302 4050 2693 4123 comparetur
2704 4061 2849 4104 cum
2868 4049 2998 4104 tota
3024 4043 3145 4103 fide
3164 4059 3337 4104 eons-

1776 4143 1944 4198 tante
1975 4155 2052 4198 ex
2080 4137 2315 4217 duplici
2338 4136 2583 4211 habitu,
2612 4155 2741 4198 esse
2765 4137 3187 4216 perfectiorem
3203 4135 3331 4211 illa,

1775 4231 1926 4311 quia
1964 4230 2055 4291 illi
2095 4230 2218 4290 duo
2250 4231 2419 4292 modi
2454 4229 2701 4290 habitus
2742 4249 2868 4291 non
2906 4229 3187 4291 efficiunt
3222 4229 3337 4289 ali·

1775 4323 1928 4404 quid
1970 4324 2275 4384 intensive
2316 4323 2665 4402 perfectius.
2712 4323 3002 4385 Rationes
3028 4329 3239 4384 autem
3266 4322 3335 4384 in

1775 4417 2155 4478 contrarium
2179 4433 2256 4478 ex
2279 4415 2461 4476 dietis
2488 4414 2669 4476 facile
2694 4415 3039 4479 solvuntur.

2382 4621 2597 4674 sssc‘no
2621 4623 2726 4675 vn.

2075 4795 2167 4858 De
2206 4795 2416 4858 ordino
2440 4793 2847 4876 ysne-ationis
2882 4795 3033 4876 spei.

1857 4983 1941 5044 De
1972 4983 2171 5044 causis
2211 4989 2273 5044 et
2305 4983 2624 5046 effectibus
2652 4985 2781 5065 spei
2810 4985 2969 5046 nibil
2996 4984 3335 5046 dicendum

1776 5075 2060 5152 occurrit,
2087 5083 2309 5155 praeter
2350 5096 2423 5140 ea
2473 5095 2611 5158 quoe
2656 5079 3009 5141 communia
3052 5078 3145 5140 illi
3190 5085 3339 5140 sunt

1773 5184 1916 5227 eum
1943 5167 2231 5229 omnihus
2251 5159 2566 5232 habitibus
2604 5170 2823 5233 infusis
2852 5193 2869 5232 ε
2900 5171 3099 5233 solum
3124 5172 3203 5234 de
3235 5189 3339 5250 ge-

1775 5259 2094 5322 neratione
2140 5266 2203 5322 et
2247 5264 2639 5342 corruptione
2672 5264 2809 5342 ejus
2847 5271 3123 5344 superest
3166 5265 3339 5325 diea-

1773 5371 1956 5428 mus3
2000 5361 2065 5414 et
2105 5354 2379 5434 primum
2416 5373 2600 5435 quem
2648 5358 2931 5420 ordinem
2976 5359 3042 5420 in
3081 5375 3337 5437 genera-

1773 5446 1944 5508 tione
1970 5453 2173 5510 servet
2211 5448 2375 5509 inter
2418 5449 2674 5511 virtutes
2699 5451 3127 5530 Theologicas3
3168 5449 3337 5530 quod

1776 5538 1978 5619 magis
2005 5539 2072 5599 in
2100 5539 2338 5601 actibus
2363 5558 2551 5630 quam
2585 5542 2651 5604 in
2686 5541 2997 5611 habitibus
3025 5550 3115 5606 est
3143 5541 3337 5629 expli·
