<?xml version="1.0" encoding="UTF-8"?>
<!DOCTYPE html PUBLIC "-//W3C//DTD XHTML 1.0 Transitional//EN"
    "http://www.w3.org/TR/xhtml1/DTD/xhtml1-transitional.dtd">
<html xmlns="http://www.w3.org/1999/xhtml" xml:lang="en" lang="en">
 <head>
  <title>
</title>
<meta http-equiv="Content-Type" content="text/html;charset=utf-8" />
  <meta name='ocr-system' content='tesseract 3.04.00' />
  <meta name='ocr-capabilities' content='ocr_page ocr_carea ocr_par ocr_line ocrx_word'/>
</head>
<body>
  <div class='ocr_page' id='page_1' title='image "./rpfranciscisuar00duvagoog_0044.png"; bbox 0 0 3900 6217; ppageno 0'>
   <div class='ocr_carea' id='block_1_1' title="bbox 522 336 603 397">
    <p class='ocr_par' dir='ltr' id='par_1_1' title="bbox 522 336 603 397">
     <span class='ocr_line' id='line_1_1' title="bbox 522 336 603 397; baseline 0 0"><span class='ocrx_word' id='word_1_1' title='bbox 522 336 603 397; x_wconf 74' lang='lat'>26</span> 
     </span>
    </p>
   </div>
   <div class='ocr_carea' id='block_1_2' title="bbox 517 442 2104 5579">
    <p class='ocr_par' dir='ltr' id='par_1_2' title="bbox 517 442 2100 3049">
     <span class='ocr_line' id='line_1_2' title="bbox 524 442 2091 523; baseline -0.001 -16"><span class='ocrx_word' id='word_1_2' title='bbox 524 447 623 507; x_wconf 75' lang='lat' dir='ltr'>tas</span> <span class='ocrx_word' id='word_1_3' title='bbox 642 442 1013 521; x_wconf 67' lang='lat' dir='ltr'>infallibilis,</span> <span class='ocrx_word' id='word_1_4' title='bbox 1058 460 1173 504; x_wconf 87' lang='lat' dir='ltr'>seu</span> <span class='ocrx_word' id='word_1_5' title='bbox 1202 460 1215 502; x_wconf 94' lang='lat'><strong>:</strong></span> <span class='ocrx_word' id='word_1_6' title='bbox 1250 444 1418 505; x_wconf 73' lang='lat' dir='ltr'>Deus</span> <span class='ocrx_word' id='word_1_7' title='bbox 1456 442 1707 506; x_wconf 73' lang='lat' dir='ltr'>mentiri</span> <span class='ocrx_word' id='word_1_8' title='bbox 1730 460 1853 503; x_wconf 72' lang='lat' dir='ltr'>non</span> <span class='ocrx_word' id='word_1_9' title='bbox 1871 446 2091 523; x_wconf 74' lang='lat' dir='ltr'>potest,</span> 
     </span>
     <span class='ocr_line' id='line_1_3' title="bbox 524 534 2096 615; baseline -0.001 -19"><span class='ocrx_word' id='word_1_10' title='bbox 524 536 673 615; x_wconf 87' lang='lat' dir='ltr'>quia</span> <span class='ocrx_word' id='word_1_11' title='bbox 698 536 1037 615; x_wconf 88' lang='lat' dir='ltr'>ipsummet</span> <span class='ocrx_word' id='word_1_12' title='bbox 1064 535 1299 598; x_wconf 85' lang='lat' dir='ltr'>dictum</span> <span class='ocrx_word' id='word_1_13' title='bbox 1330 536 1441 597; x_wconf 90' lang='lat' dir='ltr'>Dei</span> <span class='ocrx_word' id='word_1_14' title='bbox 1472 554 1601 597; x_wconf 90' lang='lat' dir='ltr'>non</span> <span class='ocrx_word' id='word_1_15' title='bbox 1632 542 1727 597; x_wconf 86' lang='lat' dir='ltr'>est</span> <span class='ocrx_word' id='word_1_16' title='bbox 1764 536 1985 597; x_wconf 74' lang='lat' dir='ltr'>efficax</span> <span class='ocrx_word' id='word_1_17' title='bbox 2013 534 2096 595; x_wconf 88' lang='lat' dir='ltr'>ad</span> 
     </span>
     <span class='ocr_line' id='line_1_4' title="bbox 525 628 2094 703; baseline 0.001 -14"><span class='ocrx_word' id='word_1_18' title='bbox 525 629 923 691; x_wconf 87' lang='lat' dir='ltr'>fundandum</span> <span class='ocrx_word' id='word_1_19' title='bbox 950 648 1279 691; x_wconf 85' lang='lat' dir='ltr'><strong>assensum</strong></span> <span class='ocrx_word' id='word_1_20' title='bbox 1306 629 1452 691; x_wconf 83' lang='lat' dir='ltr'>fidei</span> <span class='ocrx_word' id='word_1_21' title='bbox 1478 630 1597 691; x_wconf 88' lang='lat' dir='ltr'>nisi</span> <span class='ocrx_word' id='word_1_22' title='bbox 1630 631 1697 703; x_wconf 82' lang='lat' dir='ltr'>in</span> <span class='ocrx_word' id='word_1_23' title='bbox 1722 628 1951 691; x_wconf 84' lang='lat' dir='ltr'>virtute</span> <span class='ocrx_word' id='word_1_24' title='bbox 1978 630 2094 691; x_wconf 90' lang='lat' dir='ltr'>hu-</span> 
     </span>
     <span class='ocr_line' id='line_1_5' title="bbox 517 721 2097 804; baseline -0.001 -19"><span class='ocrx_word' id='word_1_25' title='bbox 517 724 625 804; x_wconf 88' lang='lat' dir='ltr'>jus</span> <span class='ocrx_word' id='word_1_26' title='bbox 670 721 971 795; x_wconf 80' lang='lat' dir='ltr'>veritatiS,</span> <span class='ocrx_word' id='word_1_27' title='bbox 1018 728 1081 785; x_wconf 89' lang='lat' dir='ltr'>et</span> <span class='ocrx_word' id='word_1_28' title='bbox 1116 723 1267 785; x_wconf 83' lang='lat' dir='ltr'>ideo</span> <span class='ocrx_word' id='word_1_29' title='bbox 1314 724 1419 785; x_wconf 88' lang='lat' dir='ltr'>illa</span> <span class='ocrx_word' id='word_1_30' title='bbox 1458 724 1653 785; x_wconf 89' lang='lat' dir='ltr'>etiam</span> <span class='ocrx_word' id='word_1_31' title='bbox 1678 770 1681 773; x_wconf 74' lang='lat'><strong>.</strong></span> <span class='ocrx_word' id='word_1_32' title='bbox 1704 723 1894 785; x_wconf 88' lang='lat' dir='ltr'>debet</span> <span class='ocrx_word' id='word_1_33' title='bbox 1930 740 2097 802; x_wconf 70' lang='lat' dir='ltr'>prte-</span> 
     </span>
     <span class='ocr_line' id='line_1_6' title="bbox 521 816 2098 898; baseline -0.001 -20"><span class='ocrx_word' id='word_1_34' title='bbox 521 816 845 898; x_wconf 77' lang='lat' dir='ltr'>cognosci.</span> <span class='ocrx_word' id='word_1_35' title='bbox 874 818 998 879; x_wconf 89' lang='lat' dir='ltr'>Nec</span> <span class='ocrx_word' id='word_1_36' title='bbox 1026 816 1253 877; x_wconf 86' lang='lat' dir='ltr'>suflicit</span> <span class='ocrx_word' id='word_1_37' title='bbox 1288 816 1525 892; x_wconf 90' lang='lat' dir='ltr'>dicere,</span> <span class='ocrx_word' id='word_1_38' title='bbox 1568 816 1741 896; x_wconf 89' lang='lat' dir='ltr'>quod</span> <span class='ocrx_word' id='word_1_39' title='bbox 1779 816 2098 878; x_wconf 81' lang='lat' dir='ltr'>credendo</span> 
     </span>
     <span class='ocr_line' id='line_1_7' title="bbox 523 910 2095 990; baseline 0.001 -19"><span class='ocrx_word' id='word_1_40' title='bbox 523 911 667 985; x_wconf 87' lang='lat' dir='ltr'>hoc,</span> <span class='ocrx_word' id='word_1_41' title='bbox 705 911 851 990; x_wconf 88' lang='lat' dir='ltr'>quia</span> <span class='ocrx_word' id='word_1_42' title='bbox 876 916 971 973; x_wconf 86' lang='lat' dir='ltr'>est</span> <span class='ocrx_word' id='word_1_43' title='bbox 994 910 1229 972; x_wconf 87' lang='lat' dir='ltr'>dietum</span> <span class='ocrx_word' id='word_1_44' title='bbox 1258 928 1297 971; x_wconf 90' lang='lat' dir='ltr'>a</span> <span class='ocrx_word' id='word_1_45' title='bbox 1329 912 1477 985; x_wconf 89' lang='lat' dir='ltr'>Deo,</span> <span class='ocrx_word' id='word_1_46' title='bbox 1512 911 1873 972; x_wconf 86' lang='lat' dir='ltr'>necessario</span> <span class='ocrx_word' id='word_1_47' title='bbox 1907 911 2095 972; x_wconf 87' lang='lat' dir='ltr'>credo</span> 
     </span>
     <span class='ocr_line' id='line_1_8' title="bbox 526 1004 2096 1083; baseline 0.001 -17"><span class='ocrx_word' id='word_1_48' title='bbox 526 1007 723 1066; x_wconf 87' lang='lat' dir='ltr'>Deum</span> <span class='ocrx_word' id='word_1_49' title='bbox 750 1024 878 1066; x_wconf 90' lang='lat' dir='ltr'>non</span> <span class='ocrx_word' id='word_1_50' title='bbox 902 1004 1155 1066; x_wconf 87' lang='lat' dir='ltr'>mentiri</span> <span class='ocrx_word' id='word_1_51' title='bbox 1176 1021 1197 1083; x_wconf 92' lang='lat'>;</span> <span class='ocrx_word' id='word_1_52' title='bbox 1226 1024 1377 1067; x_wconf 81' lang='lat' dir='ltr'>nam</span> <span class='ocrx_word' id='word_1_53' title='bbox 1422 1010 1555 1067; x_wconf 88' lang='lat' dir='ltr'>esto</span> <span class='ocrx_word' id='word_1_54' title='bbox 1588 1004 1711 1067; x_wconf 90' lang='lat' dir='ltr'>hoc</span> <span class='ocrx_word' id='word_1_55' title='bbox 1736 1005 1992 1067; x_wconf 86' lang='lat' dir='ltr'>credam</span> <span class='ocrx_word' id='word_1_56' title='bbox 2016 1005 2096 1067; x_wconf 92' lang='lat' dir='ltr'>de</span> 
     </span>
     <span class='ocr_line' id='line_1_9' title="bbox 522 1098 2098 1179; baseline -0.001 -19"><span class='ocrx_word' id='word_1_57' title='bbox 522 1099 628 1160; x_wconf 92' lang='lat' dir='ltr'>illo</span> <span class='ocrx_word' id='word_1_58' title='bbox 678 1099 1036 1179; x_wconf 80' lang='lat' dir='ltr'><strong>particulari</strong></span> <span class='ocrx_word' id='word_1_59' title='bbox 1096 1105 1267 1172; x_wconf 88' lang='lat' dir='ltr'>actu,</span> <span class='ocrx_word' id='word_1_60' title='bbox 1311 1118 1426 1161; x_wconf 89' lang='lat' dir='ltr'>seu</span> <span class='ocrx_word' id='word_1_61' title='bbox 1474 1098 1743 1178; x_wconf 88' lang='lat' dir='ltr'>objecto,</span> <span class='ocrx_word' id='word_1_62' title='bbox 1803 1116 2098 1161; x_wconf 86' lang='lat' dir='ltr'>necessa·</span> 
     </span>
     <span class='ocr_line' id='line_1_10' title="bbox 522 1190 2090 1271; baseline 0 -19"><span class='ocrx_word' id='word_1_63' title='bbox 522 1192 687 1253; x_wconf 90' lang='lat' dir='ltr'>rium</span> <span class='ocrx_word' id='word_1_64' title='bbox 734 1198 830 1253; x_wconf 86' lang='lat' dir='ltr'>est</span> <span class='ocrx_word' id='word_1_65' title='bbox 876 1198 949 1253; x_wconf 88' lang='lat' dir='ltr'>ut</span> <span class='ocrx_word' id='word_1_66' title='bbox 990 1191 1291 1253; x_wconf 85' lang='lat' dir='ltr'>fundetur</span> <span class='ocrx_word' id='word_1_67' title='bbox 1328 1192 1394 1253; x_wconf 89' lang='lat' dir='ltr'>in</span> <span class='ocrx_word' id='word_1_68' title='bbox 1440 1191 1781 1253; x_wconf 85' lang='lat' dir='ltr'>universali</span> <span class='ocrx_word' id='word_1_69' title='bbox 1829 1190 2090 1271; x_wconf 87' lang='lat' dir='ltr'>judicio,</span> 
     </span>
     <span class='ocr_line' id='line_1_11' title="bbox 524 1284 2094 1365; baseline 0 -20"><span class='ocrx_word' id='word_1_70' title='bbox 524 1284 695 1364; x_wconf 89' lang='lat' dir='ltr'>quod</span> <span class='ocrx_word' id='word_1_71' title='bbox 732 1286 901 1347; x_wconf 86' lang='lat' dir='ltr'>Deus</span> <span class='ocrx_word' id='word_1_72' title='bbox 950 1302 1274 1363; x_wconf 87' lang='lat' dir='ltr'>nunquam</span> <span class='ocrx_word' id='word_1_73' title='bbox 1324 1291 1533 1365; x_wconf 88' lang='lat' dir='ltr'>potest</span> <span class='ocrx_word' id='word_1_74' title='bbox 1580 1286 1854 1359; x_wconf 88' lang='lat' dir='ltr'>mentiri,</span> <span class='ocrx_word' id='word_1_75' title='bbox 1904 1290 2094 1364; x_wconf 86' lang='lat' dir='ltr'>atque</span> 
     </span>
     <span class='ocr_line' id='line_1_12' title="bbox 526 1374 2095 1458; baseline 0.001 -20"><span class='ocrx_word' id='word_1_76' title='bbox 526 1378 687 1439; x_wconf 89' lang='lat' dir='ltr'>adeo</span> <span class='ocrx_word' id='word_1_77' title='bbox 716 1378 888 1458; x_wconf 88' lang='lat' dir='ltr'>quod</span> <span class='ocrx_word' id='word_1_78' title='bbox 912 1378 979 1439; x_wconf 90' lang='lat' dir='ltr'>in</span> <span class='ocrx_word' id='word_1_79' title='bbox 1008 1397 1076 1439; x_wconf 89' lang='lat' dir='ltr'>se</span> <span class='ocrx_word' id='word_1_80' title='bbox 1112 1384 1208 1439; x_wconf 89' lang='lat' dir='ltr'>est</span> <span class='ocrx_word' id='word_1_81' title='bbox 1234 1379 1462 1441; x_wconf 86' lang='lat' dir='ltr'>veritas</span> <span class='ocrx_word' id='word_1_82' title='bbox 1494 1374 1857 1441; x_wconf 71' lang='lat' dir='ltr'><strong>infallibilia.</strong></span> <span class='ocrx_word' id='word_1_83' title='bbox 1888 1378 2095 1441; x_wconf 88' lang='lat' dir='ltr'>Idem-</span> 
     </span>
     <span class='ocr_line' id='line_1_13' title="bbox 524 1472 2094 1551; baseline 0 -20"><span class='ocrx_word' id='word_1_84' title='bbox 524 1490 650 1551; x_wconf 83' lang='lat' dir='ltr'>que</span> <span class='ocrx_word' id='word_1_85' title='bbox 694 1478 789 1533; x_wconf 88' lang='lat' dir='ltr'>est</span> <span class='ocrx_word' id='word_1_86' title='bbox 816 1488 963 1531; x_wconf 89' lang='lat' dir='ltr'>cum</span> <span class='ocrx_word' id='word_1_87' title='bbox 1004 1472 1405 1551; x_wconf 81' lang='lat' dir='ltr'>proportione</span> <span class='ocrx_word' id='word_1_88' title='bbox 1440 1473 1505 1533; x_wconf 90' lang='lat' dir='ltr'>in</span> <span class='ocrx_word' id='word_1_89' title='bbox 1537 1472 1663 1533; x_wconf 85' lang='lat' dir='ltr'>fide</span> <span class='ocrx_word' id='word_1_90' title='bbox 1692 1473 1970 1533; x_wconf 84' lang='lat' dir='ltr'>humana</span> <span class='ocrx_word' id='word_1_91' title='bbox 2005 1472 2094 1549; x_wconf 89' lang='lat' dir='ltr'>(in</span> 
     </span>
     <span class='ocr_line' id='line_1_14' title="bbox 524 1565 2089 1647; baseline 0 -22"><span class='ocrx_word' id='word_1_92' title='bbox 524 1584 651 1645; x_wconf 87' lang='lat' dir='ltr'>qua</span> <span class='ocrx_word' id='word_1_93' title='bbox 693 1565 941 1627; x_wconf 88' lang='lat' dir='ltr'>videtur</span> <span class='ocrx_word' id='word_1_94' title='bbox 984 1566 1287 1629; x_wconf 80' lang='lat' dir='ltr'>committi</span> <span class='ocrx_word' id='word_1_95' title='bbox 1326 1585 1559 1647; x_wconf 84' lang='lat' dir='ltr'>magna</span> <span class='ocrx_word' id='word_1_96' title='bbox 1614 1566 2089 1646; x_wconf 83' lang='lat' dir='ltr'>aequivocatio).</span> 
     </span>
     <span class='ocr_line' id='line_1_15' title="bbox 524 1659 2094 1741; baseline -0.002 -18"><span class='ocrx_word' id='word_1_97' title='bbox 524 1662 683 1723; x_wconf 85' lang='lat' dir='ltr'>Nam</span> <span class='ocrx_word' id='word_1_98' title='bbox 708 1660 853 1722; x_wconf 89' lang='lat' dir='ltr'>licet</span> <span class='ocrx_word' id='word_1_99' title='bbox 881 1660 1197 1722; x_wconf 89' lang='lat' dir='ltr'>credendo</span> <span class='ocrx_word' id='word_1_100' title='bbox 1228 1660 1466 1741; x_wconf 87' lang='lat' dir='ltr'>aliquid</span> <span class='ocrx_word' id='word_1_101' title='bbox 1502 1660 1711 1734; x_wconf 88' lang='lat' dir='ltr'>alicui,</span> <span class='ocrx_word' id='word_1_102' title='bbox 1738 1659 1994 1721; x_wconf 88' lang='lat' dir='ltr'>credam</span> <span class='ocrx_word' id='word_1_103' title='bbox 2025 1660 2094 1720; x_wconf 86' lang='lat' dir='ltr'>in</span> 
     </span>
     <span class='ocr_line' id='line_1_16' title="bbox 526 1752 2097 1829; baseline -0.001 -14"><span class='ocrx_word' id='word_1_104' title='bbox 526 1771 601 1815; x_wconf 91' lang='lat' dir='ltr'>eo</span> <span class='ocrx_word' id='word_1_105' title='bbox 654 1772 783 1815; x_wconf 90' lang='lat' dir='ltr'>non</span> <span class='ocrx_word' id='word_1_106' title='bbox 824 1753 1097 1829; x_wconf 85' lang='lat' dir='ltr'>mentiri,</span> <span class='ocrx_word' id='word_1_107' title='bbox 1152 1759 1360 1816; x_wconf 88' lang='lat' dir='ltr'>tamen</span> <span class='ocrx_word' id='word_1_108' title='bbox 1396 1754 1526 1815; x_wconf 82' lang='lat' dir='ltr'>haec</span> <span class='ocrx_word' id='word_1_109' title='bbox 1554 1752 1711 1815; x_wconf 89' lang='lat' dir='ltr'>fides</span> <span class='ocrx_word' id='word_1_110' title='bbox 1741 1753 2097 1814; x_wconf 86' lang='lat' dir='ltr'>necessario</span> 
     </span>
     <span class='ocr_line' id='line_1_17' title="bbox 526 1848 2097 1928; baseline -0.001 -19"><span class='ocrx_word' id='word_1_111' title='bbox 526 1849 819 1928; x_wconf 85' lang='lat' dir='ltr'>supponit</span> <span class='ocrx_word' id='word_1_112' title='bbox 870 1848 1339 1922; x_wconf 85' lang='lat' dir='ltr'>credulitatem,</span> <span class='ocrx_word' id='word_1_113' title='bbox 1406 1868 1521 1909; x_wconf 89' lang='lat' dir='ltr'>seu</span> <span class='ocrx_word' id='word_1_114' title='bbox 1574 1848 2097 1910; x_wconf 81' lang='lat' dir='ltr'>existimationem</span> 
     </span>
     <span class='ocr_line' id='line_1_18' title="bbox 524 1939 2096 2022; baseline -0.003 -19"><span class='ocrx_word' id='word_1_115' title='bbox 524 1942 605 2003; x_wconf 79' lang='lat' dir='ltr'>(le</span> <span class='ocrx_word' id='word_1_116' title='bbox 634 1941 741 2003; x_wconf 87' lang='lat' dir='ltr'>tali</span> <span class='ocrx_word' id='word_1_117' title='bbox 792 1958 1084 2019; x_wconf 89' lang='lat' dir='ltr'>persona,</span> <span class='ocrx_word' id='word_1_118' title='bbox 1125 1942 1295 2022; x_wconf 89' lang='lat' dir='ltr'>quod</span> <span class='ocrx_word' id='word_1_119' title='bbox 1338 1960 1473 2003; x_wconf 89' lang='lat' dir='ltr'>nou</span> <span class='ocrx_word' id='word_1_120' title='bbox 1499 1943 1657 2004; x_wconf 88' lang='lat' dir='ltr'>solet</span> <span class='ocrx_word' id='word_1_121' title='bbox 1690 1940 1962 2013; x_wconf 89' lang='lat' dir='ltr'>mentiri,</span> <span class='ocrx_word' id='word_1_122' title='bbox 1993 1939 2096 2000; x_wconf 86' lang='lat' dir='ltr'>vel</span> 
     </span>
     <span class='ocr_line' id='line_1_19' title="bbox 525 2035 2095 2117; baseline -0.003 -20"><span class='ocrx_word' id='word_1_123' title='bbox 525 2036 700 2115; x_wconf 93' lang='lat' dir='ltr'>quod</span> <span class='ocrx_word' id='word_1_124' title='bbox 752 2042 845 2097; x_wconf 88' lang='lat' dir='ltr'>est</span> <span class='ocrx_word' id='word_1_125' title='bbox 890 2035 1082 2116; x_wconf 87' lang='lat' dir='ltr'>digna</span> <span class='ocrx_word' id='word_1_126' title='bbox 1122 2036 1229 2097; x_wconf 85' lang='lat' dir='ltr'>tali</span> <span class='ocrx_word' id='word_1_127' title='bbox 1274 2035 1437 2110; x_wconf 82' lang='lat' dir='ltr'>fide3</span> <span class='ocrx_word' id='word_1_128' title='bbox 1494 2035 1581 2097; x_wconf 88' lang='lat' dir='ltr'>sic</span> <span class='ocrx_word' id='word_1_129' title='bbox 1624 2054 1775 2117; x_wconf 82' lang='lat' dir='ltr'>ergo</span> <span class='ocrx_word' id='word_1_130' title='bbox 1828 2041 1921 2096; x_wconf 90' lang='lat' dir='ltr'>est</span> <span class='ocrx_word' id='word_1_131' title='bbox 1950 2052 2095 2095; x_wconf 92' lang='lat' dir='ltr'>cum</span> 
     </span>
     <span class='ocr_line' id='line_1_20' title="bbox 523 2128 2098 2209; baseline -0.001 -20"><span class='ocrx_word' id='word_1_132' title='bbox 523 2130 931 2209; x_wconf 75' lang='lat' dir='ltr'>proportione</span> <span class='ocrx_word' id='word_1_133' title='bbox 968 2131 1037 2190; x_wconf 90' lang='lat' dir='ltr'>in</span> <span class='ocrx_word' id='word_1_134' title='bbox 1087 2130 1401 2209; x_wconf 82' lang='lat' dir='ltr'>praesenti.</span> <span class='ocrx_word' id='word_1_135' title='bbox 1448 2130 1533 2189; x_wconf 91' lang='lat' dir='ltr'>De</span> <span class='ocrx_word' id='word_1_136' title='bbox 1581 2128 1937 2209; x_wconf 82' lang='lat' dir='ltr'>cognitione</span> <span class='ocrx_word' id='word_1_137' title='bbox 1983 2146 2098 2187; x_wconf 83' lang='lat' dir='ltr'>au-</span> 
     </span>
     <span class='ocr_line' id='line_1_21' title="bbox 527 2222 2097 2302; baseline -0.003 -16"><span class='ocrx_word' id='word_1_138' title='bbox 527 2229 655 2286; x_wconf 89' lang='lat' dir='ltr'>tem</span> <span class='ocrx_word' id='word_1_139' title='bbox 721 2224 1006 2285; x_wconf 81' lang='lat' dir='ltr'>evidente</span> <span class='ocrx_word' id='word_1_140' title='bbox 1077 2223 1421 2302; x_wconf 89' lang='lat' dir='ltr'>primorum</span> <span class='ocrx_word' id='word_1_141' title='bbox 1474 2222 1925 2302; x_wconf 81' lang='lat' dir='ltr'>principiorum</span> <span class='ocrx_word' id='word_1_142' title='bbox 1983 2239 2097 2300; x_wconf 91' lang='lat' dir='ltr'>per</span> 
     </span>
     <span class='ocr_line' id='line_1_22' title="bbox 523 2314 2093 2387; baseline -0.001 -10"><span class='ocrx_word' id='word_1_143' title='bbox 523 2318 807 2379; x_wconf 87' lang='lat' dir='ltr'>naturale</span> <span class='ocrx_word' id='word_1_144' title='bbox 846 2316 1064 2377; x_wconf 89' lang='lat' dir='ltr'>lumen</span> <span class='ocrx_word' id='word_1_145' title='bbox 1112 2316 1465 2379; x_wconf 86' lang='lat' dir='ltr'>intellectus</span> <span class='ocrx_word' id='word_1_146' title='bbox 1489 2360 1506 2387; x_wconf 95' lang='lat'>,</span> <span class='ocrx_word' id='word_1_147' title='bbox 1550 2333 1681 2376; x_wconf 90' lang='lat' dir='ltr'>non</span> <span class='ocrx_word' id='word_1_148' title='bbox 1738 2320 1834 2376; x_wconf 89' lang='lat' dir='ltr'>est</span> <span class='ocrx_word' id='word_1_149' title='bbox 1874 2314 2093 2375; x_wconf 87' lang='lat' dir='ltr'>similis</span> 
     </span>
     <span class='ocr_line' id='line_1_23' title="bbox 523 2409 2100 2489; baseline -0.002 -18"><span class='ocrx_word' id='word_1_150' title='bbox 523 2411 722 2483; x_wconf 85' lang='lat' dir='ltr'>ratio;</span> <span class='ocrx_word' id='word_1_151' title='bbox 756 2409 901 2489; x_wconf 88' lang='lat' dir='ltr'>quia</span> <span class='ocrx_word' id='word_1_152' title='bbox 934 2410 1019 2470; x_wconf 88' lang='lat' dir='ltr'>ibi</span> <span class='ocrx_word' id='word_1_153' title='bbox 1048 2409 1263 2469; x_wconf 85' lang='lat' dir='ltr'>lumen</span> <span class='ocrx_word' id='word_1_154' title='bbox 1292 2409 1649 2470; x_wconf 84' lang='lat' dir='ltr'>intellectus</span> <span class='ocrx_word' id='word_1_155' title='bbox 1679 2426 1808 2469; x_wconf 89' lang='lat' dir='ltr'>non</span> <span class='ocrx_word' id='word_1_156' title='bbox 1836 2414 1932 2469; x_wconf 88' lang='lat' dir='ltr'>est</span> <span class='ocrx_word' id='word_1_157' title='bbox 1965 2426 2100 2469; x_wconf 90' lang='lat' dir='ltr'>me-</span> 
     </span>
     <span class='ocr_line' id='line_1_24' title="bbox 524 2499 2094 2581; baseline -0.001 -19"><span class='ocrx_word' id='word_1_158' title='bbox 524 2502 698 2564; x_wconf 87' lang='lat' dir='ltr'>dium</span> <span class='ocrx_word' id='word_1_159' title='bbox 724 2522 839 2564; x_wconf 87' lang='lat' dir='ltr'>seu</span> <span class='ocrx_word' id='word_1_160' title='bbox 864 2502 1022 2564; x_wconf 88' lang='lat' dir='ltr'>ratio</span> <span class='ocrx_word' id='word_1_161' title='bbox 1052 2501 1473 2581; x_wconf 83' lang='lat' dir='ltr'>cognoscendi</span> <span class='ocrx_word' id='word_1_162' title='bbox 1514 2520 1592 2562; x_wconf 86' lang='lat' dir='ltr'>ex</span> <span class='ocrx_word' id='word_1_163' title='bbox 1634 2506 1813 2580; x_wconf 88' lang='lat' dir='ltr'>parte</span> <span class='ocrx_word' id='word_1_164' title='bbox 1842 2499 2094 2579; x_wconf 87' lang='lat' dir='ltr'>objecti,</span> 
     </span>
     <span class='ocr_line' id='line_1_25' title="bbox 526 2593 2100 2673; baseline -0.003 -16"><span class='ocrx_word' id='word_1_165' title='bbox 526 2596 639 2657; x_wconf 90' lang='lat' dir='ltr'>sed</span> <span class='ocrx_word' id='word_1_166' title='bbox 692 2601 933 2657; x_wconf 84' lang='lat' dir='ltr'>tantum</span> <span class='ocrx_word' id='word_1_167' title='bbox 974 2614 1051 2655; x_wconf 85' lang='lat' dir='ltr'>ex</span> <span class='ocrx_word' id='word_1_168' title='bbox 1098 2602 1277 2673; x_wconf 85' lang='lat' dir='ltr'>parte</span> <span class='ocrx_word' id='word_1_169' title='bbox 1306 2595 1645 2673; x_wconf 82' lang='lat' dir='ltr'>potentiae3</span> <span class='ocrx_word' id='word_1_170' title='bbox 1698 2594 1850 2673; x_wconf 90' lang='lat' dir='ltr'>quin</span> <span class='ocrx_word' id='word_1_171' title='bbox 1890 2593 2100 2673; x_wconf 88' lang='lat' dir='ltr'>potius</span> 
     </span>
     <span class='ocr_line' id='line_1_26' title="bbox 522 2688 2098 2771; baseline -0.003 -20"><span class='ocrx_word' id='word_1_172' title='bbox 522 2692 681 2751; x_wconf 85' lang='lat' dir='ltr'>ratio</span> <span class='ocrx_word' id='word_1_173' title='bbox 712 2689 1135 2771; x_wconf 78' lang='lat' dir='ltr'>cognoscendi</span> <span class='ocrx_word' id='word_1_174' title='bbox 1162 2708 1237 2749; x_wconf 87' lang='lat' dir='ltr'>ex</span> <span class='ocrx_word' id='word_1_175' title='bbox 1266 2695 1443 2768; x_wconf 82' lang='lat' dir='ltr'>parte</span> <span class='ocrx_word' id='word_1_176' title='bbox 1480 2688 1709 2767; x_wconf 87' lang='lat' dir='ltr'>objecti</span> <span class='ocrx_word' id='word_1_177' title='bbox 1754 2694 1849 2749; x_wconf 90' lang='lat' dir='ltr'>est</span> <span class='ocrx_word' id='word_1_178' title='bbox 1875 2688 2098 2747; x_wconf 90' lang='lat' dir='ltr'>imme-</span> 
     </span>
     <span class='ocr_line' id='line_1_27' title="bbox 524 2780 2092 2860; baseline -0.003 -17"><span class='ocrx_word' id='word_1_179' title='bbox 524 2783 691 2843; x_wconf 86' lang='lat' dir='ltr'>diata</span> <span class='ocrx_word' id='word_1_180' title='bbox 720 2783 1025 2845; x_wconf 80' lang='lat' dir='ltr'>connexio</span> <span class='ocrx_word' id='word_1_181' title='bbox 1044 2781 1479 2854; x_wconf 86' lang='lat' dir='ltr'>terminorum,</span> <span class='ocrx_word' id='word_1_182' title='bbox 1510 2799 1701 2860; x_wconf 86' lang='lat' dir='ltr'>quam</span> <span class='ocrx_word' id='word_1_183' title='bbox 1736 2780 2092 2841; x_wconf 87' lang='lat' dir='ltr'>intellectus</span> 
     </span>
     <span class='ocr_line' id='line_1_28' title="bbox 524 2872 2096 2955; baseline -0.003 -19"><span class='ocrx_word' id='word_1_184' title='bbox 524 2875 697 2937; x_wconf 88' lang='lat' dir='ltr'>videt</span> <span class='ocrx_word' id='word_1_185' title='bbox 737 2875 999 2955; x_wconf 87' lang='lat' dir='ltr'>cognitis</span> <span class='ocrx_word' id='word_1_186' title='bbox 1040 2874 1345 2947; x_wconf 74' lang='lat' dir='ltr'>terminia,</span> <span class='ocrx_word' id='word_1_187' title='bbox 1391 2875 1561 2953; x_wconf 86' lang='lat' dir='ltr'>quod</span> <span class='ocrx_word' id='word_1_188' title='bbox 1606 2892 1737 2935; x_wconf 88' lang='lat' dir='ltr'>non</span> <span class='ocrx_word' id='word_1_189' title='bbox 1773 2874 1858 2935; x_wconf 88' lang='lat' dir='ltr'>ita</span> <span class='ocrx_word' id='word_1_190' title='bbox 1898 2878 1993 2934; x_wconf 84' lang='lat' dir='ltr'>est</span> <span class='ocrx_word' id='word_1_191' title='bbox 2033 2872 2096 2933; x_wconf 91' lang='lat' dir='ltr'>in</span> 
     </span>
     <span class='ocr_line' id='line_1_29' title="bbox 527 2966 1449 3049; baseline -0.003 -19"><span class='ocrx_word' id='word_1_192' title='bbox 527 2968 843 3049; x_wconf 83' lang='lat' dir='ltr'>praesenti,</span> <span class='ocrx_word' id='word_1_193' title='bbox 874 2974 945 3029; x_wconf 88' lang='lat' dir='ltr'>ut</span> <span class='ocrx_word' id='word_1_194' title='bbox 972 2966 1449 3029; x_wconf 62' lang='lat' dir='ltr'>declaravimus</span> 
     </span>
    </p>

    <p class='ocr_par' dir='ltr' id='par_1_3' title="bbox 524 3060 2104 5579">
     <span class='ocr_line' id='line_1_30' title="bbox 608 3060 2101 3143; baseline -0.004 -19"><span class='ocrx_word' id='word_1_195' title='bbox 608 3064 709 3124; x_wconf 76' lang='lat'>12.</span> <span class='ocrx_word' id='word_1_196' title='bbox 740 3060 841 3125; x_wconf 82' lang='lat' dir='ltr'>Ad</span> <span class='ocrx_word' id='word_1_197' title='bbox 859 3060 1129 3143; x_wconf 80' lang='lat' dir='ltr'>primum</span> <span class='ocrx_word' id='word_1_198' title='bbox 1150 3062 1615 3137; x_wconf 66' lang='lat' dir='ltr'>fundamentum</span> <span class='ocrx_word' id='word_1_199' title='bbox 1636 3060 1705 3122; x_wconf 80' lang='lat' dir='ltr'>in</span> <span class='ocrx_word' id='word_1_200' title='bbox 1728 3077 1896 3122; x_wconf 74' lang='lat' dir='ltr'>num.</span> <span class='ocrx_word' id='word_1_201' title='bbox 1925 3061 1986 3120; x_wconf 70' lang='lat'>4.</span> <span class='ocrx_word' id='word_1_202' title='bbox 2019 3090 2101 3103; x_wconf 96' lang='lat'><strong>—</strong></span> 
     </span>
     <span class='ocr_line' id='line_1_31' title="bbox 528 3153 2094 3237; baseline -0.004 -19"><span class='ocrx_word' id='word_1_203' title='bbox 528 3156 623 3218; x_wconf 73' lang='lat' dir='ltr'>Ad</span> <span class='ocrx_word' id='word_1_204' title='bbox 654 3157 919 3237; x_wconf 83' lang='lat' dir='ltr'>primam</span> <span class='ocrx_word' id='word_1_205' title='bbox 946 3175 1099 3235; x_wconf 86' lang='lat' dir='ltr'>ergo</span> <span class='ocrx_word' id='word_1_206' title='bbox 1134 3156 1447 3217; x_wconf 88' lang='lat' dir='ltr'>rationem</span> <span class='ocrx_word' id='word_1_207' title='bbox 1488 3155 1712 3234; x_wconf 89' lang='lat' dir='ltr'>prioris</span> <span class='ocrx_word' id='word_1_208' title='bbox 1742 3153 2094 3225; x_wconf 74' lang='lat' dir='ltr'>sententiae,</span> 
     </span>
     <span class='ocr_line' id='line_1_32' title="bbox 526 3245 2101 3329; baseline -0.003 -18"><span class='ocrx_word' id='word_1_209' title='bbox 526 3268 665 3329; x_wconf 84' lang='lat' dir='ltr'>quae</span> <span class='ocrx_word' id='word_1_210' title='bbox 714 3256 849 3311; x_wconf 87' lang='lat' dir='ltr'>erat</span> <span class='ocrx_word' id='word_1_211' title='bbox 886 3250 966 3311; x_wconf 93' lang='lat' dir='ltr'>de</span> <span class='ocrx_word' id='word_1_212' title='bbox 1000 3249 1287 3311; x_wconf 81' lang='lat' dir='ltr'>discursu</span> <span class='ocrx_word' id='word_1_213' title='bbox 1317 3247 1487 3319; x_wconf 84' lang='lat' dir='ltr'>fidei,</span> <span class='ocrx_word' id='word_1_214' title='bbox 1520 3247 1715 3328; x_wconf 81' lang='lat' dir='ltr'>aliqui</span> <span class='ocrx_word' id='word_1_215' title='bbox 1748 3264 1879 3307; x_wconf 88' lang='lat' dir='ltr'>non</span> <span class='ocrx_word' id='word_1_216' title='bbox 1918 3245 2101 3307; x_wconf 88' lang='lat' dir='ltr'>dubi·</span> 
     </span>
     <span class='ocr_line' id='line_1_33' title="bbox 524 3340 2094 3415; baseline -0.003 -11"><span class='ocrx_word' id='word_1_217' title='bbox 524 3350 661 3405; x_wconf 89' lang='lat' dir='ltr'>tant</span> <span class='ocrx_word' id='word_1_218' title='bbox 683 3343 1033 3405; x_wconf 82' lang='lat' dir='ltr'>concedere</span> <span class='ocrx_word' id='word_1_219' title='bbox 1054 3342 1247 3404; x_wconf 82' lang='lat' dir='ltr'>fidem</span> <span class='ocrx_word' id='word_1_220' title='bbox 1277 3342 1591 3415; x_wconf 85' lang='lat' dir='ltr'>assentiri,</span> <span class='ocrx_word' id='word_1_221' title='bbox 1614 3340 1930 3402; x_wconf 80' lang='lat' dir='ltr'>mediante</span> <span class='ocrx_word' id='word_1_222' title='bbox 1967 3340 2094 3400; x_wconf 88' lang='lat' dir='ltr'>dis·-</span> 
     </span>
     <span class='ocr_line' id='line_1_34' title="bbox 528 3434 2094 3516; baseline -0.003 -19"><span class='ocrx_word' id='word_1_223' title='bbox 528 3455 750 3508; x_wconf 78' lang='lat' dir='ltr'>cursu3</span> <span class='ocrx_word' id='word_1_224' title='bbox 790 3436 903 3497; x_wconf 90' lang='lat' dir='ltr'>sed</span> <span class='ocrx_word' id='word_1_225' title='bbox 950 3455 1069 3516; x_wconf 86' lang='lat' dir='ltr'>ego</span> <span class='ocrx_word' id='word_1_226' title='bbox 1118 3438 1239 3498; x_wconf 89' lang='lat' dir='ltr'>hoc</span> <span class='ocrx_word' id='word_1_227' title='bbox 1276 3454 1447 3497; x_wconf 88' lang='lat' dir='ltr'>nunc</span> <span class='ocrx_word' id='word_1_228' title='bbox 1494 3452 1625 3495; x_wconf 88' lang='lat' dir='ltr'>non</span> <span class='ocrx_word' id='word_1_229' title='bbox 1657 3434 1911 3505; x_wconf 79' lang='lat' dir='ltr'>definio,</span> <span class='ocrx_word' id='word_1_230' title='bbox 1943 3451 2094 3493; x_wconf 86' lang='lat' dir='ltr'>nam</span> 
     </span>
     <span class='ocr_line' id='line_1_35' title="bbox 527 3530 2096 3609; baseline -0.003 -17"><span class='ocrx_word' id='word_1_231' title='bbox 527 3532 607 3592; x_wconf 91' lang='lat' dir='ltr'>de</span> <span class='ocrx_word' id='word_1_232' title='bbox 636 3531 740 3591; x_wconf 90' lang='lat' dir='ltr'>illo</span> <span class='ocrx_word' id='word_1_233' title='bbox 780 3530 987 3592; x_wconf 88' lang='lat' dir='ltr'>dicam</span> <span class='ocrx_word' id='word_1_234' title='bbox 1030 3531 1214 3604; x_wconf 76' lang='lat' dir='ltr'>infra,</span> <span class='ocrx_word' id='word_1_235' title='bbox 1264 3530 1494 3609; x_wconf 88' lang='lat' dir='ltr'>disput.</span> <span class='ocrx_word' id='word_1_236' title='bbox 1534 3530 1605 3600; x_wconf 88' lang='grc'>6,</span> <span class='ocrx_word' id='word_1_237' title='bbox 1644 3534 1795 3589; x_wconf 88' lang='lat' dir='ltr'>sect.</span> <span class='ocrx_word' id='word_1_238' title='bbox 1845 3530 1908 3601; x_wconf 74' lang='lat'>4,</span> <span class='ocrx_word' id='word_1_239' title='bbox 1937 3533 2096 3589; x_wconf 79' lang='lat' dir='ltr'>trac-</span> 
     </span>
     <span class='ocr_line' id='line_1_36' title="bbox 528 3622 2098 3698; baseline -0.003 -11"><span class='ocrx_word' id='word_1_240' title='bbox 528 3624 719 3687; x_wconf 84' lang='lat' dir='ltr'>tando</span> <span class='ocrx_word' id='word_1_241' title='bbox 765 3625 842 3687; x_wconf 90' lang='lat' dir='ltr'>de</span> <span class='ocrx_word' id='word_1_242' title='bbox 900 3631 1045 3686; x_wconf 86' lang='lat' dir='ltr'>actu</span> <span class='ocrx_word' id='word_1_243' title='bbox 1084 3624 1268 3698; x_wconf 84' lang='lat' dir='ltr'>fidei;</span> <span class='ocrx_word' id='word_1_244' title='bbox 1318 3643 1488 3685; x_wconf 90' lang='lat' dir='ltr'>nunc</span> <span class='ocrx_word' id='word_1_245' title='bbox 1523 3629 1735 3685; x_wconf 87' lang='lat' dir='ltr'>autem</span> <span class='ocrx_word' id='word_1_246' title='bbox 1778 3622 1960 3683; x_wconf 84' lang='lat' dir='ltr'>facile</span> <span class='ocrx_word' id='word_1_247' title='bbox 1997 3640 2098 3683; x_wconf 87' lang='lat' dir='ltr'>re-</span> 
     </span>
     <span class='ocr_line' id='line_1_37' title="bbox 529 3714 2098 3798; baseline -0.002 -20"><span class='ocrx_word' id='word_1_248' title='bbox 529 3718 822 3797; x_wconf 83' lang='lat' dir='ltr'>sponderi</span> <span class='ocrx_word' id='word_1_249' title='bbox 854 3724 1060 3796; x_wconf 85' lang='lat' dir='ltr'>potest</span> <span class='ocrx_word' id='word_1_250' title='bbox 1087 3718 1378 3798; x_wconf 85' lang='lat' dir='ltr'>negando</span> <span class='ocrx_word' id='word_1_251' title='bbox 1408 3716 1756 3796; x_wconf 81' lang='lat' dir='ltr'>sequelam.</span> <span class='ocrx_word' id='word_1_252' title='bbox 1790 3714 1974 3777; x_wconf 82' lang='lat' dir='ltr'>Aliud</span> <span class='ocrx_word' id='word_1_253' title='bbox 2003 3720 2098 3775; x_wconf 89' lang='lat' dir='ltr'>est</span> 
     </span>
     <span class='ocr_line' id='line_1_38' title="bbox 530 3809 2099 3892; baseline -0.003 -19"><span class='ocrx_word' id='word_1_254' title='bbox 530 3813 699 3873; x_wconf 83' lang='lat' dir='ltr'>enim</span> <span class='ocrx_word' id='word_1_255' title='bbox 733 3812 1015 3892; x_wconf 83' lang='lat' dir='ltr'>indigere</span> <span class='ocrx_word' id='word_1_256' title='bbox 1057 3813 1441 3873; x_wconf 86' lang='lat' dir='ltr'>intellectum</span> <span class='ocrx_word' id='word_1_257' title='bbox 1470 3810 1927 3890; x_wconf 72' lang='lat' dir='ltr'>compositione</span> <span class='ocrx_word' id='word_1_258' title='bbox 1957 3809 2099 3889; x_wconf 90' lang='lat' dir='ltr'>plu-</span> 
     </span>
     <span class='ocr_line' id='line_1_39' title="bbox 528 3902 2096 3987; baseline -0.003 -19"><span class='ocrx_word' id='word_1_259' title='bbox 528 3908 693 3969; x_wconf 85' lang='lat' dir='ltr'>rium</span> <span class='ocrx_word' id='word_1_260' title='bbox 742 3907 1275 3987; x_wconf 79' lang='lat' dir='ltr'>propositionum,</span> <span class='ocrx_word' id='word_1_261' title='bbox 1324 3912 1387 3967; x_wconf 90' lang='lat' dir='ltr'>et</span> <span class='ocrx_word' id='word_1_262' title='bbox 1435 3905 1697 3966; x_wconf 85' lang='lat' dir='ltr'>transitu</span> <span class='ocrx_word' id='word_1_263' title='bbox 1716 3904 1809 3982; x_wconf 88' lang='lat' dir='ltr'>(ut</span> <span class='ocrx_word' id='word_1_264' title='bbox 1858 3903 1949 3965; x_wconf 88' lang='lat' dir='ltr'>sic</span> <span class='ocrx_word' id='word_1_265' title='bbox 2006 3902 2096 3964; x_wconf 89' lang='lat' dir='ltr'>di-</span> 
     </span>
     <span class='ocr_line' id='line_1_40' title="bbox 530 3997 2098 4079; baseline -0.004 -16"><span class='ocrx_word' id='word_1_266' title='bbox 530 4004 691 4079; x_wconf 85' lang='lat' dir='ltr'>cam)</span> <span class='ocrx_word' id='word_1_267' title='bbox 733 4002 919 4061; x_wconf 87' lang='lat' dir='ltr'>unius</span> <span class='ocrx_word' id='word_1_268' title='bbox 948 4001 1029 4062; x_wconf 88' lang='lat' dir='ltr'>ad</span> <span class='ocrx_word' id='word_1_269' title='bbox 1082 4000 1303 4072; x_wconf 89' lang='lat' dir='ltr'>aliam,</span> <span class='ocrx_word' id='word_1_270' title='bbox 1340 3998 1421 4060; x_wconf 85' lang='lat' dir='ltr'>ad</span> <span class='ocrx_word' id='word_1_271' title='bbox 1464 3997 1946 4077; x_wconf 88' lang='lat' dir='ltr'>concipiendum</span> <span class='ocrx_word' id='word_1_272' title='bbox 1997 4015 2098 4057; x_wconf 85' lang='lat' dir='ltr'>as-</span> 
     </span>
     <span class='ocr_line' id='line_1_41' title="bbox 530 4090 2098 4169; baseline -0.004 -12"><span class='ocrx_word' id='word_1_273' title='bbox 530 4113 787 4157; x_wconf 88' lang='lat' dir='ltr'>sensum</span> <span class='ocrx_word' id='word_1_274' title='bbox 836 4094 1019 4166; x_wconf 74' lang='lat' dir='ltr'>fidei3</span> <span class='ocrx_word' id='word_1_275' title='bbox 1074 4093 1249 4154; x_wconf 90' lang='lat' dir='ltr'>aliud</span> <span class='ocrx_word' id='word_1_276' title='bbox 1296 4110 1444 4153; x_wconf 87' lang='lat' dir='ltr'>vero</span> <span class='ocrx_word' id='word_1_277' title='bbox 1498 4098 1593 4153; x_wconf 89' lang='lat' dir='ltr'>est</span> <span class='ocrx_word' id='word_1_278' title='bbox 1642 4090 1932 4151; x_wconf 76' lang='lat' dir='ltr'>assentiri</span> <span class='ocrx_word' id='word_1_279' title='bbox 1982 4108 2098 4169; x_wconf 89' lang='lat' dir='ltr'>per</span> 
     </span>
     <span class='ocr_line' id='line_1_42' title="bbox 528 4182 2096 4249; baseline -0.003 0"><span class='ocrx_word' id='word_1_280' title='bbox 528 4186 719 4249; x_wconf 88' lang='lat' dir='ltr'>fidem</span> <span class='ocrx_word' id='word_1_281' title='bbox 750 4206 829 4249; x_wconf 83' lang='lat' dir='ltr'>ex</span> <span class='ocrx_word' id='word_1_282' title='bbox 862 4187 923 4248; x_wconf 90' lang='lat' dir='ltr'>vi</span> <span class='ocrx_word' id='word_1_283' title='bbox 954 4187 1295 4248; x_wconf 61' lang='lat' dir='ltr'>discursus</span> <span class='ocrx_word' id='word_1_284' title='bbox 1338 4186 1615 4248; x_wconf 89' lang='lat' dir='ltr'>Primum</span> <span class='ocrx_word' id='word_1_285' title='bbox 1655 4182 1825 4245; x_wconf 87' lang='lat' dir='ltr'>enim</span> <span class='ocrx_word' id='word_1_286' title='bbox 1864 4190 1961 4245; x_wconf 91' lang='lat' dir='ltr'>est</span> <span class='ocrx_word' id='word_1_287' title='bbox 1991 4202 2096 4244; x_wconf 90' lang='lat' dir='ltr'>ve-</span> 
     </span>
     <span class='ocr_line' id='line_1_43' title="bbox 529 4277 2098 4359; baseline -0.003 -17"><span class='ocrx_word' id='word_1_288' title='bbox 529 4298 693 4355; x_wconf 87' lang='lat' dir='ltr'>rum,</span> <span class='ocrx_word' id='word_1_289' title='bbox 728 4287 791 4342; x_wconf 89' lang='lat' dir='ltr'>et</span> <span class='ocrx_word' id='word_1_290' title='bbox 816 4280 1086 4350; x_wconf 82' lang='lat' dir='ltr'>maxime</span> <span class='ocrx_word' id='word_1_291' title='bbox 1111 4285 1403 4359; x_wconf 84' lang='lat' dir='ltr'>respectu</span> <span class='ocrx_word' id='word_1_292' title='bbox 1429 4278 1679 4339; x_wconf 85' lang='lat' dir='ltr'>illarum</span> <span class='ocrx_word' id='word_1_293' title='bbox 1722 4277 2098 4357; x_wconf 84' lang='lat' dir='ltr'>propositio-</span> 
     </span>
     <span class='ocr_line' id='line_1_44' title="bbox 531 4370 2100 4454; baseline -0.004 -18"><span class='ocrx_word' id='word_1_294' title='bbox 531 4394 707 4448; x_wconf 88' lang='lat' dir='ltr'>num,</span> <span class='ocrx_word' id='word_1_295' title='bbox 737 4392 877 4454; x_wconf 82' lang='lat' dir='ltr'>quae</span> <span class='ocrx_word' id='word_1_296' title='bbox 913 4392 1043 4435; x_wconf 89' lang='lat' dir='ltr'>non</span> <span class='ocrx_word' id='word_1_297' title='bbox 1073 4380 1219 4436; x_wconf 83' lang='lat' dir='ltr'>sunt</span> <span class='ocrx_word' id='word_1_298' title='bbox 1246 4373 1405 4435; x_wconf 85' lang='lat' dir='ltr'>ratio</span> <span class='ocrx_word' id='word_1_299' title='bbox 1434 4371 1757 4445; x_wconf 85' lang='lat' dir='ltr'>credendi,</span> <span class='ocrx_word' id='word_1_300' title='bbox 1790 4388 1996 4450; x_wconf 87' lang='lat' dir='ltr'>neque</span> <span class='ocrx_word' id='word_1_301' title='bbox 2025 4370 2100 4430; x_wconf 81' lang='lat' dir='ltr'>il-</span> 
     </span>
     <span class='ocr_line' id='line_1_45' title="bbox 528 4464 2099 4543; baseline -0.003 -15"><span class='ocrx_word' id='word_1_302' title='bbox 528 4469 655 4529; x_wconf 90' lang='lat' dir='ltr'>lam</span> <span class='ocrx_word' id='word_1_303' title='bbox 682 4468 747 4528; x_wconf 90' lang='lat' dir='ltr'>in</span> <span class='ocrx_word' id='word_1_304' title='bbox 781 4486 849 4529; x_wconf 87' lang='lat' dir='ltr'>se</span> <span class='ocrx_word' id='word_1_305' title='bbox 878 4466 1218 4529; x_wconf 88' lang='lat' dir='ltr'>continent.</span> <span class='ocrx_word' id='word_1_306' title='bbox 1254 4468 1331 4527; x_wconf 89' lang='lat' dir='ltr'>Et</span> <span class='ocrx_word' id='word_1_307' title='bbox 1356 4467 1478 4527; x_wconf 89' lang='lat' dir='ltr'>hoc</span> <span class='ocrx_word' id='word_1_308' title='bbox 1508 4466 1713 4527; x_wconf 89' lang='lat' dir='ltr'>solum</span> <span class='ocrx_word' id='word_1_309' title='bbox 1741 4464 1966 4543; x_wconf 87' lang='lat' dir='ltr'>probat</span> <span class='ocrx_word' id='word_1_310' title='bbox 1995 4464 2099 4524; x_wconf 88' lang='lat' dir='ltr'>illa</span> 
     </span>
     <span class='ocr_line' id='line_1_46' title="bbox 531 4556 2100 4642; baseline -0.003 -21"><span class='ocrx_word' id='word_1_311' title='bbox 531 4561 732 4642; x_wconf 84' lang='lat' dir='ltr'>prima</span> <span class='ocrx_word' id='word_1_312' title='bbox 757 4560 915 4621; x_wconf 87' lang='lat' dir='ltr'>ratio</span> <span class='ocrx_word' id='word_1_313' title='bbox 950 4580 965 4619; x_wconf 74' lang='grc' dir='ltr'>ε</span> <span class='ocrx_word' id='word_1_314' title='bbox 997 4561 1124 4621; x_wconf 90' lang='lat' dir='ltr'>imo</span> <span class='ocrx_word' id='word_1_315' title='bbox 1154 4560 1315 4621; x_wconf 82' lang='lat' dir='ltr'>infra</span> <span class='ocrx_word' id='word_1_316' title='bbox 1336 4560 1740 4621; x_wconf 87' lang='lat' dir='ltr'>ostendemus</span> <span class='ocrx_word' id='word_1_317' title='bbox 1760 4556 1929 4619; x_wconf 90' lang='lat' dir='ltr'>idem</span> <span class='ocrx_word' id='word_1_318' title='bbox 1961 4575 2100 4617; x_wconf 86' lang='lat' dir='ltr'>esse</span> 
     </span>
     <span class='ocr_line' id='line_1_47' title="bbox 533 4650 2100 4734; baseline -0.003 -18"><span class='ocrx_word' id='word_1_319' title='bbox 533 4674 648 4716; x_wconf 89' lang='lat' dir='ltr'>suo</span> <span class='ocrx_word' id='word_1_320' title='bbox 674 4653 863 4715; x_wconf 89' lang='lat' dir='ltr'>modo</span> <span class='ocrx_word' id='word_1_321' title='bbox 894 4654 1360 4727; x_wconf 58' lang='lat' dir='ltr'>necessarium·</span> <span class='ocrx_word' id='word_1_322' title='bbox 1388 4659 1645 4732; x_wconf 86' lang='lat' dir='ltr'>propter</span> <span class='ocrx_word' id='word_1_323' title='bbox 1672 4650 2100 4734; x_wconf 72' lang='lat' dir='ltr'>=sufficientem</span> 
     </span>
     <span class='ocr_line' id='line_1_48' title="bbox 531 4746 2100 4830; baseline -0.004 -21"><span class='ocrx_word' id='word_1_324' title='bbox 531 4747 1023 4830; x_wconf 85' lang='lat' dir='ltr'>propositionem</span> <span class='ocrx_word' id='word_1_325' title='bbox 1074 4746 1244 4808; x_wconf 86' lang='lat' dir='ltr'>fidei.</span> <span class='ocrx_word' id='word_1_326' title='bbox 1294 4747 1657 4809; x_wconf 88' lang='lat' dir='ltr'>Secundum</span> <span class='ocrx_word' id='word_1_327' title='bbox 1711 4749 1923 4805; x_wconf 88' lang='lat' dir='ltr'>autem</span> <span class='ocrx_word' id='word_1_328' title='bbox 1971 4761 2100 4804; x_wconf 88' lang='lat' dir='ltr'>non</span> 
     </span>
     <span class='ocr_line' id='line_1_49' title="bbox 533 4838 2096 4918; baseline -0.004 -15"><span class='ocrx_word' id='word_1_329' title='bbox 533 4848 629 4903; x_wconf 86' lang='lat' dir='ltr'>est</span> <span class='ocrx_word' id='word_1_330' title='bbox 652 4840 1103 4909; x_wconf 87' lang='lat' dir='ltr'>necessarium,</span> <span class='ocrx_word' id='word_1_331' title='bbox 1152 4840 1298 4918; x_wconf 86' lang='lat' dir='ltr'>quia</span> <span class='ocrx_word' id='word_1_332' title='bbox 1340 4840 1627 4901; x_wconf 80' lang='lat' dir='ltr'>assentiri</span> <span class='ocrx_word' id='word_1_333' title='bbox 1658 4858 1737 4899; x_wconf 78' lang='lat' dir='ltr'>ex</span> <span class='ocrx_word' id='word_1_334' title='bbox 1784 4838 2096 4909; x_wconf 85' lang='lat' dir='ltr'>discursu,</span> 
     </span>
     <span class='ocr_line' id='line_1_50' title="bbox 533 4933 2096 5012; baseline -0.004 -15"><span class='ocrx_word' id='word_1_335' title='bbox 533 4938 629 4997; x_wconf 88' lang='lat' dir='ltr'>est</span> <span class='ocrx_word' id='word_1_336' title='bbox 664 4934 911 4997; x_wconf 80' lang='lat' dir='ltr'>fundari</span> <span class='ocrx_word' id='word_1_337' title='bbox 943 4935 1007 4995; x_wconf 90' lang='lat' dir='ltr'>in</span> <span class='ocrx_word' id='word_1_338' title='bbox 1051 4934 1179 5005; x_wconf 81' lang='lat' dir='ltr'>illo,</span> <span class='ocrx_word' id='word_1_339' title='bbox 1206 4933 1293 4994; x_wconf 86' lang='lat' dir='ltr'>ita</span> <span class='ocrx_word' id='word_1_340' title='bbox 1328 4940 1399 4995; x_wconf 89' lang='lat' dir='ltr'>ut</span> <span class='ocrx_word' id='word_1_341' title='bbox 1424 4952 1615 4994; x_wconf 85' lang='lat' dir='ltr'>causa</span> <span class='ocrx_word' id='word_1_342' title='bbox 1641 4951 1755 5012; x_wconf 90' lang='lat' dir='ltr'>per</span> <span class='ocrx_word' id='word_1_343' title='bbox 1784 4948 1851 4992; x_wconf 89' lang='lat' dir='ltr'>se</span> <span class='ocrx_word' id='word_1_344' title='bbox 1878 4948 2096 4992; x_wconf 89' lang='lat' dir='ltr'>assen-</span> 
     </span>
     <span class='ocr_line' id='line_1_51' title="bbox 531 5025 2095 5096; baseline -0.002 -7"><span class='ocrx_word' id='word_1_345' title='bbox 531 5028 727 5093; x_wconf 84' lang='lat' dir='ltr'>tiendi</span> <span class='ocrx_word' id='word_1_346' title='bbox 760 5028 839 5089; x_wconf 83' lang='lat' dir='ltr'>sit</span> <span class='ocrx_word' id='word_1_347' title='bbox 862 5027 1167 5089; x_wconf 83' lang='lat' dir='ltr'>connexio</span> <span class='ocrx_word' id='word_1_348' title='bbox 1194 5032 1616 5088; x_wconf 84' lang='lat' dir='ltr'>extremorum</span> <span class='ocrx_word' id='word_1_349' title='bbox 1664 5044 1809 5087; x_wconf 89' lang='lat' dir='ltr'>cum</span> <span class='ocrx_word' id='word_1_350' title='bbox 1846 5025 2095 5096; x_wconf 84' lang='lat' dir='ltr'>medio;</span> 
     </span>
     <span class='ocr_line' id='line_1_52' title="bbox 533 5119 2102 5185; baseline -0.003 -1"><span class='ocrx_word' id='word_1_351' title='bbox 533 5141 661 5184; x_wconf 90' lang='lat' dir='ltr'>nou</span> <span class='ocrx_word' id='word_1_352' title='bbox 689 5128 783 5185; x_wconf 85' lang='lat' dir='ltr'>est</span> <span class='ocrx_word' id='word_1_353' title='bbox 820 5128 1033 5183; x_wconf 87' lang='lat' dir='ltr'>autem</span> <span class='ocrx_word' id='word_1_354' title='bbox 1070 5138 1333 5183; x_wconf 86' lang='lat' dir='ltr'>necesse</span> <span class='ocrx_word' id='word_1_355' title='bbox 1376 5125 1445 5182; x_wconf 92' lang='lat' dir='ltr'>ut</span> <span class='ocrx_word' id='word_1_356' title='bbox 1489 5119 1647 5183; x_wconf 89' lang='lat' dir='ltr'>fides</span> <span class='ocrx_word' id='word_1_357' title='bbox 1674 5120 1766 5181; x_wconf 88' lang='lat' dir='ltr'>sic</span> <span class='ocrx_word' id='word_1_358' title='bbox 1796 5119 2102 5182; x_wconf 85' lang='lat' dir='ltr'>assentia-</span> 
     </span>
     <span class='ocr_line' id='line_1_53' title="bbox 532 5212 2102 5294; baseline -0.003 -16"><span class='ocrx_word' id='word_1_359' title='bbox 532 5223 659 5292; x_wconf 88' lang='lat' dir='ltr'>tur,</span> <span class='ocrx_word' id='word_1_360' title='bbox 708 5215 822 5277; x_wconf 86' lang='lat' dir='ltr'>sed</span> <span class='ocrx_word' id='word_1_361' title='bbox 868 5221 1201 5294; x_wconf 84' lang='lat' dir='ltr'>postquam</span> <span class='ocrx_word' id='word_1_362' title='bbox 1252 5214 1607 5277; x_wconf 87' lang='lat' dir='ltr'>intellectus</span> <span class='ocrx_word' id='word_1_363' title='bbox 1660 5212 1931 5292; x_wconf 88' lang='lat' dir='ltr'>concipit</span> <span class='ocrx_word' id='word_1_364' title='bbox 1971 5230 2102 5274; x_wconf 88' lang='lat' dir='ltr'>me-</span> 
     </span>
     <span class='ocr_line' id='line_1_54' title="bbox 534 5306 2100 5386; baseline -0.003 -16"><span class='ocrx_word' id='word_1_365' title='bbox 534 5310 709 5371; x_wconf 90' lang='lat' dir='ltr'>dium</span> <span class='ocrx_word' id='word_1_366' title='bbox 742 5308 887 5369; x_wconf 85' lang='lat' dir='ltr'>fidei</span> <span class='ocrx_word' id='word_1_367' title='bbox 918 5308 1301 5369; x_wconf 86' lang='lat' dir='ltr'>sufficienter</span> <span class='ocrx_word' id='word_1_368' title='bbox 1336 5306 1633 5386; x_wconf 85' lang='lat' dir='ltr'>applicari</span> <span class='ocrx_word' id='word_1_369' title='bbox 1676 5306 1786 5368; x_wconf 87' lang='lat' dir='ltr'>tali</span> <span class='ocrx_word' id='word_1_370' title='bbox 1828 5306 2100 5386; x_wconf 82' lang='lat' dir='ltr'>objecto,</span> 
     </span>
     <span class='ocr_line' id='line_1_55' title="bbox 536 5399 2103 5481; baseline -0.003 -17"><span class='ocrx_word' id='word_1_371' title='bbox 536 5402 897 5481; x_wconf 85' lang='lat' dir='ltr'>simpliciter</span> <span class='ocrx_word' id='word_1_372' title='bbox 941 5400 1097 5461; x_wconf 85' lang='lat' dir='ltr'>illud</span> <span class='ocrx_word' id='word_1_373' title='bbox 1138 5400 1335 5463; x_wconf 88' lang='lat' dir='ltr'>credit</span> <span class='ocrx_word' id='word_1_374' title='bbox 1369 5406 1627 5481; x_wconf 89' lang='lat' dir='ltr'>propter</span> <span class='ocrx_word' id='word_1_375' title='bbox 1666 5399 2103 5461; x_wconf 82' lang='lat' dir='ltr'>auctoritatem</span> 
     </span>
     <span class='ocr_line' id='line_1_56' title="bbox 536 5492 2104 5579; baseline -0.001 -20"><span class='ocrx_word' id='word_1_376' title='bbox 536 5496 668 5570; x_wconf 90' lang='lat' dir='ltr'>Dei,</span> <span class='ocrx_word' id='word_1_377' title='bbox 702 5495 839 5559; x_wconf 90' lang='lat' dir='ltr'>sine</span> <span class='ocrx_word' id='word_1_378' title='bbox 868 5493 1284 5558; x_wconf 85' lang='lat' dir='ltr'>fundamento</span> <span class='ocrx_word' id='word_1_379' title='bbox 1318 5494 1594 5579; x_wconf 87' lang='lat' dir='ltr'>proprio,</span> <span class='ocrx_word' id='word_1_380' title='bbox 1626 5512 1701 5555; x_wconf 85' lang='lat' dir='ltr'>ac</span> <span class='ocrx_word' id='word_1_381' title='bbox 1728 5510 1846 5574; x_wconf 88' lang='lat' dir='ltr'>per</span> <span class='ocrx_word' id='word_1_382' title='bbox 1880 5510 1974 5563; x_wconf 87' lang='lat' dir='ltr'>se,</span> <span class='ocrx_word' id='word_1_383' title='bbox 2007 5492 2104 5558; x_wconf 87' lang='lat' dir='ltr'>sui</span> 
     </span>
    </p>
   </div>
   <div class='ocr_carea' id='block_1_3' title="bbox 1220 340 3040 398">
    <p class='ocr_par' dir='ltr' id='par_1_4' title="bbox 1220 340 3040 398">
     <span class='ocr_line' id='line_1_57' title="bbox 1220 340 3040 398; baseline 0.002 -4"><span class='ocrx_word' id='word_1_384' title='bbox 1220 340 1460 394; x_wconf 69' lang='lat' dir='ltr'>msrur.</span> <span class='ocrx_word' id='word_1_385' title='bbox 1494 341 1557 394; x_wconf 85' lang='lat'>11.</span> <span class='ocrx_word' id='word_1_386' title='bbox 1592 342 1675 393; x_wconf 78' lang='lat' dir='ltr'>m:</span> <span class='ocrx_word' id='word_1_387' title='bbox 1706 341 1973 393; x_wconf 70' lang='lat' dir='ltr'>omi-:cm</span> <span class='ocrx_word' id='word_1_388' title='bbox 2007 342 2126 394; x_wconf 81' lang='lat' dir='ltr'>SEU</span> <span class='ocrx_word' id='word_1_389' title='bbox 2157 340 2458 395; x_wconf 63' lang='lat' dir='ltr'>sumsero</span> <span class='ocrx_word' id='word_1_390' title='bbox 2489 342 2828 397; x_wconf 69' lang='lat' dir='ltr'>m‘ramau</span> <span class='ocrx_word' id='word_1_391' title='bbox 2860 344 3040 398; x_wconf 74' lang='lat' dir='ltr'>Flam.</span> 
     </span>
    </p>
   </div>
   <div class='ocr_carea' id='block_1_4' title="bbox 2177 443 3821 619">
    <p class='ocr_par' dir='ltr' id='par_1_5' title="bbox 2177 443 3821 619">
     <span class='ocr_line' id='line_1_58' title="bbox 2177 443 3821 519; baseline 0.002 -14"><span class='ocrx_word' id='word_1_392' title='bbox 2177 443 2518 519; x_wconf 71' lang='lat' dir='ltr'>discor-sua,</span> <span class='ocrx_word' id='word_1_393' title='bbox 2567 464 2678 507; x_wconf 87' lang='lat' dir='ltr'>seu</span> <span class='ocrx_word' id='word_1_394' title='bbox 2707 444 3430 507; x_wconf 80' lang='lat' dir='ltr'>necessitatis&#39;illationis</span> <span class='ocrx_word' id='word_1_395' title='bbox 3457 450 3560 507; x_wconf 86' lang='lat' dir='ltr'>aut</span> <span class='ocrx_word' id='word_1_396' title='bbox 3599 466 3722 509; x_wconf 84' lang='lat' dir='ltr'>con·</span> <span class='ocrx_word' id='word_1_397' title='bbox 3820 482 3821 485; x_wconf 61' lang='lat'><em>=</em></span> 
     </span>
     <span class='ocr_line' id='line_1_59' title="bbox 2178 534 3821 619; baseline 0.003 -20"><span class='ocrx_word' id='word_1_398' title='bbox 2178 540 2547 619; x_wconf 79' lang='lat' dir='ltr'>sequentiae.</span> <span class='ocrx_word' id='word_1_399' title='bbox 3820 534 3821 559; x_wconf 62' lang='lat'><em>³</em></span> 
     </span>
    </p>
   </div>
   <div class='ocr_carea' id='block_1_5' title="bbox 2261 633 3821 715">
    <p class='ocr_par' dir='ltr' id='par_1_6' title="bbox 2261 633 3821 715">
     <span class='ocr_line' id='line_1_60' title="bbox 2261 633 3821 715; baseline 0.006 -23"><span class='ocrx_word' id='word_1_400' title='bbox 2261 634 2358 693; x_wconf 80' lang='lat'>13.</span> <span class='ocrx_word' id='word_1_401' title='bbox 2399 633 2502 695; x_wconf 77' lang='lat' dir='ltr'>Ad</span> <span class='ocrx_word' id='word_1_402' title='bbox 2524 635 2844 697; x_wconf 77' lang='lat' dir='ltr'>secundum</span> <span class='ocrx_word' id='word_1_403' title='bbox 2879 636 3350 712; x_wconf 60' lang='lat' dir='ltr'>fundumentum</span> <span class='ocrx_word' id='word_1_404' title='bbox 3377 633 3521 696; x_wconf 79' lang='lat' dir='ltr'>ibid.</span> <span class='ocrx_word' id='word_1_405' title='bbox 3550 665 3624 679; x_wconf 95' lang='lat'>—</span> <span class='ocrx_word' id='word_1_406' title='bbox 3646 636 3729 700; x_wconf 74' lang='lat' dir='ltr'>Aa</span> <span class='ocrx_word' id='word_1_407' title='bbox 3820 668 3821 715; x_wconf 79' lang='lat'>1</span> 
     </span>
    </p>
   </div>
   <div class='ocr_carea' id='block_1_6' title="bbox 2170 725 3728 1367">
    <p class='ocr_par' dir='ltr' id='par_1_7' title="bbox 2170 725 3728 1367">
     <span class='ocr_line' id='line_1_61' title="bbox 2179 725 3726 791; baseline 0.001 -2"><span class='ocrx_word' id='word_1_408' title='bbox 2179 726 2444 790; x_wconf 73' lang='lat' dir='ltr'>tertium.</span> <span class='ocrx_word' id='word_1_409' title='bbox 2471 760 2550 773; x_wconf 88' lang='lat'>--</span> <span class='ocrx_word' id='word_1_410' title='bbox 2580 728 2677 789; x_wconf 82' lang='lat' dir='ltr'>Ad</span> <span class='ocrx_word' id='word_1_411' title='bbox 2705 727 3049 788; x_wconf 85' lang='lat' dir='ltr'>secundam</span> <span class='ocrx_word' id='word_1_412' title='bbox 3081 726 3162 789; x_wconf 88' lang='lat' dir='ltr'>de</span> <span class='ocrx_word' id='word_1_413' title='bbox 3191 725 3562 789; x_wconf 85' lang='lat' dir='ltr'>immediato</span> <span class='ocrx_word' id='word_1_414' title='bbox 3589 730 3726 791; x_wconf 86' lang='lat' dir='ltr'>ordi·</span> 
     </span>
     <span class='ocr_line' id='line_1_62' title="bbox 2174 820 3725 898; baseline 0.003 -19"><span class='ocrx_word' id='word_1_415' title='bbox 2174 838 2258 881; x_wconf 90' lang='lat' dir='ltr'>ne</span> <span class='ocrx_word' id='word_1_416' title='bbox 2289 820 2514 881; x_wconf 81' lang='lat' dir='ltr'>divinae</span> <span class='ocrx_word' id='word_1_417' title='bbox 2535 820 2934 882; x_wconf 87' lang='lat' dir='ltr'>revelationis</span> <span class='ocrx_word' id='word_1_418' title='bbox 2961 820 3044 881; x_wconf 87' lang='lat' dir='ltr'>ad</span> <span class='ocrx_word' id='word_1_419' title='bbox 3082 820 3304 881; x_wconf 86' lang='lat' dir='ltr'>omnia</span> <span class='ocrx_word' id='word_1_420' title='bbox 3348 820 3591 898; x_wconf 88' lang='lat' dir='ltr'>objecta</span> <span class='ocrx_word' id='word_1_421' title='bbox 3614 841 3725 883; x_wconf 87' lang='lat' dir='ltr'>cre-</span> 
     </span>
     <span class='ocr_line' id='line_1_63' title="bbox 2177 912 3726 993; baseline 0.001 -18"><span class='ocrx_word' id='word_1_422' title='bbox 2177 914 2410 987; x_wconf 90' lang='lat' dir='ltr'>dibilia,</span> <span class='ocrx_word' id='word_1_423' title='bbox 2453 913 2868 993; x_wconf 85' lang='lat' dir='ltr'>respondetur</span> <span class='ocrx_word' id='word_1_424' title='bbox 2905 915 3025 975; x_wconf 90' lang='lat' dir='ltr'>hoc</span> <span class='ocrx_word' id='word_1_425' title='bbox 3071 932 3213 975; x_wconf 90' lang='lat' dir='ltr'>esse</span> <span class='ocrx_word' id='word_1_426' title='bbox 3264 930 3492 973; x_wconf 90' lang='lat' dir='ltr'>verum</span> <span class='ocrx_word' id='word_1_427' title='bbox 3521 912 3595 973; x_wconf 90' lang='lat' dir='ltr'>de</span> <span class='ocrx_word' id='word_1_428' title='bbox 3635 916 3726 977; x_wconf 91' lang='lat' dir='ltr'>ob-</span> 
     </span>
     <span class='ocr_line' id='line_1_64' title="bbox 2170 1004 3726 1088; baseline 0 -18"><span class='ocrx_word' id='word_1_429' title='bbox 2170 1008 2353 1088; x_wconf 82' lang='lat' dir='ltr'>jectis</span> <span class='ocrx_word' id='word_1_430' title='bbox 2379 1024 2536 1087; x_wconf 89' lang='lat' dir='ltr'>pure</span> <span class='ocrx_word' id='word_1_431' title='bbox 2564 1008 3014 1081; x_wconf 76' lang='lat' dir='ltr'>materialibuS,</span> <span class='ocrx_word' id='word_1_432' title='bbox 3047 1024 3178 1068; x_wconf 89' lang='lat' dir='ltr'>non</span> <span class='ocrx_word' id='word_1_433' title='bbox 3207 1022 3370 1066; x_wconf 89' lang='lat' dir='ltr'>vero</span> <span class='ocrx_word' id='word_1_434' title='bbox 3405 1004 3484 1066; x_wconf 88' lang='lat' dir='ltr'>de</span> <span class='ocrx_word' id='word_1_435' title='bbox 3507 1006 3726 1071; x_wconf 80' lang='lat' dir='ltr'>fomali</span> 
     </span>
     <span class='ocr_line' id='line_1_65' title="bbox 2177 1098 3724 1179; baseline 0.001 -18"><span class='ocrx_word' id='word_1_436' title='bbox 2177 1108 2242 1163; x_wconf 87' lang='lat' dir='ltr'>et</span> <span class='ocrx_word' id='word_1_437' title='bbox 2301 1100 2610 1162; x_wconf 88' lang='lat' dir='ltr'>materiali</span> <span class='ocrx_word' id='word_1_438' title='bbox 2659 1101 2827 1163; x_wconf 87' lang='lat' dir='ltr'>iuter</span> <span class='ocrx_word' id='word_1_439' title='bbox 2880 1118 2948 1162; x_wconf 91' lang='lat' dir='ltr'>se</span> <span class='ocrx_word' id='word_1_440' title='bbox 3001 1098 3414 1179; x_wconf 86' lang='lat' dir='ltr'>comparatis.</span> <span class='ocrx_word' id='word_1_441' title='bbox 3482 1099 3556 1160; x_wconf 78' lang='lat' dir='ltr'>Et</span> <span class='ocrx_word' id='word_1_442' title='bbox 3605 1100 3724 1163; x_wconf 87' lang='lat' dir='ltr'>ideo</span> 
     </span>
     <span class='ocr_line' id='line_1_66' title="bbox 2175 1194 3728 1274; baseline -0.001 -18"><span class='ocrx_word' id='word_1_443' title='bbox 2175 1194 2324 1268; x_wconf 78' lang='lat' dir='ltr'>dixi,</span> <span class='ocrx_word' id='word_1_444' title='bbox 2355 1194 2420 1254; x_wconf 92' lang='lat' dir='ltr'>in</span> <span class='ocrx_word' id='word_1_445' title='bbox 2466 1194 2740 1255; x_wconf 84' lang='lat' dir='ltr'>sectione</span> <span class='ocrx_word' id='word_1_446' title='bbox 2785 1194 3010 1274; x_wconf 89' lang='lat' dir='ltr'>prima,</span> <span class='ocrx_word' id='word_1_447' title='bbox 3044 1195 3248 1255; x_wconf 91' lang='lat' dir='ltr'>Deum</span> <span class='ocrx_word' id='word_1_448' title='bbox 3289 1210 3436 1254; x_wconf 88' lang='lat' dir='ltr'>esse</span> <span class='ocrx_word' id='word_1_449' title='bbox 3465 1210 3728 1255; x_wconf 80' lang='lat' dir='ltr'>necessa-</span> 
     </span>
     <span class='ocr_line' id='line_1_67' title="bbox 2175 1286 3728 1367; baseline -0.002 -16"><span class='ocrx_word' id='word_1_450' title='bbox 2175 1290 2338 1351; x_wconf 82' lang='lat' dir='ltr'>rium</span> <span class='ocrx_word' id='word_1_451' title='bbox 2365 1289 2682 1367; x_wconf 83' lang='lat' dir='ltr'>objectum</span> <span class='ocrx_word' id='word_1_452' title='bbox 2705 1286 2875 1361; x_wconf 84' lang='lat' dir='ltr'>fidei,</span> <span class='ocrx_word' id='word_1_453' title='bbox 2909 1288 3056 1367; x_wconf 82' lang='lat' dir='ltr'>quia</span> <span class='ocrx_word' id='word_1_454' title='bbox 3079 1306 3208 1349; x_wconf 88' lang='lat' dir='ltr'>non</span> <span class='ocrx_word' id='word_1_455' title='bbox 3240 1291 3460 1365; x_wconf 85' lang='lat' dir='ltr'>potest</span> <span class='ocrx_word' id='word_1_456' title='bbox 3487 1286 3602 1346; x_wconf 87' lang='lat' dir='ltr'>alia</span> <span class='ocrx_word' id='word_1_457' title='bbox 3627 1289 3728 1348; x_wconf 84' lang='lat' dir='ltr'>suf·</span> 
     </span>
    </p>
   </div>
   <div class='ocr_carea' id='block_1_7' title="bbox 2174 1378 3821 1841">
    <p class='ocr_par' dir='ltr' id='par_1_8' title="bbox 2174 1378 3821 1841">
     <span class='ocr_line' id='line_1_68' title="bbox 2175 1378 3821 1461; baseline -0.001 -17"><span class='ocrx_word' id='word_1_458' title='bbox 2175 1383 2457 1445; x_wconf 75' lang='lat' dir='ltr'>sicienter</span> <span class='ocrx_word' id='word_1_459' title='bbox 2481 1380 2784 1455; x_wconf 80' lang='lat' dir='ltr'>revelare,</span> <span class='ocrx_word' id='word_1_460' title='bbox 2831 1382 2982 1461; x_wconf 88' lang='lat' dir='ltr'>quin</span> <span class='ocrx_word' id='word_1_461' title='bbox 3011 1380 3090 1443; x_wconf 87' lang='lat' dir='ltr'>de</span> <span class='ocrx_word' id='word_1_462' title='bbox 3119 1398 3188 1441; x_wconf 88' lang='lat' dir='ltr'>se</span> <span class='ocrx_word' id='word_1_463' title='bbox 3235 1378 3506 1451; x_wconf 81' lang='lat' dir='ltr'>revelet,</span> <span class='ocrx_word' id='word_1_464' title='bbox 3537 1381 3728 1443; x_wconf 83' lang='lat' dir='ltr'>saltem</span> <span class='ocrx_word' id='word_1_465' title='bbox 3820 1428 3821 1433; x_wconf 18' lang='grc' dir='ltr'>η</span> 
     </span>
     <span class='ocr_line' id='line_1_69' title="bbox 2174 1474 3729 1557; baseline -0.002 -20"><span class='ocrx_word' id='word_1_466' title='bbox 2174 1478 2588 1557; x_wconf 82' lang='lat' dir='ltr'>proprietates</span> <span class='ocrx_word' id='word_1_467' title='bbox 2631 1475 3044 1549; x_wconf 83' lang='lat' dir='ltr'>necessarias,</span> <span class='ocrx_word' id='word_1_468' title='bbox 3093 1480 3163 1535; x_wconf 88' lang='lat' dir='ltr'>ut</span> <span class='ocrx_word' id='word_1_469' title='bbox 3211 1474 3305 1535; x_wconf 89' lang='lat' dir='ltr'>illi</span> <span class='ocrx_word' id='word_1_470' title='bbox 3358 1475 3558 1551; x_wconf 83' lang='lat' dir='ltr'>possit</span> <span class='ocrx_word' id='word_1_471' title='bbox 3585 1475 3729 1535; x_wconf 86' lang='lat' dir='ltr'>adhi·</span> 
     </span>
     <span class='ocr_line' id='line_1_70' title="bbox 2175 1562 3821 1645; baseline -0.003 -13"><span class='ocrx_word' id='word_1_472' title='bbox 2175 1571 2308 1633; x_wconf 88' lang='lat' dir='ltr'>beri</span> <span class='ocrx_word' id='word_1_473' title='bbox 2337 1568 2517 1637; x_wconf 85' lang='lat' dir='ltr'>fides.</span> <span class='ocrx_word' id='word_1_474' title='bbox 2561 1571 2638 1630; x_wconf 88' lang='lat' dir='ltr'>Et</span> <span class='ocrx_word' id='word_1_475' title='bbox 2683 1568 2826 1630; x_wconf 90' lang='lat' dir='ltr'>ideo</span> <span class='ocrx_word' id='word_1_476' title='bbox 2860 1585 2990 1629; x_wconf 91' lang='lat' dir='ltr'>non</span> <span class='ocrx_word' id='word_1_477' title='bbox 3037 1568 3248 1629; x_wconf 86' lang='lat' dir='ltr'>obstat</span> <span class='ocrx_word' id='word_1_478' title='bbox 3277 1566 3463 1645; x_wconf 88' lang='lat' dir='ltr'>quod</span> <span class='ocrx_word' id='word_1_479' title='bbox 3489 1567 3644 1628; x_wconf 83' lang='lat' dir='ltr'>Deus</span> <span class='ocrx_word' id='word_1_480' title='bbox 3673 1570 3730 1628; x_wconf 88' lang='lat' dir='ltr'>li·</span> <span class='ocrx_word' id='word_1_481' title='bbox 3820 1562 3821 1565; x_wconf 69' lang='grc'>’</span> 
     </span>
     <span class='ocr_line' id='line_1_71' title="bbox 2176 1661 3728 1743; baseline -0.002 -16"><span class='ocrx_word' id='word_1_482' title='bbox 2176 1666 2328 1727; x_wconf 87' lang='lat' dir='ltr'>bere</span> <span class='ocrx_word' id='word_1_483' title='bbox 2364 1664 2598 1726; x_wconf 81' lang='lat' dir='ltr'>revelet</span> <span class='ocrx_word' id='word_1_484' title='bbox 2632 1682 2772 1743; x_wconf 84' lang='lat' dir='ltr'>quae</span> <span class='ocrx_word' id='word_1_485' title='bbox 2805 1663 2950 1737; x_wconf 81' lang='lat' dir='ltr'>vult,</span> <span class='ocrx_word' id='word_1_486' title='bbox 2982 1676 3156 1733; x_wconf 87' lang='lat' dir='ltr'>nam,</span> <span class='ocrx_word' id='word_1_487' title='bbox 3205 1661 3544 1741; x_wconf 85' lang='lat' dir='ltr'>supposito</span> <span class='ocrx_word' id='word_1_488' title='bbox 3586 1663 3728 1740; x_wconf 89' lang='lat' dir='ltr'>quod</span> 
     </span>
     <span class='ocr_line' id='line_1_72' title="bbox 2177 1754 3821 1841; baseline -0.002 -22"><span class='ocrx_word' id='word_1_489' title='bbox 2177 1759 2309 1819; x_wconf 90' lang='lat' dir='ltr'>vult</span> <span class='ocrx_word' id='word_1_490' title='bbox 2338 1757 2569 1836; x_wconf 84' lang='lat' dir='ltr'>aliquid</span> <span class='ocrx_word' id='word_1_491' title='bbox 2599 1756 2904 1829; x_wconf 86' lang='lat' dir='ltr'>revelare,</span> <span class='ocrx_word' id='word_1_492' title='bbox 2939 1760 3006 1817; x_wconf 87' lang='lat' dir='ltr'>ut</span> <span class='ocrx_word' id='word_1_493' title='bbox 3035 1754 3436 1816; x_wconf 85' lang='lat' dir='ltr'>credendum</span> <span class='ocrx_word' id='word_1_494' title='bbox 3469 1755 3582 1815; x_wconf 91' lang='lat' dir='ltr'>sub</span> <span class='ocrx_word' id='word_1_495' title='bbox 3607 1776 3728 1816; x_wconf 85' lang='lat' dir='ltr'>auc-</span> <span class='ocrx_word' id='word_1_496' title='bbox 3820 1808 3821 1841; x_wconf 24' lang='grc' dir='ltr'><strong>ἶ</strong></span> 
     </span>
    </p>
   </div>
   <div class='ocr_carea' id='block_1_8' title="bbox 2173 1849 3821 2862">
    <p class='ocr_par' dir='ltr' id='par_1_9' title="bbox 2173 1849 3730 2675">
     <span class='ocr_line' id='line_1_73' title="bbox 2177 1849 3726 1927; baseline -0.003 -15"><span class='ocrx_word' id='word_1_497' title='bbox 2177 1852 2426 1912; x_wconf 83' lang='lat' dir='ltr'>toritate</span> <span class='ocrx_word' id='word_1_498' title='bbox 2461 1868 2596 1923; x_wconf 87' lang='lat' dir='ltr'>sua,</span> <span class='ocrx_word' id='word_1_499' title='bbox 2625 1867 2884 1911; x_wconf 86' lang='lat' dir='ltr'>necesse</span> <span class='ocrx_word' id='word_1_500' title='bbox 2909 1856 3002 1911; x_wconf 88' lang='lat' dir='ltr'>est</span> <span class='ocrx_word' id='word_1_501' title='bbox 3043 1856 3112 1909; x_wconf 89' lang='lat' dir='ltr'>ut</span> <span class='ocrx_word' id='word_1_502' title='bbox 3139 1849 3431 1927; x_wconf 88' lang='lat' dir='ltr'>seipsum</span> <span class='ocrx_word' id='word_1_503' title='bbox 3461 1853 3726 1926; x_wconf 80' lang='lat' dir='ltr'>tanquam</span> 
     </span>
     <span class='ocr_line' id='line_1_74' title="bbox 2178 1941 3725 2023; baseline -0.003 -18"><span class='ocrx_word' id='word_1_504' title='bbox 2178 1944 2563 2007; x_wconf 85' lang='lat' dir='ltr'>revelantem</span> <span class='ocrx_word' id='word_1_505' title='bbox 2593 1950 2658 2005; x_wconf 92' lang='lat' dir='ltr'>et</span> <span class='ocrx_word' id='word_1_506' title='bbox 2693 1944 2952 2023; x_wconf 84' lang='lat' dir='ltr'>dignum</span> <span class='ocrx_word' id='word_1_507' title='bbox 2983 1941 3110 2003; x_wconf 88' lang='lat' dir='ltr'>fide</span> <span class='ocrx_word' id='word_1_508' title='bbox 3157 1946 3504 2021; x_wconf 87' lang='lat' dir='ltr'>proponat.</span> <span class='ocrx_word' id='word_1_509' title='bbox 3551 1944 3725 2003; x_wconf 83' lang='lat' dir='ltr'>Tertia</span> 
     </span>
     <span class='ocr_line' id='line_1_75' title="bbox 2175 2035 3727 2116; baseline -0.003 -17"><span class='ocrx_word' id='word_1_510' title='bbox 2175 2054 2324 2100; x_wconf 82' lang='lat' dir='ltr'>vero</span> <span class='ocrx_word' id='word_1_511' title='bbox 2371 2038 2530 2099; x_wconf 85' lang='lat' dir='ltr'>ratio</span> <span class='ocrx_word' id='word_1_512' title='bbox 2581 2056 2660 2098; x_wconf 83' lang='lat' dir='ltr'>ex</span> <span class='ocrx_word' id='word_1_513' title='bbox 2701 2036 2880 2098; x_wconf 86' lang='lat' dir='ltr'>dictis</span> <span class='ocrx_word' id='word_1_514' title='bbox 2931 2035 3224 2116; x_wconf 86' lang='lat' dir='ltr'>expedita</span> <span class='ocrx_word' id='word_1_515' title='bbox 3266 2041 3370 2096; x_wconf 87' lang='lat' dir='ltr'>est</span> <span class='ocrx_word' id='word_1_516' title='bbox 3403 2054 3416 2094; x_wconf 93' lang='lat'><strong>:</strong></span> <span class='ocrx_word' id='word_1_517' title='bbox 3453 2037 3727 2096; x_wconf 82' lang='lat' dir='ltr'>eoncessi-</span> 
     </span>
     <span class='ocr_line' id='line_1_76' title="bbox 2176 2126 3726 2210; baseline -0.003 -18"><span class='ocrx_word' id='word_1_518' title='bbox 2176 2150 2318 2192; x_wconf 89' lang='lat' dir='ltr'>mus</span> <span class='ocrx_word' id='word_1_519' title='bbox 2353 2134 2518 2193; x_wconf 89' lang='lat' dir='ltr'>enim</span> <span class='ocrx_word' id='word_1_520' title='bbox 2551 2132 2714 2192; x_wconf 86' lang='lat' dir='ltr'>inter</span> <span class='ocrx_word' id='word_1_521' title='bbox 2742 2130 2986 2210; x_wconf 86' lang='lat' dir='ltr'>objecta</span> <span class='ocrx_word' id='word_1_522' title='bbox 3026 2148 3182 2209; x_wconf 91' lang='lat' dir='ltr'>pure</span> <span class='ocrx_word' id='word_1_523' title='bbox 3213 2126 3594 2200; x_wconf 84' lang='lat' dir='ltr'>materialia,</span> <span class='ocrx_word' id='word_1_524' title='bbox 3625 2147 3726 2188; x_wconf 87' lang='lat' dir='ltr'>non</span> 
     </span>
     <span class='ocr_line' id='line_1_77' title="bbox 2177 2222 3730 2297; baseline -0.005 -10"><span class='ocrx_word' id='word_1_525' title='bbox 2177 2240 2314 2287; x_wconf 87' lang='lat' dir='ltr'>esse</span> <span class='ocrx_word' id='word_1_526' title='bbox 2349 2225 2672 2297; x_wconf 80' lang='lat' dir='ltr'>ordinem3</span> <span class='ocrx_word' id='word_1_527' title='bbox 2707 2224 2869 2285; x_wconf 87' lang='lat' dir='ltr'>inter</span> <span class='ocrx_word' id='word_1_528' title='bbox 2905 2222 3172 2283; x_wconf 82' lang='lat' dir='ltr'>formale</span> <span class='ocrx_word' id='word_1_529' title='bbox 3199 2226 3428 2282; x_wconf 88' lang='lat' dir='ltr'>autem</span> <span class='ocrx_word' id='word_1_530' title='bbox 3477 2228 3538 2281; x_wconf 83' lang='lat' dir='ltr'>et</span> <span class='ocrx_word' id='word_1_531' title='bbox 3564 2228 3730 2280; x_wconf 77' lang='lat' dir='ltr'>mate-</span> 
     </span>
     <span class='ocr_line' id='line_1_78' title="bbox 2179 2315 3726 2399; baseline -0.004 -19"><span class='ocrx_word' id='word_1_532' title='bbox 2179 2320 2332 2380; x_wconf 87' lang='lat' dir='ltr'>riale</span> <span class='ocrx_word' id='word_1_533' title='bbox 2364 2319 2588 2399; x_wconf 84' lang='lat' dir='ltr'>negari</span> <span class='ocrx_word' id='word_1_534' title='bbox 2615 2337 2744 2378; x_wconf 90' lang='lat' dir='ltr'>non</span> <span class='ocrx_word' id='word_1_535' title='bbox 2787 2334 2998 2395; x_wconf 88' lang='lat' dir='ltr'>posse,</span> <span class='ocrx_word' id='word_1_536' title='bbox 3043 2316 3233 2377; x_wconf 88' lang='lat' dir='ltr'>etiam</span> <span class='ocrx_word' id='word_1_537' title='bbox 3275 2320 3592 2395; x_wconf 86' lang='lat' dir='ltr'>quatenus</span> <span class='ocrx_word' id='word_1_538' title='bbox 3639 2315 3726 2374; x_wconf 80' lang='lat' dir='ltr'>oh-</span> 
     </span>
     <span class='ocr_line' id='line_1_79' title="bbox 2173 2408 3725 2494; baseline -0.005 -19"><span class='ocrx_word' id='word_1_539' title='bbox 2173 2414 2410 2494; x_wconf 82' lang='lat' dir='ltr'>jectum</span> <span class='ocrx_word' id='word_1_540' title='bbox 2459 2412 2664 2491; x_wconf 91' lang='lat' dir='ltr'>ipsum</span> <span class='ocrx_word' id='word_1_541' title='bbox 2708 2410 2972 2471; x_wconf 85' lang='lat' dir='ltr'>formale</span> <span class='ocrx_word' id='word_1_542' title='bbox 3029 2415 3235 2489; x_wconf 85' lang='lat' dir='ltr'>potest</span> <span class='ocrx_word' id='word_1_543' title='bbox 3285 2408 3612 2487; x_wconf 81' lang='lat' dir='ltr'>complexe</span> <span class='ocrx_word' id='word_1_544' title='bbox 3645 2426 3725 2467; x_wconf 86' lang='lat' dir='ltr'>co-</span> 
     </span>
     <span class='ocr_line' id='line_1_80' title="bbox 2179 2499 3724 2586; baseline -0.005 -20"><span class='ocrx_word' id='word_1_545' title='bbox 2179 2508 2418 2586; x_wconf 86' lang='lat' dir='ltr'>gnosci,</span> <span class='ocrx_word' id='word_1_546' title='bbox 2451 2511 2640 2584; x_wconf 87' lang='lat' dir='ltr'>atque</span> <span class='ocrx_word' id='word_1_547' title='bbox 2684 2505 2771 2565; x_wconf 86' lang='lat' dir='ltr'>ita</span> <span class='ocrx_word' id='word_1_548' title='bbox 2803 2522 2942 2565; x_wconf 87' lang='lat' dir='ltr'>esse</span> <span class='ocrx_word' id='word_1_549' title='bbox 2975 2518 3172 2563; x_wconf 89' lang='lat' dir='ltr'>unum</span> <span class='ocrx_word' id='word_1_550' title='bbox 3215 2520 3300 2564; x_wconf 84' lang='lat' dir='ltr'>ex</span> <span class='ocrx_word' id='word_1_551' title='bbox 3327 2499 3724 2562; x_wconf 83' lang='lat' dir='ltr'>materialibus</span> 
     </span>
     <span class='ocr_line' id='line_1_81' title="bbox 2181 2599 2470 2675; baseline -0.003 -15"><span class='ocrx_word' id='word_1_552' title='bbox 2181 2599 2470 2675; x_wconf 84' lang='lat' dir='ltr'>cognitis.</span> 
     </span>
    </p>

    <p class='ocr_par' dir='ltr' id='par_1_10' title="bbox 2178 2687 3821 2862">
     <span class='ocr_line' id='line_1_82' title="bbox 2259 2687 3821 2770; baseline -0.004 -17"><span class='ocrx_word' id='word_1_553' title='bbox 2259 2694 2357 2753; x_wconf 76' lang='lat'>14.</span> <span class='ocrx_word' id='word_1_554' title='bbox 2389 2690 2846 2766; x_wconf 69' lang='lat' dir='ltr'>Quaestiuncula</span> <span class='ocrx_word' id='word_1_555' title='bbox 2866 2708 2940 2753; x_wconf 71' lang='grc' dir='ltr'>σω</span> <span class='ocrx_word' id='word_1_556' title='bbox 2967 2689 3150 2753; x_wconf 75' lang='lat' dir='ltr'>dictis</span> <span class='ocrx_word' id='word_1_557' title='bbox 3175 2704 3471 2770; x_wconf 66' lang='lat' dir='ltr'>appensa.</span> <span class='ocrx_word' id='word_1_558' title='bbox 3491 2687 3724 2766; x_wconf 70' lang='lat' dir='ltr'>-E&#39;jus</span> <span class='ocrx_word' id='word_1_559' title='bbox 3820 2762 3821 2769; x_wconf 6' lang='grc' dir='ltr'>ἵ</span> 
     </span>
     <span class='ocr_line' id='line_1_83' title="bbox 2178 2778 3821 2862; baseline -0.008 -13"><span class='ocrx_word' id='word_1_560' title='bbox 2178 2784 2921 2862; x_wconf 78' lang='lat' dir='ltr'>diluti0.-Interrogabit</span> <span class='ocrx_word' id='word_1_561' title='bbox 2947 2791 3160 2843; x_wconf 88' lang='lat' dir='ltr'>autem</span> <span class='ocrx_word' id='word_1_562' title='bbox 3191 2780 3448 2858; x_wconf 80' lang='lat' dir='ltr'>aliquiS,</span> <span class='ocrx_word' id='word_1_563' title='bbox 3503 2796 3638 2841; x_wconf 86' lang='lat' dir='ltr'>cum</span> <span class='ocrx_word' id='word_1_564' title='bbox 3661 2778 3724 2839; x_wconf 85' lang='lat' dir='ltr'>de</span> <span class='ocrx_word' id='word_1_565' title='bbox 3820 2800 3821 2853; x_wconf 75' lang='lat'>3</span> 
     </span>
    </p>
   </div>
   <div class='ocr_carea' id='block_1_9' title="bbox 2180 2873 3721 2958">
    <p class='ocr_par' dir='ltr' id='par_1_11' title="bbox 2180 2873 3821 2958">
     <span class='ocr_line' id='line_1_84' title="bbox 2180 2873 3721 2958; baseline -0.007 -18"><span class='ocrx_word' id='word_1_566' title='bbox 2180 2878 2424 2958; x_wconf 90' lang='lat' dir='ltr'>objecto</span> <span class='ocrx_word' id='word_1_567' title='bbox 2459 2878 2704 2939; x_wconf 83' lang='lat' dir='ltr'>formali</span> <span class='ocrx_word' id='word_1_568' title='bbox 2735 2878 2874 2939; x_wconf 85' lang='lat' dir='ltr'>duae</span> <span class='ocrx_word' id='word_1_569' title='bbox 2901 2877 3254 2937; x_wconf 83' lang='lat' dir='ltr'>formentur</span> <span class='ocrx_word' id='word_1_570' title='bbox 3291 2873 3721 2953; x_wconf 83' lang='lat' dir='ltr'>propositiones</span> 
     </span>
    </p>
   </div>
   <div class='ocr_carea' id='block_1_10' title="bbox 2180 2969 3722 3052">
    <p class='ocr_par' dir='ltr' id='par_1_12' title="bbox 2180 2969 3722 3052">
     <span class='ocr_line' id='line_1_85' title="bbox 2180 2969 3722 3052; baseline -0.006 -17"><span class='ocrx_word' id='word_1_571' title='bbox 2180 2972 2510 3035; x_wconf 81' lang='lat' dir='ltr'>credendae</span> <span class='ocrx_word' id='word_1_572' title='bbox 2543 2990 2658 3052; x_wconf 89' lang='lat' dir='ltr'>per</span> <span class='ocrx_word' id='word_1_573' title='bbox 2685 2971 2899 3041; x_wconf 84' lang='lat' dir='ltr'>fldem,</span> <span class='ocrx_word' id='word_1_574' title='bbox 2939 2970 3172 3032; x_wconf 88' lang='lat' dir='ltr'>scilicet</span> <span class='ocrx_word' id='word_1_575' title='bbox 3205 2988 3218 3029; x_wconf 73' lang='grc' dir='ltr'><strong>ε</strong></span> <span class='ocrx_word' id='word_1_576' title='bbox 3253 2971 3428 3031; x_wconf 73' lang='lat' dir='ltr'>Deus</span> <span class='ocrx_word' id='word_1_577' title='bbox 3457 2969 3609 3031; x_wconf 70' lang='lat' dir='ltr'>dimit</span> <span class='ocrx_word' id='word_1_578' title='bbox 3643 2984 3722 3027; x_wconf 76' lang='lat' dir='ltr'>res</span> 
     </span>
    </p>
   </div>
   <div class='ocr_carea' id='block_1_11' title="bbox 2173 3063 3821 3332">
    <p class='ocr_par' dir='ltr' id='par_1_13' title="bbox 2173 3063 3821 3332">
     <span class='ocr_line' id='line_1_86' title="bbox 2173 3063 3821 3149; baseline -0.009 -17"><span class='ocrx_word' id='word_1_579' title='bbox 2173 3068 2336 3149; x_wconf 76' lang='lat' dir='ltr'>fidei,</span> <span class='ocrx_word' id='word_1_580' title='bbox 2383 3074 2442 3131; x_wconf 76' lang='lat' dir='ltr'>et</span> <span class='ocrx_word' id='word_1_581' title='bbox 2471 3069 2634 3129; x_wconf 69' lang='lat' dir='ltr'>Deus</span> <span class='ocrx_word' id='word_1_582' title='bbox 2661 3083 2778 3128; x_wconf 77' lang='lat' dir='ltr'>non</span> <span class='ocrx_word' id='word_1_583' title='bbox 2807 3067 3010 3148; x_wconf 72' lang='lat' dir='ltr'>potuit</span> <span class='ocrx_word' id='word_1_584' title='bbox 3042 3082 3166 3129; x_wconf 74' lang='lat' dir='ltr'>esso</span> <span class='ocrx_word' id='word_1_585' title='bbox 3199 3066 3380 3127; x_wconf 72' lang='lat' dir='ltr'>testis</span> <span class='ocrx_word' id='word_1_586' title='bbox 3416 3063 3625 3142; x_wconf 75' lang='lat' dir='ltr'>falsus,</span> <span class='ocrx_word' id='word_1_587' title='bbox 3657 3078 3719 3118; x_wconf 81' lang='lat' dir='ltr'>an</span> <span class='ocrx_word' id='word_1_588' title='bbox 3820 3104 3821 3107; x_wconf 15' lang='grc' dir='ltr'>η</span> 
     </span>
     <span class='ocr_line' id='line_1_87' title="bbox 2179 3154 3821 3238; baseline -0.008 -15"><span class='ocrx_word' id='word_1_589' title='bbox 2179 3162 2343 3223; x_wconf 91' lang='lat' dir='ltr'>inter</span> <span class='ocrx_word' id='word_1_590' title='bbox 2369 3162 2508 3221; x_wconf 86' lang='lat' dir='ltr'>illas</span> <span class='ocrx_word' id='word_1_591' title='bbox 2535 3160 2613 3220; x_wconf 87' lang='lat' dir='ltr'>sit</span> <span class='ocrx_word' id='word_1_592' title='bbox 2659 3160 2838 3233; x_wconf 84' lang='lat' dir='ltr'>ord0,</span> <span class='ocrx_word' id='word_1_593' title='bbox 2881 3164 2944 3221; x_wconf 87' lang='lat' dir='ltr'>et</span> <span class='ocrx_word' id='word_1_594' title='bbox 2977 3178 3116 3238; x_wconf 76' lang='lat' dir='ltr'>quae</span> <span class='ocrx_word' id='word_1_595' title='bbox 3155 3157 3412 3218; x_wconf 86' lang='lat' dir='ltr'>illarum</span> <span class='ocrx_word' id='word_1_596' title='bbox 3451 3156 3614 3237; x_wconf 83' lang='lat' dir='ltr'>prior</span> <span class='ocrx_word' id='word_1_597' title='bbox 3639 3154 3716 3213; x_wconf 86' lang='lat' dir='ltr'>sit.</span> <span class='ocrx_word' id='word_1_598' title='bbox 3820 3158 3821 3231; x_wconf 70' lang='grc' dir='ltr'>ξ</span> 
     </span>
     <span class='ocr_line' id='line_1_88' title="bbox 2179 3249 3714 3332; baseline -0.007 -17"><span class='ocrx_word' id='word_1_599' title='bbox 2179 3255 2336 3316; x_wconf 84' lang='lat' dir='ltr'>Item</span> <span class='ocrx_word' id='word_1_600' title='bbox 2378 3272 2520 3315; x_wconf 89' lang='lat' dir='ltr'>cum</span> <span class='ocrx_word' id='word_1_601' title='bbox 2569 3259 2836 3332; x_wconf 85' lang='lat' dir='ltr'>utraque</span> <span class='ocrx_word' id='word_1_602' title='bbox 2878 3252 3126 3312; x_wconf 70' lang='lat' dir='ltr'>illarum</span> <span class='ocrx_word' id='word_1_603' title='bbox 3174 3256 3492 3330; x_wconf 85' lang='lat' dir='ltr'>supponat</span> <span class='ocrx_word' id='word_1_604' title='bbox 3539 3249 3714 3317; x_wconf 82' lang='lat' dir='ltr'>aliam,</span> 
     </span>
    </p>
   </div>
   <div class='ocr_carea' id='block_1_12' title="bbox 2175 3344 3718 3424">
    <p class='ocr_par' dir='ltr' id='par_1_14' title="bbox 2175 3324 3821 3424">
     <span class='ocr_line' id='line_1_89' title="bbox 2175 3344 3718 3424; baseline -0.008 -15"><span class='ocrx_word' id='word_1_605' title='bbox 2175 3349 2407 3409; x_wconf 89' lang='lat' dir='ltr'>scilicet</span> <span class='ocrx_word' id='word_1_606' title='bbox 2433 3350 2628 3409; x_wconf 88' lang='lat' dir='ltr'>Deum</span> <span class='ocrx_word' id='word_1_607' title='bbox 2649 3364 2811 3421; x_wconf 87' lang='lat' dir='ltr'>esse,</span> <span class='ocrx_word' id='word_1_608' title='bbox 2839 3364 2921 3407; x_wconf 88' lang='lat' dir='ltr'>an</span> <span class='ocrx_word' id='word_1_609' title='bbox 2945 3347 3078 3406; x_wconf 81' lang='lat' dir='ltr'>haec</span> <span class='ocrx_word' id='word_1_610' title='bbox 3109 3345 3186 3405; x_wconf 87' lang='lat' dir='ltr'>sit</span> <span class='ocrx_word' id='word_1_611' title='bbox 3211 3344 3420 3424; x_wconf 89' lang='lat' dir='ltr'>primo</span> <span class='ocrx_word' id='word_1_612' title='bbox 3448 3344 3579 3403; x_wconf 88' lang='lat' dir='ltr'>loco</span> <span class='ocrx_word' id='word_1_613' title='bbox 3599 3358 3718 3401; x_wconf 83' lang='lat' dir='ltr'>con·</span> 
     </span>
    </p>
   </div>
   <div class='ocr_carea' id='block_1_13' title="bbox 2175 3436 3821 3519">
    <p class='ocr_par' dir='ltr' id='par_1_15' title="bbox 2175 3436 3821 3519">
     <span class='ocr_line' id='line_1_90' title="bbox 2175 3436 3821 3519; baseline -0.009 -16"><span class='ocrx_word' id='word_1_614' title='bbox 2175 3441 2507 3503; x_wconf 85' lang='lat' dir='ltr'>stituenda.</span> <span class='ocrx_word' id='word_1_615' title='bbox 2532 3440 2906 3519; x_wconf 89' lang='lat' dir='ltr'>Respondeo</span> <span class='ocrx_word' id='word_1_616' title='bbox 2931 3439 3204 3499; x_wconf 87' lang='lat' dir='ltr'>breviter</span> <span class='ocrx_word' id='word_1_617' title='bbox 3228 3436 3579 3498; x_wconf 86' lang='lat' dir='ltr'>secundum</span> <span class='ocrx_word' id='word_1_618' title='bbox 3599 3450 3714 3493; x_wconf 82' lang='lat' dir='ltr'>csse</span> <span class='ocrx_word' id='word_1_619' title='bbox 3820 3436 3821 3475; x_wconf 62' lang='grc' dir='ltr'>ἲ</span> 
     </span>
    </p>
   </div>
   <div class='ocr_carea' id='block_1_14' title="bbox 2175 3530 3714 3799">
    <p class='ocr_par' dir='ltr' id='par_1_16' title="bbox 2175 3510 3821 3799">
     <span class='ocr_line' id='line_1_91' title="bbox 2175 3530 3711 3612; baseline -0.009 -15"><span class='ocrx_word' id='word_1_620' title='bbox 2175 3536 2265 3597; x_wconf 89' lang='lat' dir='ltr'>rei</span> <span class='ocrx_word' id='word_1_621' title='bbox 2314 3535 2550 3596; x_wconf 89' lang='lat' dir='ltr'>habere</span> <span class='ocrx_word' id='word_1_622' title='bbox 2604 3533 2860 3612; x_wconf 87' lang='lat' dir='ltr'>quidem</span> <span class='ocrx_word' id='word_1_623' title='bbox 2905 3532 3190 3593; x_wconf 85' lang='lat' dir='ltr'>ordinem</span> <span class='ocrx_word' id='word_1_624' title='bbox 3239 3533 3360 3592; x_wconf 82' lang='lat' dir='ltr'>has</span> <span class='ocrx_word' id='word_1_625' title='bbox 3409 3530 3711 3591; x_wconf 55' lang='lat' dir='ltr'>veritatem</span> 
     </span>
     <span class='ocr_line' id='line_1_92' title="bbox 2177 3620 3711 3706; baseline -0.01 -15"><span class='ocrx_word' id='word_1_626' title='bbox 2177 3646 2326 3690; x_wconf 86' lang='lat' dir='ltr'>nam</span> <span class='ocrx_word' id='word_1_627' title='bbox 2345 3630 2540 3689; x_wconf 90' lang='lat' dir='ltr'>Deum</span> <span class='ocrx_word' id='word_1_628' title='bbox 2563 3646 2702 3688; x_wconf 87' lang='lat' dir='ltr'>esse</span> <span class='ocrx_word' id='word_1_629' title='bbox 2731 3626 3102 3706; x_wconf 87' lang='lat' dir='ltr'>supponitur</span> <span class='ocrx_word' id='word_1_630' title='bbox 3121 3624 3202 3685; x_wconf 87' lang='lat' dir='ltr'>ad</span> <span class='ocrx_word' id='word_1_631' title='bbox 3221 3624 3462 3696; x_wconf 87' lang='lat' dir='ltr'>omnia,</span> <span class='ocrx_word' id='word_1_632' title='bbox 3485 3628 3543 3681; x_wconf 83' lang='lat' dir='ltr'>et</span> <span class='ocrx_word' id='word_1_633' title='bbox 3565 3620 3711 3681; x_wconf 87' lang='lat' dir='ltr'>illum</span> 
     </span>
     <span class='ocr_line' id='line_1_93' title="bbox 2179 3713 3714 3799; baseline -0.01 -15"><span class='ocrx_word' id='word_1_634' title='bbox 2179 3740 2317 3785; x_wconf 87' lang='lat' dir='ltr'>esse</span> <span class='ocrx_word' id='word_1_635' title='bbox 2367 3738 2660 3782; x_wconf 81' lang='lat' dir='ltr'>veracem</span> <span class='ocrx_word' id='word_1_636' title='bbox 2702 3723 2796 3780; x_wconf 89' lang='lat' dir='ltr'>est</span> <span class='ocrx_word' id='word_1_637' title='bbox 2845 3720 3196 3799; x_wconf 88' lang='lat' dir='ltr'>proprietas</span> <span class='ocrx_word' id='word_1_638' title='bbox 3255 3713 3619 3777; x_wconf 85' lang='lat' dir='ltr'>universalis</span> <span class='ocrx_word' id='word_1_639' title='bbox 3665 3716 3714 3769; x_wconf 83' lang='lat' dir='ltr'>et</span> 
     </span>
    </p>
   </div>
   <div class='ocr_carea' id='block_1_15' title="bbox 2177 3810 3821 3972">
    <p class='ocr_par' dir='ltr' id='par_1_17' title="bbox 2177 3810 3821 3972">
     <span class='ocr_line' id='line_1_94' title="bbox 2181 3810 3715 3891; baseline -0.012 -12"><span class='ocrx_word' id='word_1_640' title='bbox 2181 3815 2556 3889; x_wconf 88' lang='lat' dir='ltr'>necessaria,</span> <span class='ocrx_word' id='word_1_641' title='bbox 2589 3832 2662 3875; x_wconf 88' lang='lat' dir='ltr'>ac</span> <span class='ocrx_word' id='word_1_642' title='bbox 2691 3814 2956 3875; x_wconf 89' lang='lat' dir='ltr'>subinde</span> <span class='ocrx_word' id='word_1_643' title='bbox 2992 3814 3185 3891; x_wconf 88' lang='lat' dir='ltr'>prior,</span> <span class='ocrx_word' id='word_1_644' title='bbox 3225 3828 3422 3891; x_wconf 85' lang='lat' dir='ltr'>quam</span> <span class='ocrx_word' id='word_1_645' title='bbox 3461 3810 3536 3869; x_wconf 89' lang='lat' dir='ltr'>sit</span> <span class='ocrx_word' id='word_1_646' title='bbox 3563 3822 3715 3884; x_wconf 78' lang='lat' dir='ltr'>quae-</span> 
     </span>
     <span class='ocr_line' id='line_1_95' title="bbox 2177 3896 3821 3972; baseline -0.013 0"><span class='ocrx_word' id='word_1_647' title='bbox 2177 3910 2328 3972; x_wconf 90' lang='lat' dir='ltr'>libet</span> <span class='ocrx_word' id='word_1_648' title='bbox 2351 3910 2560 3971; x_wconf 88' lang='lat' dir='ltr'>divina</span> <span class='ocrx_word' id='word_1_649' title='bbox 2611 3908 2933 3969; x_wconf 85' lang='lat' dir='ltr'>revelatio.</span> <span class='ocrx_word' id='word_1_650' title='bbox 2980 3905 3399 3969; x_wconf 85' lang='lat' dir='ltr'>Nihilominus</span> <span class='ocrx_word' id='word_1_651' title='bbox 3430 3910 3628 3963; x_wconf 88' lang='lat' dir='ltr'>tamen</span> <span class='ocrx_word' id='word_1_652' title='bbox 3663 3896 3714 3954; x_wconf 88' lang='lat' dir='ltr'>in</span> <span class='ocrx_word' id='word_1_653' title='bbox 3820 3902 3821 3951; x_wconf 75' lang='grc' dir='ltr'>ἲ</span> 
     </span>
    </p>
   </div>
   <div class='ocr_carea' id='block_1_16' title="bbox 2176 3988 3821 5112">
    <p class='ocr_par' dir='ltr' id='par_1_18' title="bbox 2176 3988 3821 5112">
     <span class='ocr_line' id='line_1_96' title="bbox 2178 3988 3718 4076; baseline -0.008 -12"><span class='ocrx_word' id='word_1_654' title='bbox 2178 4022 2316 4065; x_wconf 87' lang='lat' dir='ltr'>esse</span> <span class='ocrx_word' id='word_1_655' title='bbox 2365 4002 2699 4076; x_wconf 75' lang='lat' dir='ltr'>credibilia,</span> <span class='ocrx_word' id='word_1_656' title='bbox 2734 4002 2820 4063; x_wconf 84' lang='lat' dir='ltr'>ita</span> <span class='ocrx_word' id='word_1_657' title='bbox 2863 4000 2964 4061; x_wconf 90' lang='lat' dir='ltr'>vel</span> <span class='ocrx_word' id='word_1_658' title='bbox 2992 4018 3060 4062; x_wconf 91' lang='lat' dir='ltr'>se</span> <span class='ocrx_word' id='word_1_659' title='bbox 3109 3999 3476 4065; x_wconf 86' lang='lat' dir='ltr'>includunt,</span> <span class='ocrx_word' id='word_1_660' title='bbox 3523 3992 3616 4053; x_wconf 86' lang='lat' dir='ltr'>vel</span> <span class='ocrx_word' id='word_1_661' title='bbox 3652 3988 3718 4047; x_wconf 82' lang='lat' dir='ltr'>nd</span> 
     </span>
     <span class='ocr_line' id='line_1_97' title="bbox 2178 4090 3714 4174; baseline -0.012 -16"><span class='ocrx_word' id='word_1_662' title='bbox 2178 4097 2443 4158; x_wconf 84' lang='lat' dir='ltr'>invicem</span> <span class='ocrx_word' id='word_1_663' title='bbox 2473 4096 2772 4174; x_wconf 88' lang='lat' dir='ltr'>pendent,</span> <span class='ocrx_word' id='word_1_664' title='bbox 2823 4100 2891 4155; x_wconf 90' lang='lat' dir='ltr'>ut</span> <span class='ocrx_word' id='word_1_665' title='bbox 2935 4112 3067 4155; x_wconf 90' lang='lat' dir='ltr'>nou</span> <span class='ocrx_word' id='word_1_666' title='bbox 3097 4093 3435 4153; x_wconf 83' lang='lat' dir='ltr'>videantur</span> <span class='ocrx_word' id='word_1_667' title='bbox 3475 4090 3624 4149; x_wconf 86' lang='lat' dir='ltr'>inter</span> <span class='ocrx_word' id='word_1_668' title='bbox 3661 4098 3714 4141; x_wconf 83' lang='lat' dir='ltr'>se</span> 
     </span>
     <span class='ocr_line' id='line_1_98' title="bbox 2176 4183 3716 4267; baseline -0.01 -16"><span class='ocrx_word' id='word_1_669' title='bbox 2176 4190 2412 4251; x_wconf 87' lang='lat' dir='ltr'>habere</span> <span class='ocrx_word' id='word_1_670' title='bbox 2441 4189 2727 4249; x_wconf 87' lang='lat' dir='ltr'>ordinem</span> <span class='ocrx_word' id='word_1_671' title='bbox 2751 4186 2974 4267; x_wconf 88' lang='lat' dir='ltr'>prioris</span> <span class='ocrx_word' id='word_1_672' title='bbox 2991 4187 3092 4248; x_wconf 87' lang='lat' dir='ltr'>vel</span> <span class='ocrx_word' id='word_1_673' title='bbox 3117 4184 3482 4266; x_wconf 83' lang='lat' dir='ltr'>posterioris</span> <span class='ocrx_word' id='word_1_674' title='bbox 3513 4183 3573 4242; x_wconf 86' lang='lat' dir='ltr'>in</span> <span class='ocrx_word' id='word_1_675' title='bbox 3599 4192 3716 4238; x_wconf 84' lang='lat' dir='ltr'>esse</span> 
     </span>
     <span class='ocr_line' id='line_1_99' title="bbox 2179 4268 3715 4359; baseline -0.01 -14"><span class='ocrx_word' id='word_1_676' title='bbox 2179 4283 2492 4345; x_wconf 84' lang='lat' dir='ltr'>credibilis</span> <span class='ocrx_word' id='word_1_677' title='bbox 2535 4300 2550 4341; x_wconf 91' lang='lat'><strong>:</strong></span> <span class='ocrx_word' id='word_1_678' title='bbox 2593 4282 2741 4359; x_wconf 87' lang='lat' dir='ltr'>quia</span> <span class='ocrx_word' id='word_1_679' title='bbox 2787 4298 2992 4359; x_wconf 90' lang='lat' dir='ltr'>neque</span> <span class='ocrx_word' id='word_1_680' title='bbox 3035 4285 3129 4341; x_wconf 86' lang='lat' dir='ltr'>est</span> <span class='ocrx_word' id='word_1_681' title='bbox 3171 4278 3470 4340; x_wconf 85' lang='lat' dir='ltr'>credibile</span> <span class='ocrx_word' id='word_1_682' title='bbox 3513 4290 3618 4355; x_wconf 89' lang='lat' dir='ltr'>per</span> <span class='ocrx_word' id='word_1_683' title='bbox 3657 4268 3715 4327; x_wconf 87' lang='lat' dir='ltr'>fi·</span> 
     </span>
     <span class='ocr_line' id='line_1_100' title="bbox 2179 4368 3715 4453; baseline -0.008 -16"><span class='ocrx_word' id='word_1_684' title='bbox 2179 4377 2326 4438; x_wconf 90' lang='lat' dir='ltr'>dem</span> <span class='ocrx_word' id='word_1_685' title='bbox 2364 4377 2562 4436; x_wconf 90' lang='lat' dir='ltr'>Deum</span> <span class='ocrx_word' id='word_1_686' title='bbox 2599 4373 2838 4453; x_wconf 86' lang='lat' dir='ltr'>aliquid</span> <span class='ocrx_word' id='word_1_687' title='bbox 2877 4373 3110 4447; x_wconf 86' lang='lat' dir='ltr'>dicere,</span> <span class='ocrx_word' id='word_1_688' title='bbox 3141 4372 3261 4433; x_wconf 85' lang='lat' dir='ltr'>nisi</span> <span class='ocrx_word' id='word_1_689' title='bbox 3304 4372 3371 4432; x_wconf 92' lang='lat' dir='ltr'>in</span> <span class='ocrx_word' id='word_1_690' title='bbox 3401 4368 3601 4432; x_wconf 85' lang='lat' dir='ltr'>divina</span> <span class='ocrx_word' id='word_1_691' title='bbox 3627 4380 3715 4420; x_wconf 78' lang='lat' dir='ltr'>ve-</span> 
     </span>
     <span class='ocr_line' id='line_1_101' title="bbox 2181 4453 3714 4545; baseline -0.011 -14"><span class='ocrx_word' id='word_1_692' title='bbox 2181 4471 2362 4531; x_wconf 85' lang='lat' dir='ltr'>ritate</span> <span class='ocrx_word' id='word_1_693' title='bbox 2385 4469 2637 4541; x_wconf 86' lang='lat' dir='ltr'>nitatur,</span> <span class='ocrx_word' id='word_1_694' title='bbox 2673 4484 2880 4545; x_wconf 89' lang='lat' dir='ltr'>neque</span> <span class='ocrx_word' id='word_1_695' title='bbox 2911 4466 3100 4527; x_wconf 90' lang='lat' dir='ltr'>etiam</span> <span class='ocrx_word' id='word_1_696' title='bbox 3145 4466 3266 4526; x_wconf 91' lang='lat' dir='ltr'>hoc</span> <span class='ocrx_word' id='word_1_697' title='bbox 3301 4465 3528 4543; x_wconf 88' lang='lat' dir='ltr'>ipsum,</span> <span class='ocrx_word' id='word_1_698' title='bbox 3575 4453 3714 4517; x_wconf 86' lang='lat' dir='ltr'>scili-</span> 
     </span>
     <span class='ocr_line' id='line_1_102' title="bbox 2183 4554 3715 4640; baseline -0.008 -15"><span class='ocrx_word' id='word_1_699' title='bbox 2183 4570 2317 4640; x_wconf 84' lang='lat' dir='ltr'>cet,</span> <span class='ocrx_word' id='word_1_700' title='bbox 2368 4564 2562 4622; x_wconf 88' lang='lat' dir='ltr'>Deum</span> <span class='ocrx_word' id='word_1_701' title='bbox 2609 4578 2748 4622; x_wconf 87' lang='lat' dir='ltr'>esse</span> <span class='ocrx_word' id='word_1_702' title='bbox 2785 4576 3111 4631; x_wconf 82' lang='lat' dir='ltr'>veracem,</span> <span class='ocrx_word' id='word_1_703' title='bbox 3151 4563 3249 4619; x_wconf 87' lang='lat' dir='ltr'>est</span> <span class='ocrx_word' id='word_1_704' title='bbox 3291 4554 3584 4619; x_wconf 84' lang='lat' dir='ltr'>credibile</span> <span class='ocrx_word' id='word_1_705' title='bbox 3621 4562 3715 4627; x_wconf 79' lang='lat' dir='ltr'>per</span> 
     </span>
     <span class='ocr_line' id='line_1_103' title="bbox 2183 4647 3711 4732; baseline -0.014 -13"><span class='ocrx_word' id='word_1_706' title='bbox 2183 4657 2472 4719; x_wconf 86' lang='lat' dir='ltr'>eamdem</span> <span class='ocrx_word' id='word_1_707' title='bbox 2515 4656 2728 4728; x_wconf 87' lang='lat' dir='ltr'>fidem,</span> <span class='ocrx_word' id='word_1_708' title='bbox 2767 4654 2887 4715; x_wconf 88' lang='lat' dir='ltr'>nisi</span> <span class='ocrx_word' id='word_1_709' title='bbox 2929 4660 3240 4732; x_wconf 86' lang='lat' dir='ltr'>quatenus</span> <span class='ocrx_word' id='word_1_710' title='bbox 3271 4672 3308 4713; x_wconf 94' lang='lat' dir='ltr'>a</span> <span class='ocrx_word' id='word_1_711' title='bbox 3349 4654 3477 4713; x_wconf 90' lang='lat' dir='ltr'>Deo</span> <span class='ocrx_word' id='word_1_712' title='bbox 3507 4647 3711 4708; x_wconf 85' lang='lat' dir='ltr'>dictum</span> 
     </span>
     <span class='ocr_line' id='line_1_104' title="bbox 2182 4738 3712 4823; baseline -0.009 -9"><span class='ocrx_word' id='word_1_713' title='bbox 2182 4772 2294 4814; x_wconf 89' lang='lat' dir='ltr'>seu</span> <span class='ocrx_word' id='word_1_714' title='bbox 2321 4752 2690 4823; x_wconf 83' lang='lat' dir='ltr'>revelatum,</span> <span class='ocrx_word' id='word_1_715' title='bbox 2725 4750 2898 4811; x_wconf 86' lang='lat' dir='ltr'>etita</span> <span class='ocrx_word' id='word_1_716' title='bbox 2925 4749 3058 4809; x_wconf 80' lang='lat' dir='ltr'>haec</span> <span class='ocrx_word' id='word_1_717' title='bbox 3099 4748 3225 4809; x_wconf 88' lang='lat' dir='ltr'>duo</span> <span class='ocrx_word' id='word_1_718' title='bbox 3269 4752 3486 4807; x_wconf 87' lang='lat' dir='ltr'>mutuo</span> <span class='ocrx_word' id='word_1_719' title='bbox 3531 4758 3592 4801; x_wconf 88' lang='lat' dir='ltr'>se</span> <span class='ocrx_word' id='word_1_720' title='bbox 3627 4738 3712 4815; x_wconf 83' lang='lat' dir='ltr'>ju-</span> 
     </span>
     <span class='ocr_line' id='line_1_105' title="bbox 2183 4833 3821 4919; baseline -0.014 -11"><span class='ocrx_word' id='word_1_721' title='bbox 2183 4852 2365 4917; x_wconf 77' lang='lat' dir='ltr'>vant3</span> <span class='ocrx_word' id='word_1_722' title='bbox 2399 4846 2599 4906; x_wconf 88' lang='lat' dir='ltr'>Deum</span> <span class='ocrx_word' id='word_1_723' title='bbox 2627 4848 2842 4904; x_wconf 85' lang='lat' dir='ltr'>autem</span> <span class='ocrx_word' id='word_1_724' title='bbox 2880 4860 3042 4914; x_wconf 88' lang='lat' dir='ltr'>esse,</span> <span class='ocrx_word' id='word_1_725' title='bbox 3074 4842 3140 4902; x_wconf 89' lang='lat' dir='ltr'>in</span> <span class='ocrx_word' id='word_1_726' title='bbox 3185 4840 3466 4919; x_wconf 88' lang='lat' dir='ltr'>quolibet</span> <span class='ocrx_word' id='word_1_727' title='bbox 3493 4833 3709 4896; x_wconf 86' lang='lat' dir='ltr'>illorum</span> <span class='ocrx_word' id='word_1_728' title='bbox 3820 4848 3821 4857; x_wconf 46' lang='lat'>³</span> 
     </span>
     <span class='ocr_line' id='line_1_106' title="bbox 2179 4930 3821 5018; baseline -0.01 -16"><span class='ocrx_word' id='word_1_729' title='bbox 2179 4940 2536 5015; x_wconf 91' lang='lat' dir='ltr'>includitur,</span> <span class='ocrx_word' id='word_1_730' title='bbox 2568 4955 2776 5018; x_wconf 89' lang='lat' dir='ltr'>neque</span> <span class='ocrx_word' id='word_1_731' title='bbox 2813 4952 2926 5016; x_wconf 85' lang='lat' dir='ltr'>per</span> <span class='ocrx_word' id='word_1_732' title='bbox 2955 4954 3024 4997; x_wconf 85' lang='lat' dir='ltr'>se</span> <span class='ocrx_word' id='word_1_733' title='bbox 3053 4934 3263 5013; x_wconf 87' lang='lat' dir='ltr'>aliquo</span> <span class='ocrx_word' id='word_1_734' title='bbox 3293 4930 3479 4994; x_wconf 85' lang='lat' dir='ltr'>modo</span> <span class='ocrx_word' id='word_1_735' title='bbox 3509 4942 3711 5005; x_wconf 87' lang='lat' dir='ltr'>suppo·</span> <span class='ocrx_word' id='word_1_736' title='bbox 3820 4938 3821 4941; x_wconf 72' lang='grc'>’</span> 
     </span>
     <span class='ocr_line' id='line_1_107' title="bbox 2179 5028 3218 5112; baseline -0.008 -17"><span class='ocrx_word' id='word_1_737' title='bbox 2179 5035 2370 5107; x_wconf 90' lang='lat' dir='ltr'>nitur,</span> <span class='ocrx_word' id='word_1_738' title='bbox 2401 5038 2471 5093; x_wconf 91' lang='lat' dir='ltr'>ut</span> <span class='ocrx_word' id='word_1_739' title='bbox 2493 5033 2733 5112; x_wconf 87' lang='lat' dir='ltr'>reliqua</span> <span class='ocrx_word' id='word_1_740' title='bbox 2761 5028 2930 5092; x_wconf 88' lang='lat' dir='ltr'>credi</span> <span class='ocrx_word' id='word_1_741' title='bbox 2959 5029 3218 5108; x_wconf 86' lang='lat' dir='ltr'>possint.</span> 
     </span>
    </p>
   </div>
   <div class='ocr_carea' id='block_1_17' title="bbox 2849 5282 3116 5302">
    <p class='ocr_par' dir='ltr' id='par_1_19' title="bbox 2849 5282 3116 5302">
     <span class='ocr_line' id='line_1_108' title="bbox 2849 5282 3116 5302; baseline -0.004 0"><span class='ocrx_word' id='word_1_742' title='bbox 2849 5282 3116 5302; x_wconf 60' lang='grc' dir='ltr'>Φ*</span> 
     </span>
    </p>
   </div>
   <div class='ocr_carea' id='block_1_18' title="bbox 3815 2 3827 2911">
    <p class='ocr_par' dir='ltr' id='par_1_20' title="bbox 3815 2 3827 2911">
     <span class='ocr_line' id='line_1_109' title="bbox 3815 2 3827 2911; baseline 0 0"><span class='ocrx_word' id='word_1_743' title='bbox 3815 2 3827 2911; x_wconf 95' lang='lat' dir='ltr'> </span> 
     </span>
    </p>
   </div>
  </div>
 </body>
</html>
