3900 6217
543 393 661 456 156

543 501 985 580 Scriptuae·a.-
999 499 1184 562 Ratio
1220 517 1259 559 a
1293 499 1606 578 priori.--
1620 498 1763 560 Dico
1786 497 2097 560 secundo:

539 593 672 656 haec
698 592 967 655 Ecclesia
995 609 1121 653 non
1147 597 1345 672 potest
1373 609 1578 654 errare
1605 591 1672 652 in
1700 591 1795 652 his
1815 611 1951 674 quae
1975 610 2103 654 cre·

539 685 632 747 dit
654 693 952 765 tanquam
984 691 1149 746 certa
1181 683 1257 746 de
1284 683 1429 762 fide,
1456 685 1642 748 etiam
1677 705 1785 766 per
1813 687 2105 768 ignoran-

540 779 694 839 tiam
740 777 1183 840 invincibilem.
1239 779 1413 839 Hanc
1456 779 1646 840 etiam
1702 779 2103 841 assertionem

540 889 756 934 censeo
786 889 916 932 esse
942 871 1018 932 de
1041 870 1162 930 fide
1186 877 1442 948 certam,
1467 888 1727 952 eamque
1748 872 1872 935 late
1900 879 2105 934 osten·

539 965 628 1040 di,
657 965 801 1025 libr.
847 968 868 1025 1
905 963 1287 1026 Defensionis
1314 963 1481 1040 fidei,
1523 967 1705 1045 capit.
1738 968 1802 1044 4,
1843 973 1907 1028 et
1933 965 2105 1030 illam

539 1058 786 1138 proprie
829 1057 1047 1138 probat
1085 1057 1254 1118 locus
1303 1057 1502 1133 Pauli,
1545 1061 1570 1118 1
1614 1059 1694 1120 ad
1722 1059 1994 1122 Timotb.
2041 1059 2105 1134 2,

543 1149 653 1212 ubi
681 1150 1009 1216 Ecclesiam
1038 1151 1144 1211 Dei
1168 1151 1294 1211 vivi
1321 1157 1499 1212 vocat
1532 1151 1884 1216 Columnam
1913 1158 1970 1214 ct
1995 1155 2109 1232 fir-

543 1250 906 1306 mamentum
931 1246 1210 1308 veritatis
1225 1270 1252 1316 ;
1273 1264 1419 1307 nam
1449 1247 1500 1307 si
1526 1247 1726 1326 decipi
1752 1251 1958 1326 posset
1982 1263 2110 1308 cre-

544 1337 748 1398 dendo
791 1337 1040 1412 falsum,
1071 1337 1262 1399 etiam
1307 1359 1414 1418 per
1464 1358 1732 1402 errorem
1781 1339 2109 1400 invincibi-

545 1432 693 1507 lem,
720 1451 845 1493 non
875 1433 1074 1510 magis
1098 1440 1254 1494 esset
1275 1434 1561 1496 columna
1597 1434 1891 1510 veritatis,
1917 1451 2109 1513 quam

543 1525 731 1586 homo
753 1525 1050 1604 privatus.
1075 1525 1204 1588 Hoc
1227 1528 1414 1588 etiam
1435 1525 1762 1590 confirmat
1785 1526 2108 1607 promissio

545 1619 791 1695 Christi,
846 1617 1026 1680 Joan.
1076 1620 1153 1680 16
1180 1636 1197 1679 :
1249 1617 1402 1684 Cum
1449 1623 1674 1684 venerit
1724 1619 2105 1695 Paraclituc,

546 1713 768 1778 docebit
811 1731 914 1775 vos
953 1730 1176 1776 onmem
1221 1714 1532 1778 veritatem
1547 1737 1575 1788 ,·
1601 1732 1749 1775 nam
1795 1713 1928 1776 boec
1968 1730 2108 1793 pro·

546 1804 756 1867 missio
786 1806 1054 1878 maxime
1090 1805 1461 1886 intelligitur
1486 1811 1763 1886 respectu
1801 1804 2105 1882 Ecclesiae,

548 1905 609 1961 et
647 1899 724 1961 de
752 1899 1112 1960 veritatibus
1151 1899 1531 1975 necessariiS,
1563 1907 1625 1961 et
1653 1899 1730 1960 ad
1755 1897 1938 1960 fidem
1973 1915 2108 1978 per-

547 1992 912 2054 tinentibus.
940 1992 1116 2053 Unde
1142 1993 1299 2054 ratio
1340 2012 1377 2052 a
1416 1991 1606 2071 priori
1633 1999 1746 2069 est,
1791 1991 1939 2071 quia
1977 1989 2111 2052 haec

547 2086 813 2148 Ecclesia
851 2087 1085 2164 regitur
1129 2085 1209 2147 ab
1245 2085 1498 2166 Spiritu¹
1520 2085 1764 2162 Sancto,
1807 2090 2109 2166 tanquam

549 2180 629 2242 ab
652 2199 874 2260 sponso
916 2199 1050 2256 sun,
1077 2187 1140 2240 et
1163 2199 1201 2242 a
1245 2179 1487 2242 Christo
1530 2179 1718 2240 habet
1761 2179 2113 2260 promissio-

549 2292 694 2336 nem
724 2274 911 2353 hujus
933 2273 1290 2335 assistentiae
1318 2274 1583 2353 Spiritus
1610 2273 1840 2350 Sancti,
1869 2280 1931 2334 et
1951 2273 2112 2352 ipse-

551 2375 680 2430 met
707 2368 982 2430 Christus
1013 2373 1106 2430 est
1140 2375 1324 2448 caput
1364 2368 1550 2447 hujus
1587 2367 1893 2444 Ecclesiae,
1931 2367 2113 2446 juxta

549 2461 704 2522 illud
745 2461 823 2522 ad
853 2461 1074 2541 Ephes.
1125 2464 1148 2520 1
1192 2482 1206 2522 :
1251 2462 1469 2540 Ipsum
1499 2461 1658 2524 dedit
1707 2465 1886 2540 caput
1935 2477 2115 2538 super

553 2574 780 2618 omnem
823 2553 1187 2630 Ecclesiam,
1239 2554 1302 2616 id
1351 2559 1464 2629 est,
1513 2553 2001 2634 triumphantem
2052 2557 2117 2614 et

555 2648 927 2710 militantem
949 2692 972 2724 ,
1028 2657 1090 2708 et
1141 2647 1486 2728 specialiter
1539 2666 1724 2728 super
1778 2646 2114 2710 Ecclesiam

555 2748 992 2819 congregatam
1017 2759 1093 2802 ex
1117 2741 1402 2819 gentibus
1439 2747 1501 2802 et
1543 2759 1618 2801 ex
1659 2739 1912 2814 Judaeis,
1935 2740 2119 2818 juxta

553 2832 708 2896 illud
729 2835 896 2895 Oseae
927 2837 956 2894 1
987 2850 1004 2894 t
1030 2834 1261 2896 Ponent
1283 2834 1402 2896 cibi
1427 2838 1605 2912 caput
1627 2851 1834 2906 unum,
1857 2839 1928 2892 ut
1950 2838 2116 2894 recte

556 2927 841 3005 exposuit
862 2926 1246 3006 Augustinus
1254 2925 1400 3001 ,lib.
1421 2927 1499 2986 18
1529 2925 1606 2987 de
1635 2925 1908 3000 Civitat„
1927 2943 1980 2985 c.
2000 2927 2112 3003 283

556 3025 618 3081 et
639 3018 777 3080 ideo
803 3025 1100 3099 perpetuo
1129 3019 1333 3080 influit
1356 3019 1632 3080 Christus
1658 3019 1724 3079 in
1751 3017 2109 3093 Ecclesiam,

554 3118 854 3192 tanquam
897 3117 1082 3192 caput
1121 3113 1190 3174 in
1219 3131 1460 3192 corpus,
1505 3118 1575 3172 ut
1615 3111 1846 3172 ibidem
1889 3109 2113 3172 Paulus

554 3205 724 3267 dicit.
771 3204 990 3285 Sicque
1030 3205 1297 3285 protegit
1340 3204 1546 3282 illam,
1595 3222 1676 3266 ne
1720 3203 1882 3264 circa
1923 3202 2113 3264 fidem

555 3305 741 3374 erret,
772 3299 960 3359 etiam
987 3297 1426 3360 invincibiliter
1457 3303 1502 3359 ¹.

639 3394 700 3458 6.
746 3391 963 3457 Altera
990 3390 1472 3455 ratim—Altera
1499 3392 1656 3452 ratio
1682 3389 1870 3472 hujus
1893 3394 2115 3456 verita·

557 3487 636 3548 tis
664 3491 727 3547 et
750 3503 828 3547 ex
854 3485 1274 3546 fundamentis
1293 3483 1437 3546 fidei
1461 3483 1712 3546 evidens
1737 3491 1862 3560 est3
1892 3488 2043 3565 quia
2064 3486 2119 3548 si

556 3578 822 3642 Ecclesia
844 3576 1068 3642 Christi
1089 3582 1287 3656 posset
1306 3595 1534 3654 errare,
1555 3577 1862 3640 credendo
1884 3579 2119 3660 aliquid

555 3671 778 3735 salsum
808 3680 1107 3750 tanquam
1139 3670 1260 3733 fide
1289 3677 1548 3745 certum,
1581 3671 1764 3732 etiam
1795 3690 1906 3750 per
1931 3673 2117 3750 igno-

553 3767 822 3829 rantiam
864 3761 1322 3839 invincibilem,
1366 3769 1496 3824 tota
1551 3762 1685 3842 ejus
1730 3763 1884 3826 fides
1927 3765 2118 3826 dubia

555 3858 917 3922 redderetur
932 3872 954 3933 3
985 3857 1131 3936 quia
1160 3859 1225 3916 in
1253 3854 1512 3934 singulis
1540 3855 1876 3918 formidare
1914 3863 2119 3937 posset

559 3960 621 4015 et
646 3951 930 4014 dubitare
965 3969 1044 4010 ne
1073 3947 1232 4010 forte
1261 3968 1372 4029 per
1400 3949 1818 4030 ignorantiam
1847 3950 2116 4030 decipia-

556 4053 680 4110 tur.
711 4047 1104 4124 Consequens
1145 4050 1236 4104 est
1267 4049 1483 4124 aperte
1521 4039 1770 4118 falsum,
1798 4050 1934 4105 tum
1974 4044 2121 4151 qui-a

557 4157 686 4202 non
716 4145 912 4220 posset
939 4137 1054 4198 hoc
1083 4135 1265 4198 modo
1309 4135 1431 4196 dici
1460 4136 1926 4198 firmamentum
1959 4138 2121 4198 veri»

559 4234 734 4308 tatis3
768 4239 902 4294 tum
933 4231 1119 4294 etiam
1152 4229 1299 4309 quia
1335 4247 1464 4291 non
1503 4236 1707 4310 posset
1746 4228 2023 4307 obligare
2051 4229 2122 4290 fi-

560 4327 725 4388 deles
751 4325 828 4386 ad
870 4323 1105 4404 aliquid
1136 4322 1512 4385 credendum
1541 4341 1682 4384 cum
1724 4324 2121 4401 certitudine,

560 4425 623 4482 et
651 4425 947 4498 tanquam
985 4415 1334 4492 infallibile,
1365 4415 1530 4495 quod
1573 4422 1664 4478 est
1694 4423 1907 4478 contra
1936 4417 2125 4478 ratio·

561 4530 708 4575 nem
747 4511 891 4574 fidei
931 4509 1312 4584 Christianae,
1343 4515 1413 4571 ut
1459 4528 1616 4590 saepe
1647 4510 1881 4571 dictum
1927 4517 1991 4572 et
2029 4529 2123 4572 os-

560 4614 808 4669 tensum
855 4611 978 4682 est3
1008 4613 1142 4665 tum
1175 4604 1359 4665 etiam
1399 4605 1544 4682 qnia
1573 4611 1666 4666 est
1697 4612 1910 4666 contra
1941 4623 2121 4666 usum

561 4698 972 4762 Conciliornm
1011 4705 1077 4758 et
1107 4714 1354 4758 sensum
1401 4697 1506 4758 SS.
1555 4698 1840 4772 Patrum3
1879 4714 2125 4776 semper

563 4794 730 4854 enim
760 4793 839 4852 ad
867 4791 1260 4854 statuendam
1288 4791 1496 4866 fidem,
1529 4797 1856 4852 recurrunt
1895 4792 1971 4852 ad
2012 4793 2123 4852 Ec-

561 4884 762 4946 clesiae
791 4901 1061 4961 sensum,
1091 4890 1391 4963 tanquam
1418 4883 1494 4943 ad
1525 4884 1782 4944 omnino
1811 4902 2029 4944 verum
2062 4889 2125 4944 et

563 4986 739 5042 extra
784 4994 1093 5053 errorem,
1149 4977 1280 5038 sive
1333 4994 1444 5055 per
1487 4975 1904 5056 ignorantiam
1921 5022 1942 5053 ,
1992 4976 2123 5038 sive

563 5089 952 5152 quocumque
982 5070 1106 5132 alio
1134 5069 1341 5158 modo,
1369 5077 1440 5132 ut
1462 5069 1672 5132 videre
1701 5068 1845 5130 licet
1872 5070 1938 5131 in
1967 5072 2125 5132 Con-

563 5165 704 5228 cilio
730 5165 1118 5240 Tridentino,
1145 5164 1412 5246 sessione
1432 5169 1624 5238 sexta,
1654 5163 1852 5242 capite
1881 5168 2125 5238 octavo,

565 5266 628 5320 et
658 5277 803 5321 sess.
830 5259 930 5336 14,
955 5277 1092 5338 cap.
1119 5259 1158 5320 5
1169 5274 1190 5336 3
1217 5264 1279 5320 et
1306 5256 1473 5337 apud
1500 5256 1942 5334 Augustinum,
1966 5255 2127 5316 libro

650 5449 666 5482 ¹
708 5442 919 5504 Videri
954 5448 1210 5522 possunt
1236 5441 1396 5502 dicta
1419 5421 1492 5502 in¹
1515 5439 1671 5520 disp.
1707 5440 1786 5502 23
1813 5439 1890 5504 de
1919 5440 2128 5503 Incar-

567 5535 842 5605 natione.

1020 395 1257 449 msrU’r.
1293 394 1352 447 V.
1389 397 1469 448 ΒΕ
1501 395 1763 450 neonus
1795 397 2019 459 QUIBUS
2050 397 2213 452 FIDE!
2247 399 2556 453 onst-:cmm
2590 399 3095 465 INFALlemrssn,
3126 403 3259 457 mc.

2184 499 2261 560 de
2292 501 2566 564 Utilitate
2596 502 2911 577 credendi,
2936 521 3073 582 cap.
3098 505 3139 564 8
3165 509 3226 564 et
3263 505 3359 580 1¹13
3382 509 3440 565 et
3456 503 3517 566 111
3537 506 3668 586 prin-

2184 592 2347 674 cipio
2371 593 2675 656 librorum
2696 595 2772 656 de
2798 596 3085 658 Doctrina
3113 595 3473 678 Christiana3
3492 605 3544 660 et
3562 599 3673 662 Am·

2182 688 2374 766 bros„
2406 689 2444 750 3
2470 688 2548 752 de
2577 689 2751 766 Fide,
2780 708 2917 772 cap.
2950 691 3010 752 7.

2264 785 2666 864 [Effugiant
2686 784 3101 870 Iam-eticorum
3128 787 3210 846 cd
3222 785 3535 848 Ecclesiam
3553 788 3676 850 invi-

2184 877 2513 954 cibilem&
2530 897 2643 958 quo
2661 880 2841 954 infra
2862 880 3020 958 disp.
3042 881 3104 952 9,
3122 883 3259 942 sect.
3283 881 3341 953 8,
3362 883 3413 942 ct
3426 879 3487 940 in
3502 881 3675 958 Defen-

2186 971 2348 1032 sicmc
2372 969 2545 1046 fidei,
2576 971 2682 1032 lib.
2734 975 2795 1046 1,
2822 990 2873 1034 c.
2920 975 2955 1033 7
2986 977 3042 1034 ct
3059 971 3676 1050 8.—E.¹cpu9natur.-

2188 1062 2299 1124 His
2328 1062 2673 1124 rationibus
2710 1071 2775 1124 et
2813 1063 3181 1126 testimoniis
3212 1063 3419 1138 coacti,
3452 1063 3677 1126 haretici
3794 1057 3796 1060 ⁴

2186 1155 2528 1219 admittunt
2558 1156 2833 1237 aliquam
2852 1155 3075 1219 Christi
3108 1155 3436 1218 Ecclesiam
3468 1157 3679 1222 deficere

2187 1265 2315 1310 non
2343 1266 2538 1328 posse,
2566 1268 2681 1312 nec
2698 1249 2765 1312 in
2790 1248 2913 1314 fide
2936 1263 3177 1328 errare3
3206 1255 3277 1310 ut
3302 1255 3495 1310 tamen
3516 1248 3676 1312 lucem

2188 1343 2465 1404 veritatis
2492 1342 2819 1422 effugiant,
2848 1343 3244 1422 distinguunt
3284 1341 3563 1420 duplicem
3596 1344 3679 1406 Ec·

2189 1435 2464 1512 clesiam,
2486 1435 2793 1498 visibilem
2828 1444 2893 1498 et
2914 1435 3327 1512 invisibilem;
3350 1439 3411 1494 et
3432 1433 3679 1498 visibilem

2187 1528 2402 1592 dicunt
2450 1547 2625 1608 posse
2672 1528 2935 1592 deficere
2982 1533 3045 1590 et
3090 1545 3297 1590 errare
3310 1541 3329 1603 3
3366 1526 3682 1590 invisibilem

2187 1627 2403 1685 autem
2443 1640 2575 1684 esse
2624 1629 2989 1703 perpetuam
3036 1627 3100 1682 et
3152 1619 3543 1682 infallibilem.
3592 1621 3681 1682 Sed

2188 1715 2291 1776 isti
2316 1715 2623 1796 imprimis
2640 1715 2939 1778 recedunt
2963 1733 3001 1776 a
3030 1714 3277 1796 proprio
3294 1712 3577 1792 dogmate,
3592 1731 3685 1792 quo

2188 1808 2410 1870 dicunt
2450 1808 2609 1870 nihil
2648 1826 2777 1870 osse
2814 1807 3216 1882 credendum,
3248 1805 3409 1885 quod
3443 1806 3504 1867 in
3530 1805 3687 1886 Scrip-

2188 1902 2347 1964 turis
2386 1921 2510 1964 non
2543 1901 2863 1964 invenitur
2893 1917 2910 1961 ε
2939 1901 3047 1962 illa
3074 1900 3245 1960 enim
3274 1897 3583 1968 distinctio,
3604 1916 3684 1962 seu

2192 1997 2461 2060 Ecclesia
2496 1995 2831 2056 invisibilis
2871 1993 3151 2056 inaudita
3188 1999 3284 2054 est
3316 1993 3385 2053 in
3411 1993 3685 2070 Scripturis

2192 2090 2289 2152 vel
2315 2089 2620 2152 Patribus.
2656 2087 2942 2151 Secundo
2980 2087 3322 2166 loquuntur
3361 2090 3557 2146 contra
3583 2102 3685 2146 ver·

2188 2183 2271 2246 ba
2326 2182 2570 2246 Christi.
2622 2180 2880 2256 Quando
2940 2180 3110 2242 enim
3146 2177 3309 2240 dixit
3356 2175 3555 2239 Matth.
3594 2179 3682 2238 16:

2198 2275 2401 2356 Super
2418 2277 2571 2338 hanc
2588 2281 2823 2355 petram
2849 2273 3156 2350 ‹edificabo
3174 2271 3507 2336 Ecclesiam
3520 2290 3685 2346 mecm,

2194 2375 2403 2450 aperte
2433 2368 2707 2448 loquitur
2730 2367 2809 2430 dc
2835 2365 3105 2428 Ecclesia
3130 2363 3385 2440 visibili,
3424 2381 3587 2442 quam
3610 2383 3693 2443 po·

2194 2469 2325 2525 stea
2351 2466 2528 2526 Petro
2552 2460 3013 2524 commendavit
3039 2457 3409 2538 pascendam
3434 2457 3589 2518 Joan.
3611 2461 3687 2520 21.

2195 2555 2511 2632 Quomodo
2574 2555 2745 2618 enim
2788 2558 3062 2634 pasceret
3115 2549 3487 2612 invisibilem
3532 2549 3693 2612 Eccle-

2195 2649 2397 2711 siam?
2421 2649 2497 2710 Et
2524 2653 2733 2710 tamen
2755 2647 2849 2708 illi
2877 2643 3158 2710 Ecclesiae
3188 2644 3465 2724 promisit
3507 2642 3693 2704 stabili·

2198 2748 2429 2804 tatem.
2458 2743 2551 2804 Et
2568 2745 2761 2820 portoe
2783 2739 2979 2816 inferi
3016 2757 3133 2800 non
3166 2736 3577 2816 praevalebunt,
3600 2741 3688 2796 etc.

2195 2837 2274 2898 Et
2290 2837 2367 2898 de
2386 2835 2601 2898 eadem
2622 2833 2803 2909 dixit,
2822 2832 3041 2896 Matth.
3078 2833 3189 2894 16·
3214 2829 3339 2894 Dic
3356 2829 3633 2904 Ecclesiae,
3655 2835 3695 2890 et

2196 2931 2255 2992 si
2274 2929 2615 2992 Ecclesiam
2630 2946 2745 2990 non
2764 2925 3054 3000 audierit,
3084 2929 3232 2999 etc„
3260 2941 3399 3002 quae
3424 2921 3569 2984 clare
3591 2939 3697 3000 sup-

2194 3027 2437 3102 ponunt
2462 3020 2795 3084 Ecclesiam
2845 3037 2977 3082 esse
3002 3016 3335 3080 visibilem.
3361 3015 3524 3077 Sicut
3550 3015 3695 3077 etiam
3809 3091 3811 3106 Ι

2194 3115 2373 3192 illud,
2402 3115 2611 3176 Actor.
2642 3113 2722 3176 20
2754 3133 2766 3176 :
2802 3113 3021 3176 Posuit
3049 3129 3152 3173 vos
3178 3109 3463 3192 Spiritus
3480 3107 3699 3172 Sanctus

2194 3226 2399 3288 rcqcrc
2444 3206 2787 3270 Ecclesiam
2816 3205 2953 3268 Dei.
3000 3201 3175 3265 Unde
3202 3201 3589 3280 Augustinus,
3612 3198 3695 3258 lib.

2196 3305 2235 3364 3
2266 3307 2481 3364 contra
2500 3298 2833 3380 Epistolam
2858 3298 3173 3370 parmen„
3190 3313 3330 3374 cap.
3349 3297 3386 3356 5
3408 3310 3426 3355 ε
3446 3291 3698 3365 Ecclesia,

2196 3395 2423 3475 inquit,
2456 3411 2647 3472 supra
2678 3396 2929 3454 montom
2962 3391 3295 3454 constituta
3324 3387 3583 3452 abscondi
3615 3402 3703 3444 nou

2192 3493 2404 3568 potest.
2466 3485 2738 3564 Denique
2768 3483 2920 3544 dum
2959 3481 3233 3544 haeretici
3262 3480 3509 3558 fugiunt
3530 3477 3599 3538 ad
3620 3477 3704 3538 Ec·

2196 3581 2448 3644 clesiam
2477 3575 3079 3650 invisibilem,totam
3102 3571 3525 3636 certitudinem
3546 3569 3707 3645 Scrip-

2201 3686 2353 3736 turae
2400 3669 2710 3732 canonicae
2754 3667 3085 3746 auserunt,
3068 3683 3082 3698 ·
3114 3684 3265 3728 nam
3322 3663 3613 3770 Scriptura
3654 3660 3705 3718 in

2196 3772 2439 3828 tantum
2496 3769 2567 3823 ut
2619 3761 2919 3824 canonica
2960 3759 3219 3838 recipito
3230 3777 3281 3834 r,
3332 3758 3401 3818 in
3450 3759 3705 3836 quantum

2199 3877 2308 3940 per
2336 3875 2556 3920 manus
2578 3855 2859 3918 Ecclesiae
2893 3851 3241 3915 infallibilis
3276 3851 3357 3912 ad
3386 3851 3495 3912 iios
3540 3862 3707 3926 perve-

2198 3953 2317 4028 nit,
2372 3957 2437 4014 et
2480 3950 2559 4012 ab
2600 3948 2819 4010 eadem
2856 3946 3265 4027 approbatur3
3304 3945 3357 4004 si
3408 3950 3599 4002 autem
3626 3937 3709 3997 illa

2200 4045 2470 4108 Ecclesia
2496 4041 2821 4104 invisibilis
2847 4046 2959 4116 est,
2986 4039 3127 4118 quis
3150 4043 3349 4118 potest
3392 4047 3707 4114 cognoscere

2200 4157 2281 4199 an
2304 4156 2415 4218 per
2450 4153 2675 4198 manus
2706 4134 2839 4214 ejus
2866 4132 3180 4212 Scriptura
3208 4131 3289 4192 ad
3318 4148 3385 4192 se
3408 4126 3711 4193 venerit‚et

2202 4231 2282 4293 ab
2336 4231 2469 4310 ipsa
2528 4228 2944 4308 approbetur?
2994 4227 3123 4286 lmo
3174 4225 3366 4287 etiam
3414 4220 3703 4284 occludunt

2204 4326 2369 4386 viam
2390 4322 2626 4398 salutis,
2657 4321 2802 4400 quia
2831 4326 3004 4380 extra
3026 4317 3365 4380 Ecclesiam
3391 4333 3587 4376 veram
3614 4330 3709 4372 nou

2204 4424 2295 4479 est
2322 4415 2525 4490 salus3
2546 4415 2595 4474 si
2630 4418 2839 4474 autem
2873 4409 3197 4472 invisibilis
3224 4416 3341 4486 est,
3372 4408 3505 4489 quis
3530 4404 3713 4486 poterit

2204 4511 2377 4572 illam
2404 4523 2793 4587 cognoscere,
2837 4511 2907 4566 ut
2946 4505 3011 4564 in
3040 4523 3115 4568 ea
3147 4505 3229 4566 sit
3270 4511 3333 4566 ct
3355 4499 3709 4583 permaneat?

2205 4605 2289 4666 De
2327 4621 2453 4683 quo
2498 4599 2693 4660 videri
2740 4605 2941 4678 potest
2971 4597 3379 4676 Augustinus,
3428 4597 3501 4656 19
3536 4597 3709 4656 contra

2202 4697 2435 4770 Faust.,
2454 4712 2506 4755 c.
2532 4697 2553 4754 1
2570 4697 2598 4753 1
2610 4739 2627 4767 ,
2643 4692 2751 4754 ubi
2770 4691 3031 4770 requirit
3044 4690 3360 4752 sensibilia
3373 4689 3715 4750 sacramenta

2204 4786 2285 4848 ad
2308 4784 2763 4848 distinctionem
2789 4783 3091 4846 Ecclesiae.
3112 4783 3287 4856 Item,
3307 4782 3352 4843 1.
3374 4785 3413 4843 4
3430 4781 3503 4842 de
3521 4775 3715 4857 Baptis-

2207 4898 2331 4955 mo‚
2376 4898 2431 4940 c.
2488 4881 2562 4938 1·
2546 4885 2649 4954 ,et
2684 4879 3119 4955 Hieronymus,
3148 4876 3340 4954 Epist.
3390 4874 3469 4938 ad
3514 4876 3717 4934 Damas·

2202 4987 2459 5034 cenum·
2440 5015 2461 5048 ,
2512 4979 2573 5032 et
2611 4970 2977 5050 Cyprianus,
3002 4969 3082 5029 de
3122 4968 3343 5048 Simpl.
3375 4965 3597 5046 praelat.
3630 4963 3717 5022 La-

2204 5067 2330 5126 tius
2358 5065 2435 5126 de
2484 5065 2601 5126 hac
2643 5082 2709 5125 re
2736 5063 2923 5138 infra,
2952 5063 3184 5143 disput.
3214 5064 3276 5134 9,
3304 5066 3454 5122 sect.
3486 5060 3559 5135 65
3592 5061 3647 5116 et
3668 5053 3719 5112 111

2207 5158 2572 5221 Defensione
2600 5155 2767 5227 fidei,
2812 5155 2925 5218 lib.
2960 5159 3018 5231 1,
3048 5174 3183 5236 cap.
3217 5159 3254 5217 7
3282 5161 3346 5215 et
3370 5156 3434 5219 8.

2288 5253 2347 5314 8.
2394 5250 2668 5313 Assertio
2696 5251 2881 5314 tertia
2924 5249 3243 5328 bipartita.
3266 5281 3353 5298 --
3374 5247 3555 5312 Ratio
3588 5244 3721 5323 prio-

2208 5346 2302 5406 ris
2332 5343 2657 5424 partis.-
2673 5343 2855 5406 Ratio
2881 5343 3345 5421 posterioris.-
3368 5341 3511 5402 Dico
3536 5335 3718 5398 tertio:

2206 5437 2494 5518 quamvis
2522 5443 2761 5496 certum
2806 5452 2938 5496 non
2972 5435 3077 5510 sit,
3102 5453 3241 5514 quae
3270 5433 3531 5496 Ecclesia
3563 5427 3719 5492 credit

2207 5536 2451 5592 tantum
2493 5534 2562 5587 ut
2589 5528 2692 5608 pia
2723 5533 2785 5588 et
2812 5525 3180 5610 probabilia,
3208 5545 3337 5592 esse
3361 5543 3525 5602 vera,
3564 5521 3609 5582 si
3647 5527 3721 5579 ta·
