3900 6217
605 417 726 479 354

605 521 1144 603 impedimentum,
1169 520 1509 582 illuminari
1533 539 1572 580 a
1597 523 1719 582 Deo
1741 520 1942 600 quoad
1966 537 2172 598 super-

605 614 954 676 naturalem
987 613 1404 694 cognitionem
1426 614 1617 693 ipsius
1642 613 1773 690 Dei,
1802 631 1989 692 quam
2010 613 2173 674 circa

607 709 958 788 explicitam
1006 706 1422 786 cognitionem
1465 707 1734 784 Christi;
1777 725 1923 768 nam
1968 707 2031 766 in
2068 705 2167 782 iis,

607 821 743 882 quae
770 801 970 861 solum
1005 805 1149 861 sunt
1179 799 1516 863 necessaria
1543 817 1619 861 ex
1659 800 2049 862 institutione
2077 799 2172 859 di-

605 897 754 956 vina
790 902 852 955 et
889 894 1149 974 positivo
1180 895 1348 974 jure,
1391 910 1519 954 non
1557 892 1708 956 solet
1753 893 1934 968 Deus,
1983 893 2173 954 etiam

605 989 671 1050 in
701 1007 839 1049 casu
869 987 1269 1059 necessitatis,
1301 985 1596 1048 adhibere
1618 985 2174 1047 extraordinariam

604 1081 1055 1162 providentiam
1073 1086 1144 1140 ut
1163 1078 1565 1159 impleantur,
1589 1081 1732 1140 etin
1749 1098 1818 1140 re
1833 1079 1967 1158 ipsa
1981 1078 2176 1159 appli-

603 1181 856 1251 centur3
889 1173 996 1234 sed
1017 1172 1386 1234 desiderium
1407 1179 1518 1232 aut
1538 1179 1755 1234 votum
1775 1189 1989 1234 eorum
2014 1173 2169 1232 solet

603 1267 903 1340 sufficere,
943 1272 1012 1327 ut
1038 1273 1202 1346 patet
1229 1266 1297 1326 in
1325 1265 1709 1327 confessione
1743 1272 1806 1327 et
1835 1265 2163 1345 baptismo.

607 1359 914 1440 Denique,
950 1358 1094 1420 licet
1128 1359 1536 1420 concedamus
1569 1361 1763 1420 Deum
1806 1359 1872 1419 in
1915 1377 1989 1420 eo
2024 1375 2167 1420 casu

605 1454 956 1515 illuminare
1007 1451 1344 1526 hominem,
1380 1453 1568 1512 etiam
1614 1453 1682 1511 in
1717 1452 1994 1512 articulis
2034 1452 2162 1512 Hu-

605 1546 942 1619 manitatis,
967 1543 1373 1605 nihilominus
1397 1563 1522 1604 non
1547 1552 1744 1624 potest
1771 1561 1915 1606 cum
1943 1543 2165 1624 proba·

603 1641 838 1701 bilitate
863 1639 1157 1700 affirmari
1178 1636 1362 1698 simul
1387 1645 1449 1698 et
1471 1637 1537 1698 in
1563 1657 1690 1700 uno
1729 1645 2045 1700 momento
2092 1637 2163 1698 il·

603 1733 898 1796 luminari
923 1733 1242 1792 hominem
1271 1731 1347 1791 dc
1379 1731 1666 1792 omnibus
1688 1733 1785 1794 his
1828 1733 2159 1812 mysterii3‚

600 1828 747 1908 quia
788 1825 908 1888 hoc
944 1825 1183 1887 excedit
1221 1823 1492 1884 bominis
1524 1826 1942 1905 capacitatem.
1984 1825 2159 1886 Unde

597 1921 732 1982 fieri
757 1937 884 1980 non
913 1933 1113 1998 posset
1141 1916 1262 1976 nisi
1289 1913 1367 1975 ad
1422 1917 1914 1996 cognoscendum
1974 1919 2159 1978 modo

600 2015 882 2093 angelico
909 2013 1275 2089 elevaretur,
1311 2011 1476 2092 quod
1505 2021 1670 2074 certe
1698 2013 2155 2074 admittendum

599 2125 726 2170 nou
753 2112 868 2182 est,
895 2107 1040 2185 quia
1069 2124 1196 2166 non
1222 2113 1314 2168 est
1339 2105 1672 2166 verisimile
1702 2107 1919 2181 Deum,
1946 2107 2014 2167 in
2039 2106 2156 2168 hac

599 2201 734 2280 lege
749 2205 810 2261 ct
837 2200 903 2260 in
931 2199 1052 2260 hoc
1083 2203 1378 2280 tempore,
1404 2199 1570 2261 viam
1593 2200 1804 2261 salutis
1823 2207 2157 2262 coarctasse

599 2296 678 2356 ad
731 2301 860 2355 tam
923 2293 1358 2354 miraculosum
1419 2293 1822 2372 providentias
1873 2293 2153 2354 modum.

466 2427 478 2438 ·
599 2389 851 2470 Oportet
871 2403 1017 2464 ergo
1038 2394 1104 2446 ut
1121 2405 1232 2466 per
1258 2386 1704 2448 successionem
1725 2388 2022 2466 temporis
2051 2387 2161 2447 illa

599 2482 868 2561 cognitio
909 2481 1038 2542 fiat.
1075 2480 1259 2541 Debet
1286 2486 1498 2542 autem
1523 2481 1868 2542 necessario
1890 2481 2162 2561 incipere

599 2599 636 2638 a
663 2576 1016 2654 cognitione
1043 2575 1172 2651 Dei,
1206 2593 1344 2654 quae
1383 2580 1476 2636 est
1505 2574 1981 2636 fundamentum
2006 2576 2160 2636 alia·

597 2684 774 2746 rum;
806 2685 955 2748 ergo
985 2685 1093 2746 pro
1114 2667 1323 2747 aliquo
1343 2675 1624 2747 tempore
1649 2667 1766 2729 erit
1797 2669 1936 2730 talis
1972 2668 2161 2730 homo

600 2764 980 2826 illuminatus
1006 2761 1084 2822 de
1117 2763 1262 2836 Deo,
1301 2766 1363 2822 et
1385 2778 1511 2821 non
1535 2761 1611 2822 de
1655 2762 1936 2839 Christ03
1972 2769 2035 2822 et
2075 2763 2162 2824 ita

597 2873 710 2936 pro
739 2855 956 2916 eodem
968 2860 1244 2933 tempore
1258 2853 1484 2916 habere
1497 2855 1720 2934 poterit
1731 2854 1920 2916 fidem
1941 2856 2069 2928 Dei,
2098 2861 2161 2916 et

597 2951 872 3011 nondum
922 2949 1106 3009 tidem
1135 2947 1492 3028 explicitam
1521 2949 1768 3021 Christi,
1815 2949 1981 3030 quod
2019 2967 2158 3029 pro-

593 3042 866 3105 bandum
902 3059 1429 3121 proposueramus.

677 3139 774 3196 ⁴⁹2.
812 3134 1202 3211 Confirmatio
1229 3135 1491 3213 ejmdem
1519 3137 1894 3200 assertionis.
1937 3168 2022 3183 —
2052 3135 2153 3198 Ul·

591 3231 786 3291 terius
809 3245 954 3288 vero
981 3245 1106 3288 non
1132 3232 1377 3288 tantum
1404 3229 1472 3288 in
1494 3247 1662 3302 casu,
1695 3228 1801 3289 sed
1828 3229 2017 3291 etiam
2042 3245 2152 3288 sse-

593 3325 732 3403 pius
764 3320 1007 3380 videtur
1029 3319 1092 3380 id
1121 3320 1594 3384 admittendum.
1627 3323 1782 3382 Nam
1813 3327 1967 3382 teste
1998 3323 2153 3382 Pan·-

591 3417 674 3488 lo,
706 3414 783 3475 ad
809 3415 988 3475 Rom.
1019 3415 1118 3488 to,
1147 3415 1493 3476 communis
1521 3415 1744 3475 modus
1761 3414 2151 3494 concipiendi

593 3509 780 3569 fidem
809 3513 899 3568 est
927 3525 1038 3586 per
1074 3507 1383 3583 auditum,
1412 3515 1474 3568 et
1501 3515 1820 3570 externam
1855 3508 2153 3585 praedica-

591 3602 824 3663 tionem
847 3619 918 3662 ac
946 3599 1290 3660 doctrinam
1313 3623 1327 3660 :
1353 3603 1417 3662 in
1437 3600 1553 3662 hoc
1575 3610 1782 3662 autem
1807 3603 1991 3662 modo
2016 3621 2153 3681 pro-

591 3694 860 3774 ponendi
883 3693 1094 3768 fidem,
1126 3693 1260 3754 fieri
1282 3713 1408 3755 non
1433 3702 1630 3774 potest
1653 3701 1723 3756 ut
1745 3695 1959 3762 omnia
1986 3713 2151 3775 mys-

590 3785 748 3848 teria
772 3784 1038 3864 symboli
1082 3785 1228 3848 fidei
1267 3787 1451 3848 simul
1501 3795 1942 3867 proponantur.
1988 3791 2149 3868 Ergo

591 3879 1102 3955 cathecumenus,
1149 3880 1322 3942 verbi
1376 3882 1576 3959 gratia
1597 3927 1618 3958 ,
1674 3882 1843 3962 prius
1889 3882 2151 3945 audiens

591 3975 787 4034 Deum
812 3990 966 4052 esse,
1007 3981 1068 4034 et
1104 3981 1632 4036 remuneratorem
1675 3993 1744 4035 ac
1781 3974 2149 4036 salvatorem

591 4085 745 4142 esse,
785 4068 964 4146 cujus
981 4067 1270 4129 voluntas
1295 4085 1406 4146 per
1441 4067 1746 4128 auxilium
1795 4067 2013 4145 gratim
2051 4086 2151 4128 ac-

589 4161 1018 4221 commodatur
1051 4160 1130 4220 ad
1165 4159 1570 4235 credendum,
1613 4161 1826 4222 statim
1863 4161 2061 4222 credit
2084 4160 2151 4222 id

589 4253 756 4334 quod
783 4255 862 4314 de
889 4255 1011 4315 Deo
1057 4255 1175 4314 sibi
1217 4254 1600 4334 propositum
1654 4261 1768 4328 est,
1821 4261 1886 4316 et
1935 4265 2149 4316 tamen

591 4347 866 4408 nondum
905 4346 1098 4407 credit
1132 4346 1418 4426 explicite
1457 4347 1789 4421 Christum,
1820 4348 1969 4428 quia
1994 4366 2149 4410 non·

589 4441 737 4500 dum
773 4439 850 4500 de
877 4439 982 4500 illo
1003 4441 1298 4519 mysterio
1323 4441 1658 4502 instructus
1683 4447 1795 4516 est,
1829 4441 1978 4520 quia
2013 4461 2151 4503 suc-

588 4534 816 4593 cessive
859 4533 1207 4608 instruitur,
1255 4540 1326 4592 ut
1366 4533 1707 4612 supposui3
1746 4551 1895 4612 ergo
1941 4534 2010 4594 in
2040 4534 2147 4594 illo

587 4632 650 4688 et
677 4624 982 4686 similibus
1015 4627 1334 4686 invenitur
1377 4645 1488 4704 pro
1537 4625 1744 4706 aliquo
1769 4634 2049 4706 tempore
2072 4627 2148 4688 fi-

583 4719 691 4780 des
727 4718 1012 4798 explicita
1051 4720 1156 4779 nei
1205 4723 1338 4781 sine
1386 4719 1510 4780 fide
1555 4719 1842 4799 explicita
1889 4721 2141 4782 Christi.

585 4811 706 4872 Nec
741 4811 920 4872 video
959 4811 1269 4890 quomodo
1300 4813 1490 4891 possit
1517 4812 1596 4873 ad
1625 4811 1741 4874 hoc
1763 4815 2143 4893 responderi,

583 4905 705 4966 nisi
731 4904 986 4965 fortasse
1019 4905 1162 4983 quis
1210 4904 1396 4974 dicat,
1429 4924 1556 4966 non
1595 4905 1745 4966 dare
1795 4907 1990 4968 Deum
2036 4907 2147 4968 tali

579 4998 823 5060 homini
849 4998 1153 5059 auxilium
1177 4999 1484 5060 sufficiens
1501 4999 1579 5060 ad
1603 4999 1984 5062 voluntatem
2013 5017 2144 5061 cre-

489 5137 492 5144 .
578 5092 788 5170 dendi,
819 5092 1016 5152 donec
1047 5092 1228 5170 plene
1274 5093 1352 5153 sit
1378 5092 1718 5154 instructus
1747 5092 1824 5154 de
1852 5093 2140 5154 omnibus

575 5185 890 5266 mysteriis
943 5185 1287 5259 credendis,
1335 5186 1526 5246 etiam
1577 5185 1656 5246 de
1705 5185 1965 5248 Christe.
2020 5185 2139 5246 Sed

576 5278 692 5340 hoc
739 5277 916 5339 nulla
949 5289 1110 5337 certe
1141 5278 1578 5356 probabilitate
1613 5279 1872 5356 cogitari
1911 5285 2133 5358 potest,

575 5381 706 5432 tum
735 5373 882 5450 quia
915 5387 992 5430 ex
1019 5376 1192 5447 parte
1237 5370 1508 5432 hominis
1559 5389 1686 5432 non
1731 5377 1824 5433 est
1873 5371 2139 5450 impedi·

575 5471 880 5537 mentum,
911 5469 980 5520 ut
1007 5465 1432 5541 supponimus,
1464 5463 1613 5542 quia
1640 5471 1782 5524 actu
1822 5481 1948 5523 non
2000 5481 2139 5542 pec-

571 5564 693 5632 cat,
713 5555 838 5614 imo
871 5555 1135 5616 attendit
1169 5555 1248 5616 ad
1281 5555 1622 5618 audiendas
1653 5573 1749 5620 res
1777 5555 1922 5616 fidei
1932 5572 1956 5633 3
1980 5553 2141 5618 Deus

1024 423 1260 476 mSPU'r.
1295 421 1402 476 xli.
1435 423 1518 475 DE
1549 421 1967 476 NECESSITATE
1998 421 2163 474 FIDE!
2196 419 2525 486 QUATENUS
2554 419 2670 473 EST
2704 420 2944 478 unuln!
2974 423 3071 498 Al)⁶
3094 422 3389 476 SALUTEH.

2253 523 2464 580 autem
2490 538 2563 580 ex
2594 525 2767 600 parte
2788 539 2901 582 sua
2918 539 3161 602 semper
3182 529 3269 585 est
3288 529 3520 604 paratus
3544 528 3611 590 ad
3626 530 3747 593 dan·

2252 614 2405 674 dum
2433 612 2737 674 auxilium
2760 613 3068 675 sufficiens
3081 631 3101 692 ;
3130 620 3265 676 tum
3284 617 3463 678 etiam
3484 620 3612 700 quia
3631 641 3748 704 sup-

2251 706 2541 786 ponimus
2570 705 2948 768 sufficienter
2977 709 3237 788 proponi
3266 713 3601 788 mysterium
3624 715 3748 778 illud

2254 799 2417 880 quod
2449 797 2558 859 tali
2588 797 2829 859 homini
2854 801 3259 880 praedicatum
3294 818 3431 864 cum
3452 803 3559 865 hac
3578 815 3749 872 autem

2257 893 2673 973 propositione
2698 897 2954 954 externa
2972 911 3049 954 ex
3074 892 3212 971 lege
3232 895 3339 955 Dei
3365 895 3661 976 conjuncta
3679 911 3751 964 ost

2256 988 2503 1047 interna
2542 985 2829 1048 excitatio
2872 985 3208 1063 sufficienti,
3264 994 3335 1048 ut
3381 992 3553 1067 possit
3596 993 3749 1058 homo

2256 1079 2505 1140 credere
2532 1079 2582 1140 si
2620 1077 2769 1140 velit
2784 1095 2805 1156 3
2836 1097 2985 1158 ergo
3017 1097 3095 1140 ex
3134 1079 3373 1144 defectu
3400 1084 3749 1152 auxiliisuffi·

2253 1173 2491 1244 cientis,
2525 1190 2649 1232 non
2690 1173 3030 1234 necessario
3056 1174 3289 1236 carebit
3324 1174 3425 1236 ille
3464 1176 3631 1240 homo
3670 1201 3749 1244 vo-

2250 1265 2490 1328 luntate
2524 1264 2813 1326 credendi
2828 1287 2847 1340 ;
2889 1271 3090 1345 potest
3116 1285 3266 1346 ergo
3292 1265 3473 1332 fidem
3510 1273 3605 1332 Dei
3640 1293 3752 1338 con·

2246 1359 2471 1438 cipere,
2521 1358 2800 1420 nondum
2834 1357 3043 1420 audita
3086 1362 3515 1440 praedicatione
3550 1365 3617 1426 de
3658 1367 3753 1430 fide

2246 1451 2489 1514 Christi.
2518 1453 2791 1532 Denique
2820 1455 2889 1514 in
2917 1451 3055 1514 aliis
3080 1455 3270 1516 etiam
3318 1456 3547 1518 casibus
3590 1467 3755 1538 potest

2242 1547 2599 1626 contingere
2626 1547 2831 1608 media
2860 1548 3214 1625 ignorantia
3242 1549 3609 1622 invincibili;
3636 1572 3751 1616 nam

2244 1645 2443 1718 potest
2468 1638 2689 1719 aliquis
2725 1639 2953 1700 habere
2976 1657 3191 1702 veram
3219 1641 3406 1702 fidem
3440 1649 3500 1702 et
3526 1644 3751 1707 infusam

2244 1733 2321 1793 de
2347 1731 2659 1812 aliquibus
2701 1733 3033 1811 mysteriis,
3078 1735 3325 1796 etiamsi
3352 1755 3461 1815 per
3507 1737 3753 1816 ignoran-

2240 1827 2393 1886 tiam
2419 1826 2843 1888 invincibilem
2870 1834 3035 1889 erret
3072 1828 3141 1890 in
3167 1828 3329 1908 aliis,
3360 1837 3429 1890 ut
3456 1841 3671 1894 constat
3692 1853 3753 1896 ex

2238 1905 2418 1979 dictis
2446 1920 2511 1980 in
2552 1919 2986 2000 superioribus,
3018 1927 3079 1981 et
3108 1911 3275 1982 infra
3306 1923 3488 1984 etiam
3518 1924 3750 2004 dicetur-3

2237 2029 2384 2090 ergo
2406 2019 2605 2092 potest
2622 2014 2738 2074 hoc
2762 2016 2967 2092 ipsum
2986 2016 3351 2094 contingere
3374 2018 3531 2078 circa
3566 2027 3755 2098 myste-

2238 2107 2331 2166 ria
2358 2107 2699 2167 necessario
2744 2107 3047 2170 credenda
3073 2110 3149 2170 de
3172 2110 3421 2172 Christo
3444 2127 3461 2184 ;
3512 2117 3579 2172 ut
3600 2113 3642 2172 si
3668 2114 3755 2174 ali·

2242 2200 2383 2278 quis
2412 2197 2674 2278 simplex
2713 2200 2969 2262 credens
2996 2201 3193 2263 multa
3224 2220 3374 2266 vera
3408 2203 3485 2264 dc
3524 2205 3653 2280 Dec,
3684 2207 3755 2267 in·

2242 2293 2613 2354 vincibiliter
2663 2294 2911 2372 ignoret
2952 2295 3051 2358 vel
3110 2296 3500 2358 divinitatem
3549 2297 3753 2374 Christi,

2241 2388 2341 2448 vel
2370 2387 2738 2466 passionem,
2773 2388 2869 2450 vel
2901 2388 3133 2468 aliquid
3157 2390 3404 2467 simile3
3430 2389 3495 2450 in
3520 2389 3617 2451 illo
3641 2410 3754 2472 ergo

2242 2482 2468 2560 poterit
2492 2499 2621 2541 esse
2645 2481 2798 2542 fides
2834 2481 3122 2562 explicita
3154 2483 3260 2546 Dei
3290 2483 3425 2544 sine
3452 2483 3565 2544 fide
3588 2484 3755 2546 infusa

2242 2579 2305 2634 et
2366 2572 2655 2652 explicita
2709 2575 2933 2636 Christi
2949 2597 2968 2650 3
3040 2593 3189 2638 nam
3244 2577 3357 2656 qui
3420 2582 3577 2637 errat
3624 2578 3755 2639 circa

2240 2665 2489 2746 aliquod
2518 2668 2906 2746 mysterium,
2948 2685 3073 2729 non
3122 2674 3325 2748 potest
3352 2667 3570 2730 habere
3602 2669 3754 2732 fidem

2240 2758 2513 2820 infusam
2568 2759 2722 2839 ejus.
2778 2761 2881 2822 Sic
2934 2779 3082 2840 ergo
3128 2761 3381 2828 videtur
3426 2761 3753 2826 sufficienter

2238 2852 2569 2933 probatum
2622 2853 2773 2916 illud
2824 2855 3217 2936 principium,
3274 2855 3443 2935 quod
3474 2856 3539 2916 in
3584 2855 3751 2936 aliquo

2238 2963 2386 3007 casu
2418 2946 2608 3026 possit
2652 2965 2783 3008 esse
2817 2946 2969 3008 fides
3006 2947 3116 3009 Dei
3149 2949 3465 3028 explicita,
3516 2949 3751 3012 nondum

2239 3047 2597 3120 comparata
2623 3040 2746 3102 fide
2771 3040 3060 3120 explicita
3086 3041 3339 3104 Christi.

2318 3135 2414 3194 13.
2446 3131 2853 3216 prom-eastw-
2865 3133 3139 3214 probatio
3158 3136 3539 3199 assertionis.
3562 3133 3753 3200 —A122

2233 3243 2485 3306 quorum
2516 3227 2844 3308 responsio.
2870 3257 2955 3274 --
2979 3226 3399 3308 Improbatur.
3427 3261 3507 3275 -
3531 3230 3562 3290 J
3566 3247 3657 3290 am
3681 3249 3753 3288 er-

2232 3335 2315 3396 go
2358 3317 2653 3398 probatur
2688 3323 3131 3400 consequentia
3179 3322 3372 3400 primi
3422 3322 3749 3400 argumenti,

2231 3429 2339 3472 seu
2365 3411 2535 3474 aliud
2564 3413 2961 3492 principium,
2982 3413 3229 3490 scilicet,
3257 3415 3425 3494 quod
3446 3415 3579 3482 talis
3604 3415 3751 3476 homo

2232 3507 2419 3584 possit
2444 3507 2653 3568 statim
2686 3525 2797 3568 seu
2824 3524 2935 3586 pro
2962 3506 3071 3568 illo
3118 3515 3403 3588 tempore
3446 3507 3750 3588 justificari,

2232 3599 2379 3678 quia
2420 3617 2529 3680 pcr
2576 3599 2959 3662 voluntatem
3008 3607 3209 3680 potest
3246 3608 3377 3664 toto
3426 3603 3596 3664 corde
3636 3621 3753 3661 cou-

2232 3693 2391 3752 verti
2434 3691 2515 3753 ad
2560 3694 2779 3770 Deum,
2816 3711 2926 3773 per
2980 3693 3167 3756 fidem
3208 3695 3337 3756 sibi
3391 3697 3751 3776 propositum,

2229 3783 2543 3864 diligendo
2570 3804 2717 3848 eum
2762 3805 2948 3866 super
2994 3787 3231 3864 omnia,
3278 3796 3345 3850 et
3389 3788 3668 3868 sperando
3690 3787 3753 3846 ab

2230 3878 2337 3940 illo
2363 3878 2648 3956 salutem,
2668 3886 2729 3941 et
2743 3881 3171 3942 remissionem
3193 3889 3609 3961 peccatorum;
3634 3897 3751 3958 ergo

2230 3979 2430 4052 potest
2472 3973 2823 4052 justificari.
2861 3972 3320 4054 Consequentia
3362 3983 3525 4040 certa
3570 3982 3651 4036 est
3692 3991 3751 4034 ex

2230 4067 2494 4128 materia
2536 4066 2613 4128 de
2635 4067 2835 4146 gratia
2863 4073 2925 4127 et
2968 4067 3359 4146 paenitentia,
3390 4070 3533 4149 quia
3560 4067 3655 4128 illa
3678 4073 3751 4126 est

2230 4158 2449 4220 ultima
2478 4158 2791 4238 dispositio
2818 4159 2898 4221 ad
2920 4159 3453 4240 justificationem,
3486 4167 3544 4224 ct
3575 4161 3751 4222 remis-

2229 4253 2467 4314 sionem
2496 4258 2927 4332 peccatorum;
2956 4254 3150 4332 posita
3178 4261 3392 4316 autem
3423 4254 3625 4315 ultima
3654 4253 3751 4310 dis·

2230 4346 2553 4424 positione,
2581 4345 2987 4406 infallibiliter
3030 4347 3311 4428 sequitur
3350 4349 3567 4410 forma.
3598 4350 3751 4408 Aute-

2226 4438 2447 4499 cedens
2490 4445 2701 4500 autem
2736 4439 3054 4519 probatur,
3102 4440 3249 4519 qnia
3294 4460 3409 4521 per
3447 4441 3623 4502 iidem
3666 4437 3753 4498 Dei

2224 4533 2529 4594 excitatur
2573 4533 2763 4595 homo
2804 4533 2883 4594 ad
2938 4533 3339 4596 dilectionem
3388 4543 3452 4598 et
3490 4535 3751 4615 poeniten-

2224 4624 2407 4685 tiam.
2454 4625 2847 4706 Respondent
2889 4625 3106 4706 aliqui,
3161 4628 3227 4687 in
3270 4627 3411 4708 lege
3454 4646 3607 4688 nova
3650 4633 3752 4684 sta-

2226 4719 2413 4780 tuisse
2439 4720 2635 4780 Deum
2666 4737 2793 4782 non
2832 4718 2983 4782 dare
3018 4721 3327 4782 auxilium
3353 4721 3665 4794 sufficiens,
3690 4735 3751 4776 cx

2225 4818 2399 4893 parte
2444 4812 2779 4872 voluntatis
2823 4815 3237 4874 necessarium
3282 4813 3361 4874 ad
3406 4811 3751 4894 justificatio-

2225 4925 2396 4982 nem,
2447 4907 2547 4969 vel
2596 4907 2990 4970 dilectionem
3024 4927 3209 4988 super
3256 4911 3492 4983 omnia,
3543 4903 3747 4970 etiamsi

2225 4998 2415 5061 homo
2444 5001 2651 5062 credat
2670 5001 2807 5079 jam
2836 5001 3057 5076 Deum,
3087 5008 3149 5064 et
3174 5021 3285 5064 sua
3312 5009 3561 5083 peecata
3580 5005 3637 5061 et
3674 4999 3751 5056 in-

2220 5092 2563 5170 digentiam
2590 5092 2817 5154 divinas
2844 5094 3060 5171 gratiae
3089 5102 3443 5173 cognoscat,
3488 5095 3669 5154 donec
3684 5089 3747 5148 de

2220 5185 2343 5246 fide
2373 5187 2595 5248 Christi
2637 5189 2716 5248 sit
2758 5187 3045 5266 explicite
3090 5191 3449 5250 instructus.
3502 5185 3615 5250 Sed
3652 5184 3747 5244 1100

2221 5297 2349 5340 non
2396 5280 2641 5340 videtur
2680 5280 2837 5340 mihi
2882 5280 3263 5360 probabilius
3296 5300 3487 5362 quam
3522 5280 3577 5340 id
3606 5273 3743 5357 quod

2222 5373 2405 5452 paulo
2428 5381 2570 5434 ante
2596 5373 2729 5435 dixi
2758 5375 2833 5434 de
2860 5374 3179 5436 voluntate
3208 5375 3518 5438 credendi.
3542 5371 3741 5440 Prima,

2221 5467 2368 5544 quia
2396 5466 2512 5526 hoc
2552 5485 2679 5528 non
2712 5473 2899 5544 auget
2922 5467 3190 5546 gratiam
3220 5468 3371 5548 legis
3408 5483 3575 5530 novae
3596 5509 3614 5538 ,
3653 5455 3743 5521 sed

2218 5559 2425 5641 potius
2452 5558 2624 5622 illam
2648 5560 2970 5640 restringit
2992 5565 3055 5622 et
3078 5561 3339 5624 minuit:
3358 5562 3414 5624 si
3436 5559 3599 5624 enim
3618 5557 3742 5618 ante
