3900 6217
548 405 669 470 400

549 514 712 576 dem.
746 513 920 576 Nunc
963 517 1174 574 autem
1220 517 1464 591 peccata
1499 510 1780 574 fidelium
1821 526 2119 573 vocamus

549 625 644 678 ea,
689 625 828 686 quoe
872 605 1003 668 sine
1045 605 1377 666 amissione
1420 603 1592 680 fidei,
1637 624 1710 667 ac
1748 604 2009 684 proinde
2052 603 2117 664 in

550 719 730 760 sensu
763 700 1102 780 composito
1125 699 1192 760 in
1212 699 1466 760 homine
1489 698 1654 760 fideli
1681 717 1812 760 esse
1836 701 2112 776 possunt.

549 793 625 854 Et
654 793 729 854 de
759 793 831 854 iis
872 793 939 854 in
967 792 1256 873 proesenti
1287 792 1704 872 disputatione
1749 796 2115 864 tractamus,

550 885 699 966 quia
727 887 988 947 materia
1017 884 1220 946 brevis
1251 890 1364 960 est,
1403 891 1474 945 ut
1506 890 1716 964 postea
1755 883 2120 944 latissimam

553 978 876 1039 materiam
908 977 983 1038 de
1018 977 1379 1038 infidelitate
1408 977 1810 1057 disputemus
1845 976 2121 1054 Denique

544 1072 728 1151 juxta
758 1070 911 1132 duas
956 1069 1364 1149 obligationes
1409 1070 1702 1150 praecepti
1743 1069 1888 1130 fidei
1935 1084 2124 1146 supra

457 1239 476 1250 .
549 1165 911 1240 declarataS‚
956 1164 1422 1240 affirmativam,
1471 1164 1725 1239 scilicet,
1774 1170 1835 1224 et
1881 1161 2123 1240 negati-

549 1277 725 1332 vam,
769 1257 1096 1337 dupliciter
1147 1263 1345 1336 potest
1389 1257 1590 1318 fidelis
1633 1264 1850 1319 contra
1897 1273 2123 1335 praece-

551 1357 728 1430 ptum
751 1350 895 1412 fidei
923 1368 1201 1429 peccare,
1228 1350 1481 1425 scilicet,
1504 1350 1848 1412 omittendo
1869 1356 1929 1410 et
1954 1366 2118 1409 com-

554 1443 879 1519 mittendo,
907 1462 1043 1522 quae
1071 1443 1192 1504 duo
1219 1461 1451 1522 genera
1484 1450 1879 1524 peccatorum
1915 1442 2121 1505 brevi-

551 1541 645 1596 ter
678 1535 1145 1617 explicabimus,

1189 1779 1407 1831 sssc'rlo
1443 1779 1479 1831 Ι.

556 1969 782 2044 Quibus
805 1966 996 2032 modis
1015 1974 1228 2032 contra
1249 1969 1558 2031 internum
1587 1966 1734 2045 fidei
1755 1973 2121 2049 proeceptum

625 2083 738 2145 por
783 2063 1158 2126 omissionem
1207 2070 1507 2146 peccatur,
1561 2069 1617 2127 et
1674 2060 2017 2142 specialiter
2054 2063 2121 2124 de

631 2156 1010 2236 ignorantia.

637 2382 692 2440 1.
747 2380 966 2443 Prima
1017 2379 1269 2444 assertio
1297 2405 1320 2440 :
1345 2397 1528 2462 prave
1559 2385 1875 2461 peccatum
1925 2380 1987 2440 in
1996 2383 2114 2441 ter·

555 2474 693 2535 dum
736 2471 1133 2536 committitur
1161 2474 1480 2536 omittendo
1515 2472 1820 2534 internum
1847 2471 1991 2548 fidei
2018 2491 2114 2534 ao·

554 2573 704 2629 tum.
727 2598 809 2611 —
836 2567 927 2626 Ex
955 2572 1258 2646 praecepto
1295 2565 1440 2626 fidei
1475 2565 1846 2628 affirmativo
1889 2564 2117 2644 duplex

553 2659 752 2720 oritur
771 2658 1092 2737 obligatio,
1122 2669 1192 2718 ut
1219 2676 1406 2736 supra
1428 2659 1616 2719 etiam
1647 2658 1812 2718 dixi:
1839 2676 1967 2718 una
2023 2664 2114 2717 est

553 2752 628 2812 ad
680 2752 1089 2813 exercendum
1129 2750 1339 2812 debito
1365 2757 1648 2832 tempore
1675 2757 1882 2812 actum
1922 2749 2115 2824 fidei;

555 2845 678 2907 alia
705 2851 798 2906 est
825 2843 904 2904 ad
929 2843 1243 2905 sciendam
1277 2844 1603 2904 materiam
1655 2843 1824 2919 fidei,
1867 2849 1936 2902 ut
1981 2860 2118 2921 pos-

555 2939 638 2998 sit
679 2955 790 2998 suo
825 2941 1102 3016 tempore
1131 2941 1303 2997 actus
1334 2935 1479 2996 fidei
1525 2936 1686 2996 circa
1731 2934 1906 2995 illam
1947 2953 2118 2996 exer-

521 3029 701 3106 ·ccri‚
752 3035 814 3088 et
867 3029 1210 3088 contrarius
1259 3034 1430 3089 actus
1471 3029 1678 3089 vitari.
1718 3028 1923 3089 Primo
1967 3045 2115 3106 ergo

555 3123 885 3184 dicendum
912 3127 1025 3198 est,
1056 3123 1367 3184 interdum
1394 3121 1636 3202 peccari
1664 3121 1939 3200 graviter
1972 3139 2116 3180 cou-

553 3224 648 3277 tra
695 3215 838 3276 fidei
867 3215 1336 3294 obligationem,
1380 3213 1722 3275 omittendo
1757 3214 2117 3274 interiorem

553 3314 760 3372 actum
789 3308 937 3370 fidei
966 3309 1166 3390 quoad
1199 3308 1556 3370 exercitium
1585 3307 1720 3385 ejus
1733 3322 1753 3384 ;
1780 3307 1856 3367 de
1883 3306 2002 3367 hac
2026 3325 2118 3367 as-

553 3404 843 3476 sertione,
893 3421 1000 3464 seu
1042 3401 1118 3463 de
1161 3402 1277 3462 hoc
1313 3417 1538 3480 genere
1577 3400 1808 3480 peceati
1850 3401 1952 3461 vix
2007 3399 2121 3460 ali-

555 3498 704 3577 quid
755 3498 820 3557 in
875 3497 1223 3558 doctoribus
1271 3497 1624 3570 invenitur,
1673 3495 1928 3556 sortasse
1976 3497 2119 3575 quia

554 3592 669 3652 hoc
699 3597 1019 3670 peccatum
1053 3589 1240 3650 nimis
1267 3589 1576 3650 occultum
1605 3594 1720 3663 est,
1767 3595 1896 3649 tam
1933 3589 2118 3650 ratio-

555 3704 634 3746 ne
673 3691 846 3746 actus
873 3685 1102 3747 interni
1133 3683 1232 3745 eui
1261 3684 1616 3763 opponitur,
1660 3701 1847 3762 quam
1874 3683 2115 3744 ratione

557 3779 850 3858 temporis
883 3795 992 3858 pro
1023 3795 1144 3857 quo
1173 3782 1550 3857 praeceptum
1580 3775 1724 3836 fidei
1766 3774 2003 3854 obligat
2038 3775 2117 3836 ad

557 3873 920 3933 exercitium
967 3878 1138 3932 actus
1158 3914 1178 3945 ‚
1221 3869 1388 3948 quod
1423 3868 1673 3928 difficile
1725 3868 2111 3945 designatur,

556 3971 627 4024 ut
683 3983 868 4044 supra
921 3965 1107 4025 etiam
1162 3962 1315 4039 dixi,
1365 3961 1522 4041 disp.
1579 3964 1678 4032 13,
1736 3959 2003 4020 sectione
2052 3963 2112 4034 5,

557 4075 732 4120 num.
768 4061 840 4135 63
887 4058 985 4120 vel
1031 4059 1219 4120 etiam
1271 4056 1416 4136 quia
1463 4055 1580 4116 hoc
1616 4060 1929 4134 peccatum
1972 4072 2115 4114 raro

557 4152 990 4226 committitur,
1041 4151 1129 4210 ita
1174 4155 1246 4210 ut
1297 4149 1375 4209 sit
1419 4147 1684 4227 speciale
1737 4153 1952 4208 contra
1999 4147 2116 4207 hoc

557 4249 960 4323 paeceptum,
1010 4243 1156 4322 quia
1199 4240 1495 4317 obligatio
1537 4239 1862 4301 exercendi
1902 4247 2113 4300 actum

556 4338 701 4398 fidei
735 4337 1118 4417 frequentius
1147 4335 1344 4397 oritur
1369 4353 1448 4394 ex
1474 4333 1612 4393 aliis
1639 4332 1994 4407 virtutibuS,
2022 4351 2116 4394 re-

556 4429 824 4508 ligioniS,
847 4428 1246 4508 poenitentioe,
1262 4432 1370 4487 aut
1389 4424 1712 4486 similium.
1733 4425 1902 4485 Unde
1927 4424 2115 4484 ctiam

559 4509 816 4583 fortasse
847 4522 1074 4582 factum
1108 4526 1198 4580 est
1226 4526 1297 4580 ut
1333 4519 1448 4579 hoc
1474 4527 1792 4597 peccatum
1841 4535 1965 4575 non
2011 4517 2119 4577 ha-

557 4614 703 4674 beat
739 4613 1000 4693 speciale
1041 4629 1269 4674 nomeu
1295 4611 1676 4689 impositum,
1714 4610 1858 4688 quia
1904 4626 2118 4669 revera

561 4725 687 4767 non
739 4713 830 4767 est
874 4707 1232 4784 ignorantia
1255 4751 1272 4780 ,
1322 4706 1396 4765 de
1436 4723 1557 4783 qua
1585 4703 2000 4764 communiter
2031 4703 2111 4762 lo·

557 4805 836 4880 quuntur
862 4801 1172 4874 DoctoreS,
1203 4818 1317 4859 nec
1343 4804 1432 4858 est
1465 4798 1825 4874 simpliciter
1845 4796 2120 4855 carentia

557 4893 724 4962 fidei,
757 4893 862 4954 sed
899 4892 1101 4952 solum
1145 4891 1396 4970 quidam
1442 4908 1569 4950 non
1619 4909 1764 4949 usus
1821 4890 1955 4966 ejus
2009 4906 2119 4967 pro

557 4992 722 5047 certo
750 4985 1046 5064 temporis
1083 4983 1365 5044 articulo.

638 5083 698 5140 2.
745 5080 882 5141 Hoc
928 5080 1239 5158 peccatum
1276 5075 1614 5137 omissionis
1657 5075 1800 5154 fidei
1848 5077 1938 5137 est
1985 5091 2116 5152 spe·

560 5173 735 5247 ciale,
764 5176 822 5235 et
845 5169 1098 5232 mortale
1131 5186 1204 5231 ea·
1233 5167 1678 5251 ymera—Sed
1707 5166 2115 5228 nihilominus

558 5266 772 5344 negari
801 5282 926 5325 non
953 5266 1156 5343 potest
1178 5261 1332 5340 quin
1365 5262 1482 5321 hoe
1507 5262 1585 5321 sit
1615 5260 1878 5339 speciale
1901 5277 2114 5340 pecca-

557 5365 692 5418 tum
724 5355 1072 5417 omissionis
1097 5353 1476 5415 contrarium
1513 5353 1680 5427 fidei,
1717 5359 1780 5414 et
1821 5371 1899 5413 ex
1928 5369 2117 5430 gene-

556 5471 624 5513 re
663 5469 775 5510 suo
823 5448 1110 5512 mortale.
1163 5446 1486 5520 Probatur,
1537 5446 1684 5525 quia
1733 5453 1972 5506 certum
2024 5450 2120 5506 est

555 5549 926 5626 praeceptum
976 5540 1122 5602 fidei
1165 5539 1440 5618 obligare
1489 5539 1564 5599 ad
1622 5539 1982 5599 exercitium
2022 5537 2118 5598 sui

961 409 1198 466 mst’n‘r.
1233 411 1340 466 XV.
1376 411 1456 464 ΒΕ
1491 410 1784 466 ΡΕΕΕΑΤΙὸ
1817 409 2109 464 rim-:uun
2144 407 2389 462 CONTRA
2422 407 2810 464 Pnfflcssp‘run
2843 409 3159 466 {Mennim
3188 411 3364 468 Pium.

2197 515 2392 587 actus,
2446 518 2517 571 ut
2561 529 2749 590 supra
2787 512 2989 573 visum
3024 518 3135 574 est.
3174 514 3411 576 Certum
3438 525 3521 580 est
3539 523 3695 586 etiam

2198 623 2377 684 posse
2426 603 2747 666 hominem
2791 604 3137 668 voluntarie
3173 625 3295 668 non
3344 626 3597 676 exercere
3624 625 3699 680 ta·

2199 696 2322 758 lem
2355 705 2557 758 actum
2607 704 2883 777 tempore
2924 699 3155 776 debito,
3206 700 3349 778 quia
3384 701 3493 762 hoc
3528 723 3592 766 ex
3639 709 3699 768 li·

2201 790 2434 852 bertate
2465 790 2735 851 hominis
2766 791 3031 870 pendet3
3062 811 3210 872 ergo
3250 799 3392 854 tunc
3419 795 3515 856 illa
3550 802 3703 862 omis-

2200 885 2290 944 sio
2356 886 2474 944 erit
2529 884 2791 965 speciale
2842 893 3157 964 peccatum
3208 901 3413 947 contra
3456 890 3703 954 virtutem

2200 977 2367 1053 fidei,
2416 978 2565 1057 quia
2592 983 2686 1038 est
2724 979 3133 1056 transgressio
3174 978 3441 1057 specialis
3466 987 3706 1063 praecepti

2203 1074 2361 1151 ejus,
2412 1079 2476 1134 et
2512 1070 2776 1151 privatio
2810 1073 3063 1134 moralis
3118 1073 3359 1134 honesti
3392 1080 3547 1136 actus
3584 1085 3707 1142 tunc

2202 1166 2419 1228 debiti.
2452 1167 2608 1240 Quia
2640 1184 2789 1227 vero
2832 1165 2951 1228 hoc
2996 1171 3312 1246 peceatum
3352 1187 3511 1230 mere
3544 1171 3705 1233 inter-

2204 1277 2357 1320 num
2398 1268 2514 1337 est,
2558 1279 2683 1322 non
2732 1260 2919 1322 habet
2964 1261 3337 1341 peculiarem
3366 1280 3591 1341 poenam
3616 1267 3708 1327 im-

2204 1355 2491 1434 positam,
2527 1355 2677 1434 quia
2712 1355 2788 1416 de
2818 1354 2935 1416 hoc
2967 1353 3207 1416 defectu
3240 1363 3509 1416 constare
3545 1359 3713 1420 Eccle-

2204 1447 2309 1508 sioe
2340 1466 2463 1508 non
2496 1453 2717 1528 potest,
2746 1448 2864 1508 nisi
2894 1447 3143 1527 quando
3165 1445 3351 1508 simul
3374 1458 3633 1525 peccatur
3658 1453 3711 1512 in

2202 1540 2583 1602 confessione
2632 1538 2813 1615 fidei,
2852 1546 2917 1600 et
2958 1545 3107 1601 tunc
3148 1559 3273 1600 non
3338 1539 3513 1600 habet
3556 1542 3711 1604 aliam

2201 1653 2475 1715 paenam,
2512 1635 2631 1696 nisi
2658 1652 2797 1714 quae
2829 1653 2943 1715 pro
2970 1644 3219 1715 pecc-ato
3248 1635 3555 1696 commisso
3580 1639 3715 1702 circa

2202 1728 2649 1790 confessionem
2698 1727 2847 1788 fidei
2884 1727 3175 1806 imposita
3224 1733 3340 1788 est.
3388 1727 3547 1788 Unde
3586 1731 3714 1791 circa

2203 1821 2321 1882 hoc
2352 1820 2585 1900 peccati
2624 1837 2823 1899 genus
2864 1820 3028 1882 nihil
3072 1819 3241 1882 alind
3290 1821 3605 1882 notandum
3634 1841 3714 1882 oc·

2202 1915 2395 1974 currit
2412 1931 2431 1991 ;
2464 1933 2609 1976 nam
2640 1914 2717 1975 ad
2744 1915 3238 1993 cognoscendum
3269 1913 3441 1989 illud,
3479 1914 3567 1974 vel
3590 1916 3715 1975 mul-

2201 2008 2647 2088 tiplicationem
2687 2009 2857 2086 ejus,
2903 2008 3101 2068 solum
3136 2013 3283 2068 sunt
3326 2006 3717 2069 consideranda

2202 2120 2341 2182 quoe
2380 2103 2455 2161 de
2510 2110 2788 2180 tempore
2819 2100 3007 2180 hujus
3051 2100 3445 2178 obligationis
3480 2102 3717 2179 superius

2200 2197 2493 2271 diximus,
2517 2203 2662 2260 sect.
2698 2200 2735 2256 5
2776 2197 2981 2258 citata.

2281 2295 2337 2353 3.
2390 2291 2669 2354 Secunda
2716 2291 2967 2353 assertio
3002 2315 3025 2350 .·
3080 2296 3391 2372 peccatum
3438 2307 3605 2372 grave
3649 2297 3721 2352 est

2195 2386 2477 2467 iquorare
2517 2384 2809 2449 articulos
2873 2384 3018 2459 fidei
3048 2429 3064 2454 ‚
3132 2401 3282 2464 quos
3340 2400 3415 2444 σω
3464 2389 3723 2462 precepto

2194 2480 2352 2542 scire
2384 2485 2672 2542 tenemwr.
2716 2511 2795 2524 ·-
2844 2476 3092 2550 Quando
3136 2477 3341 2556 possit
3385 2493 3503 2538 esse
3560 2477 3723 2538 solum

2194 2571 2440 2636 reniale.
2474 2603 2555 2618 ·--
2582 2571 2887 2644 Secundo,
2924 2570 3257 2631 dicendum
3288 2576 3379 2630 est
3420 2569 3593 2630 etiam
3608 2588 3727 2648 pec·
3839 2601 3840 2608 κ

2194 2666 2319 2726 cari
2368 2666 2639 2743 graviter
2682 2665 3025 2742 ignorando
3066 2664 3361 2724 articulos
3410 2663 3567 2736 fidei,
3600 2681 3727 2741 qnos

2200 2779 2275 2820 ex
2304 2764 2609 2838 praecepto
2637 2759 2793 2818 scire
2832 2764 3143 2832 tenemur,
3185 2757 3376 2834 idque
3422 2754 3727 2832 intelligen-

2200 2852 2347 2912 dum
2376 2857 2470 2912 est
2496 2851 2571 2910 do
2614 2856 2745 2911 tota
2786 2849 3045 2910 materia
3078 2866 3217 2927 qum
3248 2847 3368 2908 sub
3396 2853 3727 2926 praeccptnm

2198 2942 2344 3002 fidei
2372 2942 2553 3002 cadit.
2588 2943 2733 3002 Haec
2762 2948 2855 3002 est
2902 2942 3161 3001 assertio
3207 2941 3551 3001 communis
3600 2940 3703 2998 Doc

2199 3041 2429 3109 torum,
2458 3040 2521 3096 et
2546 3043 2734 3094 certa.
2760 3035 2849 3095 lta
2876 3035 3206 3113 Sylvester,
3238 3033 3431 3094 verbo
3462 3033 3727 3101 Scientia,
3841 3117 3842 3120 Ἴ

2196 3145 2459 3188 numero
2500 3129 2720 3203 unico;
2769 3127 3043 3204 Angelus
3076 3133 3138 3186 et
3173 3127 3461 3200 Tabien.,
3510 3125 3729 3196 ibidcm3

2198 3222 2453 3296 Navar„
2478 3221 2677 3300 capite
2707 3223 2806 3293 Η,
2834 3239 3009 3279 nurn.
3040 3221 3119 3280 22
3149 3236 3168 3294 3
3202 3220 3459 3294 Medin.,
3488 3218 3633 3277 libro
3658 3235 3733 3277 se-

2201 3315 2404 3375 cundo
2432 3315 2699 3388 Summ.‚
2735 3312 2934 3391 capite
2966 3315 3025 3389 73
3051 3319 3113 3372 ct
3141 3313 3339 3373 Tolet.
3366 3311 3521 3372 libro
3546 3318 3733 3390 quarto

2200 3408 2499 3481 Summae,
2530 3427 2595 3466 cn
2608 3407 2729 3486 pite
2753 3408 2815 3481 2,
2842 3424 3105 3466 numero
3134 3407 3235 3478 10,
3270 3412 3334 3466 et
3368 3404 3496 3465 alii.
3546 3403 3735 3464 Proba-

2198 3507 2325 3574 tur,
2373 3500 2519 3578 quia
2578 3505 2793 3560 contra
2833 3517 3019 3560 omne
3062 3509 3442 3578 praeceptum
3499 3497 3733 3556 affirma-

2198 3592 2395 3652 tivum
2442 3598 2727 3669 peccatur
2778 3592 3127 3652 voluntarie
3170 3589 3518 3651 omittendo
3558 3595 3735 3650 actum

2198 3686 2333 3762 ejus
2363 3705 2379 3759 ς
2410 3684 2515 3744 sed
2551 3691 2925 3764 praeceptum
2978 3683 3125 3744 fidei
3159 3683 3593 3744 affirmativum
3618 3697 3739 3739 vere

2197 3777 2431 3855 obligat
2460 3777 2538 3836 ad
2562 3777 2877 3838 sciendam
2906 3777 3231 3837 materiam
3258 3776 3432 3850 fidei,
3454 3776 3551 3836 cui
3572 3775 3740 3834 scicn-

2196 3870 2299 3930 tiae
2321 3887 2431 3947 per
2458 3869 2719 3930 modum
2741 3869 3095 3930 omissionis
3117 3869 3457 3948 opponitur
3478 3869 3738 3945 ignoran-

2196 3961 2305 4036 tia,
2332 3978 2522 4040 quam
2564 3969 2787 4022 vocant
2836 3962 3181 4040 negationis
3222 3979 3331 4022 seu
3382 3959 3733 4040 privationis

2196 4053 2271 4113 de
2298 4071 2422 4132 qua
2451 4073 2617 4114 nunc
2644 4053 2979 4134 loquimur-3
3023 4071 3171 4132 ergo
3218 4053 3363 4114 talis
3416 4051 3739 4131 ignorantia

2196 4154 2285 4208 est
2302 4146 2561 4224 speciale
2578 4154 2894 4226 peccatum
2906 4148 3255 4209 omissionis
3270 4152 3489 4208 contra
3502 4163 3741 4225 praecep-

2194 4246 2329 4300 tum
2344 4239 2509 4302 fidei.
2532 4241 2705 4302 Unde
2722 4243 2908 4303 etiam
2925 4249 3161 4301 constat
3175 4241 3295 4301 hoc
3310 4246 3619 4321 peccatum
3634 4255 3741 4296 csse

2198 4332 2459 4394 mortale
2490 4351 2565 4394 ex
2590 4353 2813 4413 genere
2841 4353 2975 4410 suo,
2995 4340 3065 4393 ut
3084 4351 3301 4395 omnes
3314 4334 3503 4393 etiam
3522 4332 3739 4392 docent.

2198 4427 2272 4484 Et
2291 4427 2448 4487 ratio
2479 4431 2591 4500 est,
2618 4426 2765 4506 quia
2788 4433 3168 4507 praeceptum
3188 4434 3285 4487 est
3310 4425 3738 4503 gravissimum,

2198 4524 2261 4578 et
2294 4519 2370 4578 de
2399 4538 2465 4580 re
2484 4519 2665 4581 valde
2697 4521 3038 4582 necessaria
3067 4520 3145 4581 ad
3180 4518 3474 4592 salutem3
3500 4517 3741 4594 gravitas

2199 4619 2409 4672 autem
2444 4613 2679 4690 peu-ati
2707 4631 2781 4673 ex
2824 4613 3129 4690 gravitate
3182 4611 3457 4672 materiae
3502 4617 3562 4670 et
3608 4624 3743 4686 prze-

2201 4705 2364 4782 cepti
2386 4703 2725 4782 ¹judicanda
2752 4711 2865 4766 est.
2895 4705 3043 4766 Dico
3058 4710 3268 4765 autem
3310 4721 3385 4766 oa:
3400 4718 3603 4785 genere
3626 4715 3737 4767 suo,

2199 4798 2346 4875 quia
2386 4798 2549 4857 intra
2576 4815 2749 4858 suam
2785 4799 3053 4877 speciem
3093 4803 3187 4857 est
3222 4796 3527 4869 mortale3
3556 4795 3615 4852 in
3656 4792 3741 4849 in-

2201 4888 2455 4950 dividuo
2484 4895 2695 4951 autem
2732 4896 2929 4971 potest
2954 4909 3085 4952 esse
3108 4890 3374 4965 veniale,
3407 4889 3507 4951 vel
3535 4905 3609 4948 ex
3634 4882 3738 4944 levi

2196 4982 2571 5062 negligentia
2596 5030 2616 5059 ,
2687 5003 2793 5045 seu
2856 4983 3211 5064 imperfecta
3276 4983 3703 5044 deliberatione
3722 5020 3737 5048 ,

2196 5075 2369 5153 juxta
2398 5093 2470 5136 ea
2499 5095 2638 5154 quae
2670 5077 2853 5156 paulo
2882 5084 3019 5156 post
3044 5077 3243 5137 dicam
3252 5099 3269 5152 3
3294 5076 3397 5136 vel
3414 5093 3492 5137 ex
3520 5073 3741 5136 levitate

2196 5169 2499 5242 materiae,
2536 5170 2713 5248 juxta
2756 5188 2943 5248 snpra
2978 5170 3166 5241 dicta,
3210 5168 3619 5248 disputatione
3657 5163 3736 5223 ¹3.

2200 5261 2352 5320 Nam
2376 5262 2689 5338 ignorare,
2712 5262 2882 5322 verbi
2900 5263 3124 5341 gratia,
3158 5261 3569 5322 substantiam
3596 5271 3741 5334 mys-

2198 5354 2495 5415 teriorum
2541 5355 2833 5434 symboli,
2893 5355 2992 5416 vel
3046 5355 3279 5434 aliquid
3330 5373 3409 5414 ex
3444 5347 3741 5432 praecipuis

2199 5445 2470 5522 illorum,
2532 5448 2789 5509 materia
2844 5446 3053 5525 gravis
3104 5455 3217 5522 est3
3274 5448 3509 5508 nescire
3554 5447 3741 5503 antem

2204 5537 2407 5617 ipsum
2459 5540 2821 5620 Symbolum
2886 5542 3269 5618 memoriter,
3324 5539 3423 5601 vel
3482 5537 3741 5598 ordinem
