3900 6217
523 353 642 412 364

523 458 951 538 inspiratione,
983 458 1280 539 paulatim
1318 461 1584 539 insurgit
1613 461 1729 521 ista
1761 461 2081 540 obligatio,

519 554 698 632 juxta
747 553 1001 613 modum
1049 553 1493 632 inspirationiS,
1531 559 1591 613 et
1635 554 2081 627 conditionem,

522 663 630 706 seu
659 646 1086 706 necessitatem
1125 646 1417 706 hominis,
1451 648 1684 725 ltaque,
1719 647 1768 706 si
1798 647 1878 707 sit
1894 647 2085 707 homo

522 738 788 799 infidelis
814 739 922 817 qui
950 739 1014 800 in
1060 739 1373 800 erroribus
1417 748 1634 801 eontra
1660 741 1873 801 lumen
1903 746 2083 800 natu-

521 832 648 891 rale
671 832 1001 907 detinetur,
1033 833 1285 912 incipiet
1309 850 1652 895 remorsum
1687 834 2082 895 conscientiae

523 926 750 986 sentire
781 927 943 986 circa
963 929 1258 1006 ipsosmet
1281 945 1538 1001 errores,
1570 935 1632 988 et
1661 935 1809 987 tune
1829 928 2087 1006 incipiet

523 1017 784 1094 obligari
808 1019 884 1078 ad
910 1019 1309 1099 quaerendam
1335 1019 1660 1080 veritatem
1682 1023 1746 1080 in
1768 1020 1874 1080 illa
1893 1025 2088 1081 mate-

523 1111 618 1172 ria
637 1127 658 1188 3
679 1118 742 1172 et
759 1118 910 1172 tune
933 1116 1150 1172 sicum
1179 1113 1389 1173 divino
1421 1114 1654 1174 anxilio
1681 1115 1893 1175 fecerit
1920 1114 2084 1194 quod

523 1207 587 1265 in
621 1223 686 1266 se
707 1211 820 1279 est,
860 1206 1159 1285 paulatim
1202 1208 1400 1286 magis
1437 1225 1510 1268 ae
1543 1209 1743 1287 magis
1773 1208 2089 1268 illumina-

523 1299 715 1374 bitur,
730 1306 917 1378 atque
936 1302 1024 1360 ita
1044 1302 1232 1361 etiam
1253 1304 1448 1382 magis
1467 1319 1540 1362 ae
1561 1303 1762 1380 magis
1779 1300 2087 1380 obligabi-

523 1398 627 1452 tur
652 1393 726 1452 ad
749 1392 1185 1472 inquirendam
1214 1396 1560 1468 veritatem,
1593 1395 1789 1454 donee
1816 1394 1892 1454 ad
1917 1395 2087 1454 suffi-

523 1486 788 1546 cientem
815 1486 959 1546 fidei
998 1489 1478 1566 propositionem
1510 1490 1848 1567 perveniat.
1877 1489 1955 1549 Et
1984 1488 2087 1548 hie

523 1579 770 1640 videtur
793 1597 922 1640 esse
968 1581 1317 1642 ordinarius
1349 1582 1566 1642 modus
1617 1583 1683 1642 in
1725 1581 2087 1643 hominibus

525 1673 648 1734 fide
698 1673 1048 1735 carentibus
1071 1720 1086 1744 ‚
1147 1676 1296 1754 quia
1345 1677 1510 1737 inter
1565 1693 1668 1736 eos
1727 1676 1936 1736 nullus
1994 1684 2087 1736 est

525 1767 635 1846 qui
661 1767 848 1827 etiam
875 1768 944 1828 in
973 1759 1364 1830 naturalibus
1403 1787 1528 1829 non
1567 1776 1771 1830 erret:
1799 1770 1851 1830 si
1877 1774 2086 1830 autem

524 1861 909 1940 contingeret
937 1879 1064 1921 non
1107 1881 1314 1924 errare
1361 1865 1428 1923 in
1476 1864 1574 1928 iis.
1632 1863 2003 1924 excitabitur
2050 1882 2089 1923 a

524 1953 649 2014 Deo
697 1955 959 2015 interius
979 2001 996 2028 ,
1039 1962 1109 2014 ut
1163 1955 1445 2018 altiorem
1501 1957 1610 2018 Dei
1668 1957 2085 2036 cognitionem

525 2053 780 2126 quaerat,
811 2047 906 2106 vel
935 2048 1124 2108 etiam
1163 2067 1326 2128 saepe
1371 2067 1484 2129 per
1507 2049 1816 2128 publicam
1853 2049 2087 2110 famam

525 2140 895 2218 evangelicas
920 2142 1216 2216 veritati5‚
1245 2144 1580 2222 instigante
1609 2144 1794 2202 etiam
1823 2143 2087 2204 interius

525 2233 761 2314 Spiritu
801 2235 1046 2306 Sancto,
1081 2241 1280 2313 potest
1305 2237 1446 2296 talis
1479 2235 1783 2296 dubitatio
1825 2237 2087 2297 interior

524 2327 786 2406 concipi,
827 2345 964 2406 quae
1007 2329 1240 2407 obliget
1280 2330 1600 2390 hominem
1641 2330 1720 2391 ad
1762 2331 2085 2410 inquiren·-

525 2420 668 2480 dam
692 2423 1037 2498 veritatem,
1081 2431 1144 2484 et
1171 2424 1505 2502 petendum
1535 2441 1572 2484 a
1613 2423 1736 2484 Deo
1783 2442 1856 2485 eo
1901 2425 2088 2485 modo

525 2533 648 2594 quo
673 2516 960 2594 potuerit,
985 2523 1058 2576 ut
1097 2518 1298 2596 ipsum
1330 2517 1682 2577 illuminet:
1715 2517 1813 2578 his
1853 2537 2000 2597 ergo
2027 2525 2088 2578 et

523 2609 829 2670 similibus
852 2609 1052 2671 modis
1077 2611 1356 2672 inchoari
1385 2617 1585 2691 potest
1603 2612 1735 2674 haec
1763 2612 2087 2691 obligati0,

526 2709 588 2764 et
623 2705 710 2763 ita
737 2704 926 2764 etiam
960 2710 1160 2784 potest
1189 2723 1429 2785 semper
1445 2707 1654 2784 ¹iuvari
1675 2707 1949 2766 discursu
1976 2725 2087 2766 na-

525 2799 740 2874 turali,
769 2799 914 2876 quia
939 2817 1180 2879 semper
1205 2800 1271 2860 id
1307 2800 1673 2880 proponitur
1705 2807 1776 2860 ut
1815 2819 2089 2862 necessa-

525 2891 715 2967 rium,
745 2892 842 2952 vel
873 2893 1143 2952 maxime
1173 2895 1566 2962 convenit-na,
1600 2893 1696 2954 vel
1726 2893 1802 2954 ad
1831 2893 2087 2956 honeste

523 2985 885 3060 vivendum,
925 2986 1018 3046 vel
1057 2985 1132 3046 ad
1169 2985 1358 3047 finem
1390 2987 1680 3047 ultimum
1713 3005 2091 3067 consequen-

524 3078 673 3137 dum
700 3100 716 3152 ;
751 3080 938 3138 dictat
977 3085 1186 3138 autem
1219 3079 1518 3140 naturalis
1549 3081 1704 3140 ratio
1733 3082 1934 3141 teneri
1978 3081 2085 3140 ho-

523 3171 758 3231 minem
791 3173 866 3232 ad
894 3171 1010 3232 hoe
1033 3173 1514 3252 procurandum.
1539 3175 1616 3233 Et
1639 3174 1813 3251 juxta
1831 3173 1965 3234 haee
1988 3191 2088 3234 ac·

523 3265 976 3325 commodanda
1002 3271 1147 3324 sunt
1174 3283 1312 3344 quae
1353 3267 1416 3325 in
1446 3265 1554 3326 lib.
1589 3269 1668 3328 10
1695 3266 1771 3327 de
1798 3267 2083 3346 LegibuS,

523 3375 657 3438 cap.
689 3361 753 3435 2,
789 3377 962 3418 num.
1007 3361 1068 3431 8,
1107 3360 1401 3419 diximus,

607 3451 705 3510 10.
751 3451 860 3515 Fit
887 3455 1044 3515 satis
1081 3452 1312 3515 rationi
1355 3453 1668 3517 dubitandi
1713 3453 1782 3516 in
1818 3473 1879 3516 n.
1917 3457 1974 3516 1.
2005 3489 2088 3504 --

524 3545 612 3604 Ex
644 3545 870 3623 quibus
914 3547 1092 3607 facile
1137 3554 1227 3606 est
1251 3547 1616 3625 respondere
1656 3547 1730 3607 ad
1776 3550 2083 3609 rationem

517 3636 842 3697 dubitandi
871 3639 939 3698 in
983 3639 1292 3717 principio
1337 3640 1636 3718 positam3
1689 3641 2083 3704 coneedimus

522 3732 689 3790 enim
735 3731 803 3791 in
827 3731 1042 3809 primis
1071 3732 1188 3792 hoo
1221 3739 1586 3811 praeceptum
1618 3751 1745 3793 non
1767 3751 1898 3796 esse
1929 3753 2084 3816 pure

520 3821 868 3883 humanum
889 3825 1094 3903 quoad
1118 3825 1525 3885 substantiam
1547 3843 1745 3902 suam,
1773 3834 1843 3887 ut
1863 3831 2085 3907 probat

521 3915 900 3977 sufficienter
923 3919 1080 3978 ratio
1105 3918 1296 3994 faeta3
1321 3919 1458 3978 dieo
1486 3925 1694 3979 autem
1723 3922 1926 3999 quoad
1941 3923 2083 3983 snb·

518 4009 834 4085 stantiam,
885 4011 1033 4089 qui-a
1075 4011 1278 4090 quoad
1316 4012 1593 4088 modum,
1643 4012 1739 4072 vel
1787 4013 2083 4076 determi-

518 4103 836 4163 nationem
867 4110 1064 4182 potest
1115 4103 1348 4183 aliquid
1395 4104 1624 4166 habere
1668 4123 1742 4167 ex
1777 4115 2081 4188 praecepto

519 4195 832 4272 Ecclesiae,
866 4202 936 4257 ut
974 4196 1136 4258 infra
1157 4197 1381 4258 (licam.
1431 4199 1658 4259 Deinde
1686 4201 2081 4262 concedimus

523 4295 897 4369 praeeeptum
927 4290 1043 4351 hoe
1065 4309 1192 4352 esse
1213 4291 1572 4370 simpliciter
1592 4293 2080 4371 supernaturale,

524 4383 811 4460 quamvis
853 4382 1078 4443 habeat
1127 4385 1620 4444 conformitatem
1673 4401 1812 4444 cum
1845 4387 2087 4447 ratione

525 4475 818 4550 naturali,
851 4484 921 4536 ut
947 4477 1275 4556 explicavi.

609 4577 632 4630 1
651 4573 707 4630 iz
753 4571 856 4634 Ad
875 4571 1138 4651 primam
1155 4570 1661 4652 impugnationem
1675 4589 1750 4635 ιω
1775 4571 2082 4652 Cajetano,

524 4667 738 4727 contra
783 4665 1105 4728 seeundum
1157 4667 1488 4728 membrum
1534 4667 1678 4728 ibid.
1721 4699 1803 4712 —
1836 4667 1926 4725 Ad
1962 4667 2089 4745 pri-

523 4771 690 4816 mam
730 4763 939 4816 autem
999 4756 1409 4835 objectionem
1461 4765 1675 4819 contra
1727 4759 1844 4819 hoe
1879 4775 2083 4819 mem-

523 4847 709 4908 brum
765 4867 836 4909 ex
907 4849 1197 4927 cajetano
1268 4857 1581 4929 sumptam
1631 4851 2038 4930 respondetur
2059 4897 2079 4926 ,

525 4942 808 5020 quamvis
849 4943 1332 5020 supernaturalis
1351 4945 1642 5022 perfectio
1673 4945 1751 5004 sit
1781 4961 1971 5022 supra
1990 4943 2083 5003 di-

524 5035 826 5111 gnitatem
851 5036 1197 5096 naturalem
1228 5035 1520 5113 hominis,
1552 5036 1958 5097 nihilominus
1978 5053 2084 5114 po-

521 5127 712 5188 tuisse
742 5131 938 5188 Deum
979 5130 1348 5190 constituere
1377 5129 1692 5189 hominem
1719 5129 1918 5189 inille
1948 5147 2088 5206 gra·

525 5220 608 5279 du
665 5227 727 5280 et
771 5221 1072 5298 dignitate
1131 5223 1456 5301 superiori,
1507 5223 1996 5300 independenter
2048 5241 2087 5282 a

525 5329 825 5372 consensu
863 5313 960 5374 vel
1005 5313 1324 5374 voluntate
1367 5317 1522 5393 ejus,
1569 5315 1724 5373 sieut
1757 5315 1993 5374 creavit
2022 5319 2087 5374 et

523 5404 835 5465 ordinavit
868 5407 1184 5467 hominem
1227 5407 1304 5467 acl
1333 5407 1524 5467 finem
1551 5405 2086 5484 supernaturalem

531 5515 608 5558 ex
635 5516 748 5558 sua
776 5517 948 5562 mera
975 5499 1290 5562 voluntate
1315 5505 1379 5562 et
1415 5506 1711 5580 potestate
1733 5520 1751 5574 ς
1795 5499 1957 5560 facta
1976 5517 2089 5560 au-

1393 359 1630 412 nlsruT.
1667 361 1792 413 xm.
1831 361 1911 412 DE
1945 361 2282 413 Parnoi-:Pro
2318 362 2663 415 lNTEmonls
2696 364 2878 418 Fini-31.

2164 467 2289 522 tem
2342 461 2457 524 hac
2502 464 2909 539 institutione,
2976 466 3173 545 potuit
3201 469 3382 529 etiam
3416 483 3690 554 praecepta

2164 555 2257 615 illi
2284 557 2625 635 imponere,
2660 557 2717 618 ei
2768 557 3060 636 dignitati
3100 567 3161 620 et
3198 562 3383 620 statui
3402 575 3693 628 consenta-

2164 667 2302 710 nea.
2357 649 2529 710 Addo
2566 651 2751 712 etiam
2782 652 2943 712 inter
2970 652 3253 714 homines
3282 671 3451 734 posse
3482 658 3691 738 aliquid

2165 743 2366 803 simile
2395 743 2563 819 fieri3
2596 763 2741 805 nam
2772 751 2968 824 potest
3002 747 3284 827 princeps
3316 749 3413 808 vel
3438 751 3693 816 Pontifex

2166 841 2531 898 constituere
2555 839 2871 900 infirmum
2928 839 3247 900 hominem
3270 841 3335 900 in
3366 849 3519 903 statu
3538 847 3695 907 nobi-

2165 929 2347 1004 lium,
2392 932 2579 991 etiam
2636 932 2969 1010 obligando
3019 932 3220 1007 illum,
3260 933 3311 992 si
3360 941 3694 1014 oportuerit,

2168 1023 2245 1084 ad
2288 1025 2742 1085 ascendendum
2788 1025 2865 1086 ad
2908 1025 3089 1086 illum
3139 1028 3423 1106 gradum,
3466 1035 3527 1089 et
3570 1038 3697 1092 tunc

2166 1116 2483 1195 imponere
2538 1117 2630 1177 illi
2680 1123 2977 1198 praecepta
3030 1118 3117 1178 illi
3162 1120 3386 1195 gradui
3438 1127 3497 1182 et
3535 1125 3699 1184 statui

2166 1216 2614 1286 consentanea3
2660 1211 2855 1271 multo
2914 1229 3063 1290 ergo
3132 1211 3371 1272 facilius
3418 1213 3475 1274 id
3522 1218 3695 1294 potuit

2164 1302 2366 1362 faeere
2398 1305 2574 1363 Deus.
3637 1302 3646 1309 ’

2248 1397 2343 1457 12.
2391 1396 2491 1459 Ad
2509 1399 2821 1460 secundam
2851 1399 3385 1481 impuqnationem.
3413 1433 3490 1447 —
3518 1403 3600 1463 Ad
3622 1422 3699 1466 se-

2168 1489 2433 1549 cundam
2478 1489 2887 1568 objectionem
2934 1493 3347 1572 respondetur
3382 1493 3697 1574 imprimiS,

2167 1581 2610 1659 obligationem
2648 1583 2936 1644 credendi
2982 1601 3157 1663 posse
3204 1587 3487 1663 cognosci
3516 1605 3615 1667 per
3642 1591 3701 1651 fi-

2168 1675 2308 1734 dem
2354 1675 2693 1738 humanam
2749 1677 3157 1738 sufficientem
3204 1679 3282 1739 ad
3336 1679 3703 1758 obligandam

2168 1769 2627 1843 conscientiam,
2666 1770 3023 1848 priusquam
3066 1771 3255 1832 homo
3297 1771 3469 1832 illam
3498 1773 3705 1854 obliga-

2166 1863 2402 1922 tionem
2444 1861 2782 1940 adimpleat
2828 1863 3169 1943 eredend03
3202 1883 3351 1925 nam
3389 1876 3459 1926 ut
3510 1885 3706 1946 praece·

2169 1961 2345 2033 ptum
2392 1955 2644 2033 obliget,
2704 1956 2849 2016 satis
2888 1963 3005 2032 est,
3052 1957 3220 2035 quod
3264 1976 3377 2038 per
3402 1963 3575 2020 testes
3602 1960 3705 2022 fide

2168 2049 2389 2126 dignos
2419 2056 2821 2128 proponatur,
2852 2051 3096 2111 etiamsi
3126 2071 3331 2131 neque
3353 2052 3501 2114 inse
3526 2055 3703 2115 videa·

2166 2147 2290 2214 tur,
2327 2159 2442 2202 nee
2474 2143 2661 2202 etiam
2682 2142 2762 2203 ab
2789 2143 3049 2222 ipsomet
3072 2145 3355 2224 principe
3378 2147 3703 2208 immediate

2164 2234 2473 2294 audiatur.
2502 2235 2601 2296 Sic
2633 2254 2783 2314 ergo
2810 2237 2970 2298 facta
2996 2238 3343 2299 sufficiente
3373 2241 3703 2320 propositio·

2168 2346 2247 2388 ne
2292 2326 2457 2403 fidei,
2517 2347 2627 2408 per
2681 2331 2963 2391 eamdem
3015 2339 3217 2412 potest
3266 2329 3465 2394 homo'
3504 2334 3705 2396 hahere

2167 2422 2503 2499 quamdam
2528 2428 2755 2482 certam
2780 2421 2965 2484 fidem
2987 2423 3357 2502 humanam,
3383 2446 3517 2507 quae
3542 2428 3705 2488 dictet

2167 2516 2505 2576 secundum
2548 2521 2779 2576 rectam
2820 2518 3125 2578 rationem
3168 2518 3361 2582 fidem
3404 2520 3567 2582 illam
3594 2540 3704 2582 sus·

2170 2608 2521 2686 eipiendam
2570 2627 2722 2669 esse.
2778 2609 2955 2672 Unde
3013 2610 3278 2672 ulterius
3320 2613 3597 2687 dicimus,
3646 2621 3704 2672 ut

2167 2706 2539 2778 proeceptum
2572 2700 2688 2760 hoe
2738 2700 2993 2781 obliget,
3016 2703 3177 2764 satis
3208 2722 3343 2765 esse
3372 2706 3531 2783 quod
3564 2707 3705 2766 suffi-

2168 2794 2403 2854 cienter
2430 2807 2835 2872 proponatur,
2866 2803 2927 2855 et
2953 2797 3113 2874 quod
3150 2797 3233 2856 sit
3260 2797 3572 2858 evidenter
3592 2818 3702 2859 cre-

2168 2887 2357 2948 dibile
2385 2887 2508 2948 tale
2540 2893 2913 2967 praeceptum
2942 2907 2981 2949 a
3005 2889 3129 2950 Deo
3159 2907 3450 2952 manare:
3484 2893 3589 2952 hoc
3614 2909 3705 2951 an-

2170 2987 2295 3042 tem
2323 2981 2635 3060 judieium
2660 2989 2803 3042 ante
2828 2981 3015 3043 fidem
3042 2979 3399 3062 praec‘edere
3415 2992 3621 3064 potest,
3648 2992 3706 3045 ιιι

2166 3075 2233 3134 in
2262 3073 2681 3154 superioribus
2722 3075 2925 3135 visum
2970 3082 3081 3136 est.
3111 3077 3391 3158 Denique
3410 3077 3551 3138 illud
3566 3078 3706 3157 judi-

2166 3169 2355 3242 cium,
2386 3168 2553 3246 quod
2580 3169 2872 3248 praeeedit
2910 3169 2979 3230 in
3009 3169 3327 3231 intellectu
3354 3176 3499 3232 ante
3518 3172 3706 3231 volun-

2166 3266 2357 3322 tatem
2386 3261 2704 3336 credendi,
2738 3262 2887 3322 satis
2914 3281 3047 3324 esse
3076 3268 3279 3342 potest
3318 3264 3401 3324 ad
3429 3263 3707 3342 applican-

2166 3353 2311 3414 dam
2354 3354 2595 3414 homini
2648 3354 3092 3433 obligationem
3150 3357 3342 3435 hujus
3400 3357 3698 3436 praecepti,

2166 3447 2311 3524 qnia
2354 3446 2504 3507 illud
2522 3448 2833 3526 judicium
2876 3465 3003 3508 non
3032 3455 3283 3510 tantum
3312 3451 3591 3530 proponit
3618 3465 3703 3508 vo-

2166 3539 2471 3600 luntatem
2534 3540 2705 3602 illam
2756 3540 3047 3600 dictando
3096 3557 3227 3602 esse
3268 3543 3583 3604 honestam
3622 3541 3704 3602 vel

2164 3633 2403 3709 utilem,
2438 3634 2541 3694 sed
2572 3634 2761 3694 etiam
2812 3637 3223 3696 necessariam
3266 3637 3349 3697 ad
3379 3636 3622 3697 salntem
3654 3642 3705 3696 et

2164 3727 2485 3806 justitiam.
2531 3728 2763 3788 Verum
2808 3734 2901 3789 est
2932 3735 3143 3789 tamen
3186 3747 3319 3790 non
3349 3735 3617 3810 oportere
3645 3735 3703 3788 ut

2166 3820 2353 3880 homo
2394 3828 2543 3880 tunc
2570 3820 2857 3881 distinete
2884 3828 3216 3900 eognoscat
3258 3830 3619 3901 proeeeptum
3644 3821 3704 3880 il-

2165 3913 2273 3973 lud
2296 3931 2427 3974 esse
2454 3913 2947 3992 supernaturale,
2978 3913 3077 3974 vel
3106 3914 3391 3994 obligare
3416 3915 3493 3976 ad
3520 3921 3703 3975 aetum

2163 4006 2694 4084 supernaturalem
2735 4007 2805 4066 in
2859 4019 3007 4067 actu
3048 4008 3299 4085 signato
3344 4015 3700 4085 conceptum,

2162 4106 2231 4160 ut
2248 4101 2337 4159 sie
2360 4098 2599 4177 dicam;
2636 4100 2744 4160 sed
2776 4101 2925 4161 satis
2950 4107 3044 4161 est
3068 4107 3139 4162 ut
3170 4107 3501 4182 cognoseat
3528 4108 3585 4163 et
3622 4102 3701 4178 ju-

2162 4192 2325 4252 dicet
2351 4193 2469 4253 hoe
2496 4209 2623 4254 esse
2658 4193 3037 4254 eredendum
3068 4193 3253 4255 firma
3284 4202 3349 4256 et
3374 4201 3535 4256 certa
3562 4194 3668 4253 tide
3684 4208 3699 4268 ;

2168 4302 2314 4346 nam
2342 4283 2430 4344 ihi
2452 4286 2701 4346 confuse
2720 4285 3071 4347 continetur
3087 4288 3552 4367 supernaturale
3570 4303 3701 4366 prae-

2166 4387 2438 4458 eeptum,
2464 4386 2529 4439 et
2554 4379 3011 4458 quodammodo
3024 4380 3088 4439 in
3106 4387 3250 4441 actu
3280 4381 3547 4442 exercito
3562 4395 3703 4439 com·

2167 4476 2573 4555 prehenditur
2608 4476 2797 4536 etiam
2842 4477 3333 4552 supernaturalis
3372 4477 3537 4550 fides,
3579 4473 3701 4553 qnia

2170 4569 2310 4628 talis
2366 4575 2429 4630 et
2472 4573 2647 4630 tanta
2694 4567 2849 4628 fidae
2878 4585 3005 4628 non
3054 4571 3179 4630 nisi
3244 4566 3701 4650 supernaturalis

2164 4679 2297 4722 esse
2324 4668 2541 4742 potest.

2248 4759 2345 4818 13.
2393 4755 2729 4820 Instanti-a.
2758 4753 3126 4818 ——Solutt'o.
3143 4756 3354 4817 -Sed
3382 4754 3587 4816 instari
3614 4769 3700 4830 po·

2162 4856 2305 4924 test,
2336 4850 2484 4929 quia
2504 4849 2781 4928 sequitur
2814 4865 3065 4927 peceare
3091 4848 3411 4909 hominem
3452 4855 3614 4919 tune,
3655 4843 3699 4902 si

2162 4960 2290 5002 non
2318 4943 2550 5016 credat,
2596 4940 2827 5020 duplici
2854 4947 3103 5020 peceato
3130 4957 3239 5002 seu
3264 4941 3527 5002 malitia:
3574 4937 3699 4998 alte·

2166 5051 2257 5108 ra,
2288 5041 2503 5094 eontra
2520 5033 2830 5094 dictamen
2862 5033 3165 5094 naturalis
3190 5035 3449 5096 rationis
3466 5049 3485 5110 3
3510 5032 3694 5102 altera,

2166 5132 2380 5186 contra
2429 5133 2808 5205 praeceptum
2853 5126 3344 5205 supernaturale,
3398 5125 3552 5205 quod
3592 5139 3699 5182 nou

2165 5219 2409 5279 videtur
2446 5220 2923 5286 admittendum.
2982 5219 3409 5298 Respondetur
3444 5215 3697 5295 negando

2166 5312 2505 5391 sequelam,
2524 5313 2693 5391 quia,
2728 5314 2875 5374 licet
2898 5329 3119 5374 verum
3142 5313 3225 5374 sit
3242 5312 3549 5373 hominem
3568 5316 3695 5370 tune

2164 5406 2511 5484 transgredi
2540 5414 2915 5486 praeceptum
2942 5406 3429 5485 supernaturale,
3462 5409 3521 5464 et
3540 5417 3697 5480 agere

2166 5499 2373 5580 aliquo
2404 5499 2585 5559 modo
2612 5507 2827 5561 eontra
2848 5501 3152 5561 rationem
3177 5498 3535 5571 naturalem,
3556 5489 3695 5554 nihi-
