3900 6217
573 511 735 573 fides
771 508 1079 585 informis,
1113 528 1253 590 quae.
1292 510 1562 571 habetur
1608 508 1742 571 sine
1772 505 2144 588 poenitentia

576 610 641 667 et
667 604 1005 675 charitate;
1034 622 1185 685 ergo
1217 610 1313 665 est
1334 603 1491 665 fides
1519 601 1842 682 acquisita,
1874 618 2025 661 nam
2050 600 2144 660 in·

571 699 713 760 fusa
757 714 884 758 non
912 697 1099 757 datur
1122 697 1241 759 nisi
1270 715 1414 759 cum
1442 695 1766 757 charitate.
1798 692 2144 755 Confirma-

574 799 678 853 tur
703 790 961 853 tandem
988 790 1135 869 quia
1181 796 1395 852 nostra
1434 788 1593 850 fides
1634 787 1947 848 ordinarie
1993 785 2138 845 fun-

572 886 759 946 datur
786 884 849 944 in
882 884 1237 945 testimonio
1265 883 1591 951 Ecclesiae,
1640 885 1710 942 ut
1758 880 2024 941 sumitur
2063 896 2142 939 ex

574 978 921 1057 Augustino
952 982 1168 1037 contra
1194 977 1521 1057 epistolam
1534 972 1972 1045 Fundamenti,
1998 990 2136 1051 cap.

571 1073 636 1144 4,
670 1076 731 1131 et
752 1088 873 1130 usu
898 1069 1033 1147 ipso
1062 1088 1137 1129 ac
1170 1068 1551 1150 experientia
1578 1071 1854 1138 constan
1886 1064 2000 1127 sed
2027 1066 2144 1125 Ec-

571 1163 827 1225 clesiam
870 1180 1009 1223 esse
1060 1180 1353 1224 veracem
1401 1160 1715 1222 credimus
1754 1158 1880 1220 fide
1928 1158 2145 1237 acqui-

570 1256 712 1329 sita,
763 1261 1019 1335 propter
1071 1256 1410 1317 maximam
1466 1252 1902 1317 auctoritatem
1954 1251 2144 1331 hujus

574 1350 1102 1428 congregationiS,
1156 1356 1217 1411 et
1254 1353 1512 1429 propter
1560 1346 1859 1408 miracula
1890 1362 2031 1425 quae
2080 1344 2144 1405 in

574 1462 649 1507 ea
707 1443 871 1504 facta
920 1451 1067 1506 sunt
1096 1490 1113 1517 ‚
1166 1448 1227 1505 et
1284 1443 1594 1523 insignem
1652 1440 2046 1501 sanctitatem
2084 1444 2146 1500 et

573 1536 925 1599 doctrinam
956 1538 1115 1616 ejus,
1148 1542 1211 1597 et
1240 1536 1362 1597 alia
1418 1534 1649 1596 motiva
1693 1550 1834 1611 quae
1880 1532 1962 1593 ad
2010 1550 2147 1593 cre·

572 1632 854 1694 dendum
884 1650 1001 1693 nos
1042 1638 1321 1704 movent,
1364 1636 1427 1691 et
1478 1630 1901 1709 Augustinum
1940 1626 2006 1688 in
2031 1628 2148 1689 Ec-

573 1726 759 1787 clesia
792 1726 1111 1799 tenebant,
1143 1731 1212 1786 ut
1234 1724 1368 1803 ipse
1396 1724 1625 1784 fatetur
1654 1722 1719 1783 in
1749 1722 1935 1783 citato
1969 1720 2139 1793 loco;

572 1838 650 1881 ex
703 1818 932 1898 quibus
981 1818 1271 1879 omnibus
1316 1814 1560 1879 tantum
1610 1814 1933 1895 consurgit
1985 1814 2146 1875 fides

570 1912 858 1993 quaedam
894 1913 1196 1984 humana,
1239 1930 1403 1992 quae,
1450 1910 1596 1971 licet
1644 1910 1710 1969 in
1758 1926 1875 1969 suo
1925 1907 2144 1969 ordine

568 2012 737 2069 certa
764 2005 863 2080 sit,
918 2024 1045 2067 non
1088 2004 1476 2066 transcendit
1506 2004 1695 2065 fidem
1724 2002 2094 2081 acquisitam
2120 2018 2137 2073 3

570 2117 723 2177 ergo
757 2118 833 2161 ex
871 2100 992 2160 hac
1024 2102 1199 2179 parte
1229 2098 1294 2158 in
1324 2098 1430 2159 illa
1466 2096 1706 2170 nititur,
1746 2102 1810 2157 et
1851 2095 1933 2157 ad
1971 2096 2144 2156 illam

572 2193 907 2255 resolvitur
930 2192 1087 2253 fides
1112 2192 1338 2253 infusa.

649 2288 709 2347 4.
742 2286 1133 2364 Improbum
1158 2285 1434 2367 superior
1482 2284 1801 2347 sententia.
1830 2314 1910 2327 -
1933 2279 2142 2363 Arqu—

570 2382 837 2441 mentum
886 2396 927 2442 a
965 2378 1677 2457 fortiori.-Roboratur
1710 2372 2141 2458 prima—Se-

576 2471 788 2533 cunde.
811 2500 892 2517 —
916 2472 1061 2530 Haec
1088 2471 1421 2546 sententia,
1452 2476 1759 2549 quantum
1804 2466 1887 2527 ad
1934 2465 2148 2546 praeci-

569 2580 761 2643 puam
806 2564 1253 2625 resolutionem
1294 2581 1484 2643 quam
1517 2563 1583 2623 in
1620 2560 1909 2641 praesenti
1940 2560 2150 2639 inqui-

573 2658 792 2730 rimus,
818 2657 1069 2737 probari
1105 2676 1141 2718 a
1170 2658 1353 2719 nohis
1372 2675 1500 2720 non
1524 2661 1758 2737 potest;
1783 2673 1931 2715 nam
1960 2654 2146 2715 ratio-

570 2768 687 2811 nes
717 2756 780 2812 et
837 2754 1231 2830 argumenta,
1262 2750 1495 2830 quibus
1540 2767 1727 2830 supra
1756 2747 2143 2809 ostendimus

573 2842 954 2905 evidentiam
1012 2844 1175 2905 illius
1226 2844 1549 2923 principii:
1580 2844 1745 2905 Deus
1772 2858 1882 2906 nos
1929 2841 2144 2918 fallere

567 2954 687 2999 non
710 2943 931 3017 potest,
974 2956 1102 2999 nou
1126 2956 1263 2999 esse
1304 2936 1717 2999 sufficientem
1758 2935 1839 2997 ad
1868 2934 2140 2995 fiandan-

569 3028 715 3091 dam
744 3030 1180 3093 certitudinem
1210 3030 1360 3091 fidei
1390 3030 1607 3091 infusae
1638 3029 1801 3090 circa
1831 3046 1933 3090 res
1957 3046 2136 3089 reve-

564 3122 749 3196 latas,
781 3142 817 3183 a
863 3123 1099 3186 fortiori
1149 3123 1525 3185 convincunt
1561 3120 1994 3183 credulitatem
2023 3122 2138 3181 hu-

566 3234 850 3291 manam,
908 3218 1309 3297 quantumvis
1375 3217 1695 3279 moraliter
1756 3215 2130 3289 evidentem,

568 3308 757 3392 hujus
786 3310 1072 3391 principii
1103 3332 1117 3372 :
1146 3312 1311 3375 Dm
1349 3310 1659 3382 revelavit,
1690 3328 1803 3372 seu
1831 3310 1995 3373 dixit
2023 3310 2136 3373 Ita-5

567 3421 686 3477 ros,
720 3422 851 3465 non
876 3422 1061 3485 posse
1108 3404 1396 3467 sufficere
1427 3403 1508 3466 ad
1537 3404 1855 3483 objectum
1876 3400 2139 3463 formale

566 3494 737 3569 fidei,
764 3514 843 3558 ex
869 3515 993 3576 quo
1022 3516 1139 3577 per
1162 3516 1231 3559 se
1252 3498 1485 3577 pendet
1512 3504 1640 3560 tota
1670 3498 1806 3577 ejus
1832 3496 2137 3558 certitudo

567 3590 1061 3669 supernaturalis
1088 3595 1152 3654 et
1192 3590 1422 3651 infusa.
1456 3591 1633 3663 Quod
1667 3596 1877 3652 autem
1905 3591 2024 3651 hoc
2051 3590 2136 3651 ita

566 3682 666 3755 sit,
718 3688 909 3762 patet,
943 3684 1090 3762 quia
1119 3684 1422 3745 naturalis
1450 3684 1761 3745 evidentia
1797 3682 2135 3745 infallibilis

563 3774 843 3836 veritatis
874 3776 1099 3837 divinae
1152 3794 1279 3837 non
1312 3783 1405 3837 est
1444 3777 1669 3852 minor,
1714 3777 1842 3837 imo
1870 3775 2134 3837 fortasse

565 3869 767 3947 major
796 3916 813 3943 ,
890 3888 1085 3948 quam
1158 3870 1237 3931 sit
1302 3870 1609 3932 certitudo
1659 3870 1758 3931 vel
1820 3868 2132 3931 evidentia

564 3959 733 4023 illius
762 3962 1142 4024 credulitatis
1172 3964 1493 4035 humanae,
1530 3969 1600 4025 ut
1636 3962 1885 4024 videtur
1920 3980 2032 4041 per
2062 3980 2130 4023 se

560 4060 818 4125 notumz
856 4063 919 4117 et
960 4074 995 4116 e
1044 4074 1367 4129 convers0,
1414 4056 1831 4135 dependentia
1876 4054 2026 4116 fidei
2070 4060 2132 4116 et

560 4147 947 4209 certitudiuis
978 4148 1115 4227 ejus
1146 4148 1227 4208 ab
1258 4149 1377 4209 hoc
1412 4147 1715 4228 principio
1743 4166 1756 4208 ε
1798 4148 1956 4210 Deus
1983 4148 2136 4211 dicit

561 4240 689 4311 hoo,
713 4258 841 4301 non
869 4245 963 4301 est
981 4242 1183 4303 minor
1207 4260 1396 4319 quam
1420 4239 1495 4302 sit
1526 4239 1945 4319 dependentia
1963 4240 2019 4320 ej
2029 4259 2130 4301 us-

1056 406 1293 460 nlsch.
1332 406 1415 459 111.
1453 406 1533 459 DE
1566 402 1829 457 OBJECTO
1862 402 2134 456 mamm
2167 404 2348 469 Flam,
2387 406 2465 458 ET
2499 406 2792 471 Quouono
2827 409 2909 461 An
2944 410 3144 473 mun,
3171 414 3300 467 me.

2226 510 2418 567 totam
2459 524 2638 567 suam
2668 507 3099 571 credulitatem
3138 510 3352 576 fundat
3381 534 3484 577 seu
3511 525 3722 590 resolvit

2223 600 2552 661 haereticus
2578 602 2644 661 in
2696 602 2974 681 aliquam
3017 602 3206 665 fidem
3251 605 3588 687 humanam,
3621 636 3723 696 qua

2223 692 2418 754 credit
2446 694 2642 755 Deum
2657 695 2885 756 dixisse
2907 695 3010 756 illa
3032 714 3172 776 quae
3199 698 3315 760 sibi
3341 701 3604 767 videntur
3619 728 3724 771 cre-

2219 784 2450 858 denda,
2501 792 2564 847 et
2617 804 2745 848 non
2809 788 2966 861 alia;
3021 806 3191 869 ergo,
3245 792 3296 853 si
3339 793 3516 855 etiam
3552 808 3724 863 nostra

2220 878 2380 940 fides
2419 880 2483 941 in
2513 880 2862 943 humanum
2903 884 3324 947 testimonium
3363 894 3423 950 et
3449 888 3616 953 fidem
3649 914 3726 957 ac-

2222 972 2512 1054 quisitam
2535 974 2887 1050 resolvitur,
2916 976 3202 1039 eamdem
3229 980 3489 1058 profecto
3519 990 3727 1063 partici-

2221 1072 2330 1145 pat
2350 1067 2910 1146 imperfectionem.
2931 1069 3111 1133 Unde
3139 1072 3527 1136 confirmatur
3549 1094 3727 1141 secun-

2224 1160 2344 1221 do:
2376 1177 2522 1220 nam
2537 1161 2673 1221 haec
2691 1161 2850 1223 fides
2876 1162 3176 1243 acquisita
3197 1170 3542 1243 potestesse
3567 1171 3728 1233 diver-

2225 1270 2309 1314 ιω
2335 1253 2594 1313 rationis
2619 1254 2682 1313 in
2700 1254 2960 1316 diversis
2977 1257 3390 1332 credentibus,
3413 1260 3584 1323 etiam
3597 1264 3728 1325 circa

2225 1345 2481 1407 easdem
2498 1364 2600 1407 res
2628 1346 2920 1421 creditas,
2939 1350 3084 1429 quia
3103 1356 3308 1429 potest
3331 1370 3462 1413 esse
3481 1370 3552 1414 ex
3565 1355 3732 1417 diver·

2227 1437 2312 1499 sis
2341 1440 2588 1501 motivis
2617 1458 2730 1502 seu
2759 1443 3131 1504 testimoniis
3159 1444 3463 1518 humanis,
3493 1464 3528 1506 a
3546 1448 3732 1527 quibus

2227 1536 2404 1592 actus
2429 1532 2744 1611 recipiunt
2769 1534 3224 1609 diversitatem3
3257 1554 3406 1617 ergo
3419 1538 3591 1600 etiam
3605 1540 3734 1603 tides

2225 1626 2672 1704 mysteriorum
2705 1628 2824 1690 erit
2849 1628 3109 1691 diversas
3135 1631 3392 1693 rationis
3431 1632 3490 1692 in
3517 1633 3734 1697 diversis

2227 1718 2651 1794 credentibus,
2709 1722 2766 1782 si
2829 1738 2946 1802 per
2993 1740 3060 1785 se
3103 1724 3340 1803 pendet
3379 1724 3459 1785 ab
3511 1726 3604 1787 illa
3637 1726 3736 1788 fide

2225 1812 2550 1890 acquisita,
2605 1814 2752 1893 quia
2805 1832 3102 1879 assensus
3151 1816 3554 1880 conclusionis
3583 1821 3740 1881 sumit

2224 1903 2650 1968 diversitatem
2679 1924 2758 1968 ex
2779 1909 3140 1971 assensibus
3169 1911 3612 1990 principiorum.

2305 2000 2364 2060 5.
2401 1998 2684 2063 Secaemda
2704 2004 3284 2083 sententia—Ejus
3307 2006 3730 2084 maumam.

2222 2091 2580 2170 —Propter
2621 2093 2736 2154 has
2774 2112 2926 2175 ergo
2957 2096 3267 2171 rationes,
3309 2101 3372 2157 et
3411 2096 3489 2156 ad
3527 2096 3736 2157 vitanda

2224 2184 2410 2245 etiam
2443 2192 2810 2265 argumenta
2839 2188 3055 2266 primes
3081 2188 3738 2262 sententioe,dicuntali-

2223 2277 2331 2356 qui
2363 2279 2713 2357 (potestque
2735 2297 2876 2341 esse
2905 2280 3182 2343 secunda
3208 2281 3440 2360 opinio)
3466 2282 3740 2341 revelatio·

2225 2386 2374 2430 nem
2401 2370 2676 2431 divinam
2705 2390 2844 2433 esse
2871 2374 3186 2435 rationem
3209 2372 3534 2435 formalem
3555 2374 3740 2453 objecti

2225 2460 2396 2537 fidei,
2419 2482 2548 2523 non
2571 2470 2640 2525 ut
2667 2465 2968 2527 creditam
2989 2466 3272 2528 humana
3291 2466 3391 2529 vel
3419 2466 3608 2528 divina
3621 2466 3737 2541 tide,

2226 2554 2373 2634 quia
2391 2572 2520 2616 non
2534 2563 2780 2636 oportet
2792 2576 2931 2619 esse
2949 2560 3268 2640 cognitam
3287 2560 3554 2640 proprie,
3569 2566 3626 2620 et
3635 2566 3746 2619 tan-

2225 2664 2418 2727 quam
2447 2648 2762 2728 obJ‘ectum
2785 2652 2959 2730 quod
2983 2654 3408 2731 cognoscitur,
3445 2652 3552 2713 sed
3575 2651 3744 2713 solum

2225 2758 2364 2803 esse
2387 2744 2694 2806 rationem
2715 2746 3034 2821 credendi,
3063 2748 3214 2828 quia
3233 2753 3478 2809 tantum
3505 2752 3592 2808 cst
3615 2746 3744 2806 ratio

2222 2835 2342 2897 sub
2371 2854 2518 2915 qua,
2571 2837 2796 2917 objecti
2845 2840 3031 2912 fidei;
3065 2841 3131 2900 in
3175 2840 3533 2920 hujusmodi
3571 2844 3746 2899 autem

2218 2928 2461 2991 ratione
2486 2930 2793 3010 objectiva
2817 2933 3248 2995 necessarium
3279 2952 3408 2995 non
3429 2940 3521 2995 est
3543 2938 3608 2993 ut
3625 2948 3748 3011 pra·

2219 3028 2608 3103 supponatur
2655 3028 2902 3105 cognita
2926 3048 2944 3102 ;
2993 3032 3057 3088 et
3095 3033 3306 3107 potest
3351 3028 3470 3089 hoc
3511 3024 3746 3098 fundari,

2217 3115 2364 3194 quia
2390 3114 2546 3177 fides
2583 3118 2790 3179 infusa
2843 3138 2972 3180 non
3019 3121 3260 3199 praebet
3301 3136 3618 3181 assensum
3657 3136 3750 3197 per

2215 3206 2474 3268 modum
2511 3209 2859 3284 discursuS,
2907 3212 3020 3274 sed
3061 3214 3434 3293 simpliciter
3471 3210 3748 3273 tendendo

2215 3302 2280 3363 in
2319 3304 2642 3366 veritatem
2687 3307 3052 3380 revelatam,
3097 3324 3173 3369 eo
3223 3310 3364 3387 ipso
3405 3306 3570 3387 quod
3611 3304 3750 3365 suffi-

2221 3395 2460 3457 cienter
2499 3401 2870 3479 proponitur
2895 3407 2964 3462 ut
3003 3400 3322 3474 revelata3
3352 3418 3480 3462 non
3517 3406 3606 3460 est
3625 3416 3751 3475 ergo

2218 3493 2645 3553 necessarium
2666 3538 2682 3567 ,
2737 3494 2820 3554 ad
2871 3495 2990 3555 hoc
3039 3500 3108 3556 ut
3157 3496 3514 3557 intellectus
3567 3488 3756 3554 credat

2216 3600 2353 3645 rem
2385 3586 2748 3660 revelatam,
2789 3596 2858 3649 ut
2887 3588 3062 3667 prius
3091 3589 3340 3669 judicet
3371 3606 3510 3651 esse
3554 3587 3754 3647 dictam

2217 3694 2254 3737 a
2285 3678 2446 3751 Deo;
2483 3697 2632 3761 ergo
2689 3698 2815 3741 non
2851 3688 2946 3743 est
2987 3684 3421 3745 necessarium
3449 3688 3517 3743 ut
3554 3696 3756 3761 praece-

2216 3770 2324 3832 dat
2351 3771 2510 3834 fides
2538 3774 2742 3837 infusa
2769 3776 2866 3837 vel
2899 3777 3200 3857 acquisita
3251 3778 3579 3858 ipsiusmet
3604 3790 3758 3835 reve·

2213 3862 2496 3940 lationis;
2528 3867 2702 3928 etita
2747 3875 2996 3931 cessant
3029 3868 3434 3933 difficultates
3461 3884 3574 3950 pre
3611 3872 3756 3927 utra-

2215 3971 2336 4033 que
2367 3964 2542 4036 parte
2569 3961 2918 4040 propositae.

2293 4052 2352 4112 6.
2395 4052 2724 4129 Refflllitur
2770 4056 2892 4118 hoeo
2935 4054 3526 4119 sententie—Hac
3563 4060 3756 4115 autem

2211 4146 2516 4206 sententia
2543 4154 2605 4208 et
2630 4142 2978 4227 responsio,
3004 4149 3148 4210 licet
3175 4150 3346 4211 inter
3373 4150 3619 4229 aliquos
3639 4164 3760 4207 mo-

2209 4234 2441 4298 de'rno‘s
2467 4240 2820 4319 Theologos
2849 4240 3346 4319 circumferatur,
3389 4245 3474 4307 ab
3511 4240 3762 4320 antiquis

558 4332 703 4395 dem
742 4334 887 4397 fidei
926 4336 1008 4395 ab
1042 4334 1165 4396 alio
1194 4336 1535 4415 principio:
1566 4337 1730 4399 Deus
1763 4342 1855 4398 est
1894 4354 2080 4399 veram
2101 4364 2128 4411 ,·
2205 4329 2432 4392 tradita
2457 4350 2582 4392 non
2611 4338 2726 4404 est,
2759 4332 2870 4394 sed
2901 4332 3164 4395 fortasse
3203 4336 3547 4417 desumpta
3585 4335 3662 4395 ab
3699 4350 3764 4392 ea

559 4444 711 4505 ergo
732 4428 783 4487 si
807 4429 1117 4489 evidentia
1136 4428 1303 4490 illius
1328 4430 1610 4509 principii
1632 4448 1759 4489 non
1787 4431 2014 4491 sufficit
2043 4428 2124 4491 ad
2206 4422 2384 4502 cujus
2404 4424 2466 4483 in
2495 4432 2645 4487 Sect-
2669 4428 2728 4497 3,
2754 4443 2817 4486 n·
2849 4430 2910 4503 4,
2941 4428 3221 4502 memini,
3243 4430 3368 4492 hoc
3391 4428 3758 4496 discrimine,

556 4520 870 4598 objectum
900 4520 1163 4583 formale
1192 4522 1364 4593 fidei,
1418 4542 1536 4584 nec
1580 4527 1787 4602 potest
1833 4522 2121 4584 sufficere
2202 4516 2370 4592 quod
2391 4516 2604 4581 lumen
2631 4518 2902 4579 infusum
2925 4520 2988 4579 in
3013 4528 3254 4600 partem
3282 4523 3520 4603 objecti
3546 4522 3766 4583 forma-

550 4610 831 4673 hutnana
860 4614 1197 4676 credulitas
1235 4615 1459 4675 divinae
1494 4615 1909 4677 revelationis,
1941 4616 2118 4677 Ratio
2199 4609 2277 4670 lis
2303 4608 2448 4671 fidei
2477 4629 2605 4671 non
2634 4610 2928 4684 adducat;
2955 4632 3074 4674 nec
3103 4615 3254 4674 mihi
3283 4616 3543 4677 videtur
3565 4612 3764 4675 verisi-

550 4703 823 4785 denique
854 4724 891 4766 a
924 4706 1115 4785 priori
1146 4714 1263 4780 est,
1299 4708 1447 4786 quia
1496 4708 1806 4769 certitudo
1848 4708 1992 4769 fidei
2023 4708 2118 4768 in-
2199 4704 2381 4778 milis,
2415 4705 2560 4783 quia
2587 4722 2803 4765 revera
2831 4724 2960 4766 non
3003 4713 3096 4767 est
3125 4708 3582 4788 intelligibilis3
3631 4706 3766 4785 quia

543 4796 698 4857 fusae
734 4804 831 4859 est
862 4801 1380 4879 supernaturaliS,
1408 4800 1938 4863 certitudoautem
1965 4801 2115 4863 fidei
2196 4799 2497 4859 revelatio
2545 4798 2788 4872 divina,
2841 4816 2968 4859 non
3019 4802 3621 4881 quomodocumque
3679 4804 3766 4861 est

546 4890 863 4969 acquisitae
892 4897 987 4953 est
1015 4892 1327 4956 inferioris
1361 4894 1617 4968 ordinis,
1679 4900 1741 4957 et
1772 4896 2106 4969 naturalis;
2193 4892 2350 4954 ratio
2403 4891 2708 4971 obJectiva
2739 4936 2755 4962 ,
2825 4892 2938 4952 sed
2999 4898 3301 4972 tanquam
3358 4896 3651 4957 medium
3709 4898 3767 4951 et

542 5000 694 5063 ergo
728 4983 1111 5063 impossibile
1144 4993 1237 5048 est
1266 4994 1335 5047 ut
1370 4987 1474 5047 illa
1510 4989 1682 5067 prior
1710 5006 1823 5067 per
1869 5005 1936 5048 se
1977 4986 2117 5048 fun·
2197 4986 2500 5047 motivum
2529 4985 2846 5046 credendi.
2896 4985 3218 5049 Credimus
3257 4988 3429 5049 enim
3471 4987 3765 5069 mysteria

539 5076 725 5137 detur
758 5083 867 5139 aut
913 5079 1186 5157 pendeat
1215 5080 1297 5141 ab
1341 5081 1459 5141 hac
1488 5080 1839 5160 posteriori.
1878 5078 2116 5141 Confir-
2177 5076 2364 5157 fidei,
2393 5078 2540 5155 qnia
2567 5078 2736 5138 Deus
2769 5078 2952 5140 nohis
2975 5079 3082 5139 illa
3109 5079 3408 5142 revelavit
3444 5098 3462 5154 ς
3491 5079 3768 5160 impossi-

538 5174 750 5229 matur
776 5168 1002 5246 primo,
1036 5172 1184 5251 quia
1216 5172 1372 5232 alias
1400 5179 1529 5233 tam
1554 5172 1917 5252 imperfecta
1947 5178 2113 5233 esset
2193 5168 2318 5231 bile
2364 5175 2575 5230 autem
2627 5176 2721 5231 est
2749 5170 2986 5250 aliquid
3013 5190 3150 5234 esse
3203 5173 3522 5235 motivum
3559 5190 3772 5234 assen-

536 5256 697 5319 fides
720 5260 1038 5337 Catholici,
1071 5265 1229 5327 sicut
1244 5264 1403 5327 ffies
1424 5266 1726 5341 haeretici,
1755 5265 1918 5327 circa
1940 5264 2110 5325 idem
2193 5262 2410 5339 tiendi,
2437 5262 2559 5323 nisi
2609 5263 2687 5324 sit
2713 5266 3068 5344 cognitum;
3103 5284 3253 5345 crgo
3284 5266 3388 5347 qui
3423 5266 3636 5329 credit
3663 5266 3772 5327 ali-

534 5353 907 5430 mysterium
959 5356 1041 5417 ab
1088 5364 1356 5437 utroque
1406 5358 1733 5432 creditum,
1794 5359 1970 5439 quod
2015 5364 2112 5420 est
2193 5356 2364 5437 quid,
2409 5358 2555 5436 quia
2584 5356 2818 5418 dictum
2865 5374 2902 5419 a
2933 5360 3085 5433 Deo,
3136 5376 3398 5424 necesse
3431 5368 3536 5423 est
3563 5368 3634 5421 ut
3671 5378 3774 5420 co-

530 5443 861 5507 manifeste
912 5446 1165 5511 falsum.
1217 5450 1523 5513 Probatur
1564 5459 1777 5514 autem
1824 5452 2106 5531 sequela,
2189 5454 2453 5531 gnoscat
2503 5456 2568 5511 et
2610 5450 2851 5530 judicet
2912 5453 3115 5513 Deum
3167 5453 3232 5515 id
3277 5454 3608 5516 revelasse
3659 5470 3772 5514 seu

532 5536 679 5615 quia
708 5538 865 5601 fides
894 5541 1171 5606 haeretici
1192 5545 1258 5606 in
1286 5545 1407 5608 hoc
1434 5546 1801 5627 imperfecta
1816 5550 1935 5620 cst,
1958 5544 2107 5625 quia
2189 5542 2442 5605 dixisse.
2463 5543 2662 5623 quue
2681 5542 3012 5609 manifeste
3035 5547 3356 5609 constatin
3383 5544 3522 5611 fide
3549 5549 3750 5610 huma
