3900 6217
564 361 686 430 ³70

564 472 743 554 plebe
763 470 1080 544 fidelium;
1114 487 1262 532 nam
1291 487 1536 553 semper
1577 470 1642 530 in
1678 467 1950 530 Ecclesia
1980 467 2125 528 fue-

565 572 719 628 runt
755 564 950 643 aliqui
1000 563 1288 624 homines
1321 565 1428 642 qui
1456 563 1610 624 alios
1639 563 2039 634 instruerent,
2064 566 2128 622 et

566 659 634 720 in
677 657 796 718 fide
841 655 1165 731 docerent,
1197 655 1295 716 vel
1342 655 1535 734 aliqui
1573 655 1920 736 specialiter
1947 653 2129 715 electi

565 761 628 814 et
651 751 984 812 illuminati
1005 769 1044 810 a
1067 752 1212 824 Deo,
1246 751 1313 811 in
1335 750 1558 829 quibus
1589 749 1950 830 explicatior
1976 749 2128 809 fides

565 863 808 924 semper
859 845 1108 915 mansit,
1141 850 1202 905 et
1230 845 1306 904 de
1340 843 1440 904 his
1467 843 1884 904 communiter
1909 841 2129 903 dieunt

567 939 878 1009 Doctores),
913 935 1199 998 habuisse
1253 937 1430 1016 plura
1477 942 1782 1017 praecepta
1837 934 2129 996 credendi

570 1030 876 1111 explicite,
903 1029 1090 1090 etiam
1113 1027 1476 1091 Trinitatem
1506 1035 1566 1090 et
1595 1029 2081 1089 incarnationem
2107 1048 2122 1087 :

567 1125 720 1186 illud
771 1131 980 1184 autem
1039 1128 1409 1202 praeceptum
1445 1122 1644 1200 magis
1699 1127 1830 1181 erat
1887 1119 2129 1182 ratione

567 1217 756 1279 officii
777 1235 963 1295 quam
999 1233 1078 1276 ex
1113 1213 1360 1294 speciali
1387 1214 1763 1292 obligatione
1790 1213 2041 1292 propria
2058 1211 2130 1273 fi-

567 1309 802 1383 ‹lei‚vel
827 1315 988 1369 certe
1014 1325 1139 1368 non
1170 1313 1303 1368 erat
1328 1307 1622 1385 obligatio
1636 1305 1803 1380 fidei,
1835 1305 1955 1366 nisi
1976 1303 2131 1366 forte

573 1404 775 1481 (juxta
805 1419 878 1462 ea
907 1419 1044 1480 quae
1071 1401 1138 1461 in
1159 1399 1597 1480 superioribuS,
1625 1399 2042 1478 disputatione
2070 1399 2129 1471 3,

569 1496 840 1556 sectione
895 1496 996 1570 10,
1027 1511 1289 1554 numero
1317 1495 1378 1568 5,
1410 1489 1788 1569 dicebamus)
1815 1492 2134 1572 supposita

569 1588 820 1667 speciali
879 1586 1280 1660 revelatione,
1333 1584 1427 1645 vel
1487 1583 1814 1645 sufficienti
1861 1585 2135 1664 proposi-

569 1681 738 1742 tione
773 1680 895 1740 illis
923 1679 1108 1756 facta,
1135 1679 1442 1740 utiterum
1471 1678 1536 1740 in
1566 1677 1844 1758 sequenti
1865 1677 2132 1738 sectione

569 1771 910 1852 explicabo.
2090 1775 2097 1780 ’

1181 1995 1397 2048 saeuo
1435 1997 1516 2048 lv.

589 2199 812 2262 Utrum
861 2196 1150 2280 explicita
1191 2197 1339 2276 fides
1387 2197 1649 2258 bmnium
1703 2193 2101 2260 artiouzomom
2118 2241 2137 2270 ‚

649 2311 784 2374 quoe
803 2291 869 2352 in.
887 2289 1150 2370 symbolo
1175 2288 1575 2362 contine-ntur,
1601 2289 1688 2351 eit
1709 2289 2049 2352 necessaria
2069 2305 2143 2352 ecc

645 2390 944 2466 proecepto
981 2382 1048 2444 in
1085 2382 1211 2464 leae
1250 2383 1493 2462 qratioe.

657 2620 711 2678 1.
761 2616 975 2695 Opinio
1001 2613 1336 2677 universim
1365 2631 1590 2696 aequas
1618 2613 1881 2694 aliquem
1909 2613 2141 2675 articu-

570 2711 698 2772 lum
727 2726 852 2772 esee
877 2729 916 2771 a
941 2708 1239 2772 communi
1268 2707 1431 2786 plebe
1456 2704 1732 2788 explicite
1761 2706 2129 2768 credendum.

573 2835 656 2850 -
693 2801 970 2866 Notatur
998 2817 1254 2864 censura
1285 2800 1598 2878 proedictoe
1623 2800 1934 2861 sementioe
1971 2816 2010 2860 a
2040 2816 2137 2861 re-

574 2895 954 2957 centz'oribus.
1001 2925 1080 2940 --
1122 2893 1491 2956 Liberantur
1517 2912 1556 2955 a
1587 2909 1840 2954 censura
1867 2898 2136 2954 auctores

576 2984 1020 3049 citati—Fuit
1049 2985 1331 3065 quaedam
1359 2985 1617 3064 antiqua
1647 2984 1857 3072 opinio
1885 2985 2133 3061 docens,

572 3077 859 3139 fidelibus
891 3078 1270 3158 simplicibus
1305 3095 1414 3139 seu
1455 3078 1532 3139 de
1571 3079 1887 3138 communi
1930 3077 2133 3156 plebe,

577 3189 702 3232 non
744 3189 872 3232 esse
901 3171 1312 3232 necessarium
1341 3171 1576 3250 aliquid
1610 3170 1895 3250 explicite
1932 3171 2140 3230 crede·

575 3283 664 3339 re,
691 3263 794 3324 sed
815 3271 1058 3324 tantum
1079 3263 1424 3342 generatim
1450 3262 1697 3324 credere
1716 3281 1789 3324 ea
1807 3281 1944 3342 quae
1971 3267 2140 3323 tenet

577 3356 867 3431 Ecclesia,
895 3363 954 3416 et
983 3373 1095 3436 pro
1123 3355 1230 3416 illa
1256 3355 1534 3417 referunt
1565 3356 1757 3435 aliqui
1793 3356 1999 3434 plures
2028 3355 2139 3416 Ca·

576 3449 873 3522 nonistas,
901 3449 1346 3522 Innocentium,
1379 3447 1633 3519 scilieet,
1671 3449 1736 3507 iu
1765 3446 1963 3526 capite
1999 3450 2027 3507 1
2060 3446 2137 3509 de

573 3544 828 3604 Summa
857 3542 1156 3602 Trinitate
1185 3547 1246 3602 et
1277 3541 1420 3602 Fide
1448 3539 1781 3614 Catholica‚
1815 3541 1878 3600 in
1909 3541 2139 3619 princi-

576 3634 700 3714 pi0‚
727 3633 1087 3709 Ostiensem,
1115 3639 1175 3694 et
1212 3635 1721 3695 Panormitauum
1767 3633 1833 3693 in
1869 3632 2137 3694 Rubrica

575 3727 851 3806 ejusdem
879 3727 1067 3803 tituli,
1096 3727 1162 3787 in
1193 3726 1337 3788 fine.
1362 3728 1642 3788 Citantur
1664 3727 1852 3787 etiam
1887 3745 1993 3806 pro
2020 3725 2137 3786 hae

573 3821 864 3900 opinione
888 3821 1145 3882 Summa
1180 3819 1423 3896 Rozela,
1451 3820 1638 3882 verbo
1665 3821 1815 3897 fides
1839 3844 1865 3891 ,·
1887 3819 2140 3881 Guillel-

577 3930 718 3972 mus
759 3912 1138 3988 parisiensis,
1175 3913 1240 3972 in
1282 3918 1524 3974 tractat.
1567 3913 1644 3974 de
1687 3914 1858 3988 Fide,
1891 3911 1927 3992 ἓ
1958 3913 2142 3974 Post-

577 4023 758 4086 quam
785 4010 1003 4078 autem,
1043 4007 1202 4067 eirca
1228 4004 1457 4083 finem3
1482 4009 1544 4066 et
1570 4005 1880 4078 Altisiod„
1918 4004 2058 4066 libr.
2104 4005 2139 4065 3

577 4099 872 4174 Summae,
915 4102 1161 4158 tractat.
1215 4099 1273 4174 3,
1325 4098 1530 4178 capite,
1570 4102 1596 4158 1
1626 4144 1647 4174 ,
1695 4103 2031 4178 quaestione
2074 4099 2135 4158 5.

577 4189 788 4269 Aliqui
815 4208 962 4252 vero
994 4208 1070 4252 ex
1098 4190 1408 4252 modernis
1441 4190 1770 4270 Theologis
1804 4210 1941 4253 eam
1966 4192 2139 4252 dam-

576 4291 729 4345 nant
773 4290 842 4345 ut
879 4303 1200 4346 erroneam
1233 4329 1252 4360 ,
1298 4285 1446 4365 quia
1484 4286 1730 4346 videtur
1770 4285 2065 4346 damnata
2101 4303 2139 4345 a

573 4383 869 4461 Gregorio
905 4385 1066 4463 Papa
1105 4383 1206 4460 XI,
1228 4401 1370 4445 cum
1407 4383 1678 4445 Concilio
1717 4383 2138 4445 cardinalium

573 4481 652 4535 et·
675 4476 1153 4554 Theologorum‚
1183 4483 1250 4537 ut
1279 4474 1546 4538 refertur
1573 4477 1642 4537 iu
1666 4477 1997 4538 Directorio
2039 4478 2139 4536 In-

575 4569 967 4648 quisitorem,
996 4569 1034 4629 2
1065 4587 1154 4648 p.,
1190 4575 1404 4648 quoest.
1440 4573 1536 4636 10,
1576 4571 1749 4630 artic.
1792 4570 1855 4643 8,
1895 4585 2135 4643 eorum,

575 4664 681 4740 qui
711 4661 796 4721 ibi
825 4661 1237 4736 damnantur3
1269 4669 1476 4724 tamen
1506 4663 1556 4722 si
1587 4661 1776 4723 verba
1798 4661 1964 4723 illius
1996 4662 2141 4722 arti-

494 4795 504 4804 ·
577 4755 700 4813 culi
739 4773 881 4814 eum
933 4755 1136 4815 verbis
1180 4755 1488 4816 dictorum
1533 4755 1856 4816 auetoru'm
1895 4771 2141 4833 compa-

577 4853 818 4923 rentur,
851 4846 1234 4926 intelligetur
1268 4854 1432 4908 certe
1459 4866 1586 4908 non
1625 4847 1714 4908 ibi
1752 4847 2039 4907 damnari
2070 4845 2143 4906 il-

577 4940 779 5001 lorum
811 4940 1190 5020 opinionem,
1213 4959 1360 5002 nam
1385 4941 1682 5001 articulus
1703 4939 1790 5001 ibi
1811 4942 2147 5002 damnatus

577 5041 692 5109 est,
719 5035 878 5117 quod
895 5035 1044 5098 laici
1071 5052 1190 5096 non
1214 5039 1492 5098 tenentur
1521 5035 1604 5097 ad
1629 5034 1888 5116 aliquem
1913 5035 2146 5098 articu-

579 5127 708 5189 lum
728 5129 872 5206 fidei
901 5127 1182 5210 emptio-ite
1211 5129 1581 5200 credendum,
1607 5129 1714 5190 sed
1737 5127 1981 5204 sufficit
2010 5127 2145 5190 illis

581 5221 708 5282 ista
748 5219 1048 5283 conclusio
1088 5221 1155 5280 iu
1195 5237 1403 5302 qenere
1429 5266 1444 5291 ‚
1491 5221 1648 5301 quod
1693 5221 1941 5283 credunt
1980 5237 2147 5282 omne

578 5310 738 5373 illud
758 5313 916 5393 quod
941 5313 1181 5376 Sancta
1209 5313 1321 5376 Dei
1348 5313 1636 5376 Ecclesia
1658 5311 1866 5375 credit.
1894 5315 1976 5372 At
2001 5329 2148 5372 vero

579 5404 942 5464 Gnillelmus
977 5405 1332 5465 Pax-islensis
1363 5411 1425 5466 et
1467 5405 1844 5480 Altisiodor.,
1867 5422 2148 5484 expresse

577 5495 955 5574 simplicibus
1013 5497 1230 5558 dicunt
1295 5497 1570 5559 sufficere
1627 5497 1866 5576 aliquos
1921 5514 2149 5577 paucos

1431 370 1668 424 msPUT.
1703 370 1832 422 xut.
1871 369 1950 422 DE
1984 367 2323 421 PRfflPTO
2356 369 2706 422 lmssaloms
2738 369 2921 423 rium.

2203 468 2492 530 articulos
2532 468 2819 550 explicite
2848 468 3123 546 eredere,
3156 475 3217 530 et
3256 468 3513 549 reliquos
3544 471 3721 554 impli-

2206 563 2321 624 cite
2345 584 2364 637 3
2388 580 2537 642 ergo
2564 561 2761 622 multo
2792 561 3089 624 recedunt
3114 560 3193 621 ah
3224 561 3474 623 articulo
3501 564 3720 628 damna-

2212 663 2293 716 te.
2326 654 2451 716 Alii
2488 674 2634 716 vero
2674 661 2955 716 auctores
2988 661 3132 715 ante
3164 654 3371 716 omnia
3412 668 3724 737 supponunt

2208 749 2408 809 teneri
2438 766 2676 823 omnes,
2710 749 2899 808 etiam
2926 746 3257 826 simplices„
3286 747 3367 808 ad
3393 749 3724 812 credendum

2208 842 2404 903 Deum
2450 861 2601 918 esse,
2634 847 2696 902 et
2724 847 3255 902 remuneratorem
3290 860 3441 916 esse,
3469 861 3592 922 quae
3616 863 3727 923 per·

2209 936 2413 996 tinent
2456 935 2535 995 ad
2581 936 2819 1014 aliquos
2860 934 3182 1012 articulos,
3228 934 3305 995 de
3348 935 3580 1014 reliquis
3605 955 3727 1000 vero

2210 1028 2389 1088 aiunt
2432 1026 2710 1089 sufficere
2748 1027 2885 1089 illos
2929 1027 3177 1088 credere
3208 1028 3273 1088 in
3304 1017 3421 1088 fide
3458 1029 3727 1092 Ecclesiae.

2210 1121 2389 1184 Unde
2419 1123 2659 1182 ratione
2700 1120 2927 1201 prioris
2970 1121 3165 1201 partis
3206 1120 3449 1182 liberari
3483 1107 3731 1185 videntur

2211 1215 2291 1278 ab
2324 1215 2430 1276 illa
2459 1233 2739 1277 censura.
2772 1214 3157 1294 Quapropter
3195 1219 3486 1294 tanquam
3524 1215 3731 1278 indubi-

2212 1314 2411 1370 tatum
2450 1309 2529 1370 ab
2557 1307 2844 1369 omnibus
2885 1307 3357 1387 supponendum
3388 1313 3497 1382 est,
3524 1325 3591 1369 ea
3626 1328 3734 1370 om·

2214 1403 2320 1463 nia
2356 1421 2495 1482 quoe
2534 1407 2711 1462 erant
2738 1401 2853 1462 sub
2890 1405 3197 1481 praecepto
3224 1399 3371 1462 fidei
3398 1401 3461 1462 in
3488 1401 3613 1480 lege
3644 1421 3733 1464 na-

2214 1504 2396 1573 turae,
2442 1497 2629 1557 etiam
2669 1514 2837 1556 nunc
2884 1513 3037 1570 esse,
3080 1510 3142 1554 et
3186 1495 3529 1576 oppositum
3566 1495 3737 1558 dicere

2215 1607 2545 1650 erroneum
2589 1607 2742 1652 esse.
2790 1587 2869 1648 Et
2912 1587 3028 1647 hoc
3072 1587 3151 1651 ad
3192 1587 3517 1650 minimum
3554 1589 3739 1668 probat

2212 1682 2379 1742 dicta
2419 1679 2697 1742 definitio
2709 1698 2730 1760 3
2774 1688 2837 1742 et
2878 1682 3038 1741 ratio
3080 1686 3172 1741 est
3216 1681 3430 1755 facilis,
3459 1687 3583 1741 tum
3616 1684 3737 1762 quia

2212 1774 2367 1836 illud
2406 1781 2782 1856 praeceptum
2828 1781 2960 1836 erat
3000 1775 3163 1854 juris
3208 1773 3407 1836 divini
3436 1774 3735 1851 naturalis;

2212 1867 2565 1948 hujusmodi
2620 1875 2827 1930 autem
2883 1873 3195 1947 praeeepta
3245 1866 3471 1927 durant
3519 1867 3581 1927 in
3626 1867 3738 1947 lege

2210 1977 2411 2040 nova3
2443 1967 2579 2040 tum
2616 1959 2805 2022 etiam
2836 1959 2982 2040 quia
3009 1958 3304 2041 perfectio
3334 1957 3477 2020 fidei
3518 1977 3633 2020 non
3668 1969 3742 2022 est

2218 2055 2529 2115 diminuta
2574 2054 2642 2114 in
2689 2052 2825 2132 lege
2872 2070 3065 2127 nova,
3114 2051 3217 2113 sed
3270 2057 3479 2127 aucta3
3524 2069 3655 2131 ergo
3692 2061 3744 2114 ct

2218 2145 2536 2226 obligatiO.

2298 2242 2362 2300 Ξ.
2400 2239 2549 2305 Non
2578 2257 2775 2300 omues
2816 2239 3033 2302 saltem
3075 2237 3369 2302 articulos
3410 2257 3531 2302 esse
3576 2257 3743 2302 neces·

2223 2332 2387 2396 sario
2444 2332 2757 2396 credendos
2793 2332 3072 2414 explicite
3116 2333 3425 2397 suadetur.
3456 2363 3533 2378 --
3568 2331 3745 2404 Quoad

2220 2426 2407 2488 aliam
2437 2444 2581 2486 vero
2612 2430 2875 2505 partem,
2906 2425 3097 2505 quod,
3129 2425 3387 2500 scilieet,
3416 2443 3537 2486 non
3564 2441 3744 2486 omnes

2220 2517 2464 2580 articuli
2488 2517 2611 2579 sint
2638 2517 2925 2597 explicite
2948 2517 3237 2580 credendi
3244 2525 3491 2598 ,potest
3519 2517 3615 2579 illa
3638 2519 3745 2596 opi-

2219 2614 2325 2674 nio
2386 2611 2631 2673 suaderi
2681 2612 2998 2673 nonnullis
3040 2613 3449 2691 argumentis.
3506 2611 3744 2674 Primum

2216 2713 2328 2782 est,
2352 2705 2499 2785 quia
2528 2711 2901 2784 praeceptum
2935 2704 3081 2766 fidei
3102 2706 3304 2784 magis
3332 2704 3621 2786 explicitae
3646 2721 3748 2764 non

2214 2806 2305 2862 est
2351 2800 2564 2860 datum
2606 2799 2673 2859 in
2706 2798 2843 2878 lege
2900 2817 3063 2859 nova
3094 2800 3239 2879 jure
3290 2799 3525 2873 divino,
3572 2814 3747 2876 neque

2216 2895 2403 2954 etiam
2454 2892 2857 2953 ecclesiastico
2872 2908 2895 2968 3
2948 2910 3095 2970 ergo
3148 2909 3279 2952 non
3320 2899 3411 2952 est
3459 2889 3744 2952 asserenda

2216 2985 2357 3046 talis
2397 2985 2718 3064 obligati0‚
2748 2984 2895 3065 quia
2922 2985 3058 3046 sine
3086 2991 3395 3065 praecepto
3424 2985 3667 3064 positivo
3688 2983 3749 3043 de

2218 3097 2341 3158 quo
2360 3083 2615 3150 constet,
2641 3096 2766 3139 esse
2789 3096 2915 3138 non
2941 3085 3157 3158 potest.
3180 3077 3561 3140 Antecedens
3579 3075 3747 3155 quoad

2212 3174 2316 3252 jus
2363 3171 2645 3232 divinum
2688 3177 2876 3250 patet,
2926 3171 3075 3251 quia
3104 3169 3171 3231 in
3218 3171 3535 3250 Scriptura
3580 3169 3747 3228 solum

2213 3265 2471 3344 jubetur
2514 3263 2837 3344 praedicari
2876 3263 3021 3324 tides
3072 3259 3437 3343 evangelica
3468 3279 3484 3323 z
3526 3272 3585 3322 et
3610 3259 3751 3320 addit

2216 3359 2491 3420 Christus
2536 3356 2834 3417 Dominus
2868 3371 2884 3416 ε
2926 3353 3045 3430 Qui
3073 3357 3401 3420 crediderit
3428 3359 3485 3419 et
3518 3353 3751 3436 baptiza-

2219 3456 2319 3514 tus
2340 3449 2551 3529 fuerit,
2575 3447 2783 3520 calvus
2802 3449 2940 3523 erit,
2966 3449 3073 3510 ubi
3098 3468 3227 3510 non
3256 3447 3596 3530 explicatur
3614 3451 3751 3508 certa

2220 3545 2481 3605 materia
2510 3543 2797 3626 explicite
2839 3541 3181 3622 credenda3
3233 3561 3393 3622 ergo
3442 3543 3549 3623 qui
3594 3539 3755 3602 credit

2219 3641 2437 3714 Deum,
2468 3644 2530 3698 et
2560 3637 2747 3698 simul
2774 3637 2967 3707 credit
2996 3640 3119 3698 Deo
3164 3637 3450 3718 loquenti
3484 3656 3588 3717 per
3612 3637 3753 3714 Apo-

2219 3730 2405 3792 stolos
2450 3729 2547 3791 vel
2600 3730 2959 3807 Ecclesiam,
3006 3731 3073 3790 in
3112 3729 3410 3792 omnibus
3448 3745 3582 3810 quae
3609 3727 3755 3788 docet

2220 3824 2471 3886 confuse
2530 3824 2816 3904 sumptis,
2868 3823 3018 3885 satis
3066 3823 3290 3904 implet
3348 3821 3755 3904 quaeChristus

2220 3917 2419 3978 dixit:
2448 3917 2565 3990 Qui
2612 3915 2932 3981 crediderit
2958 3941 2987 3990 ,·
3012 3935 3163 3996 ergo
3190 3935 3268 3978 ex
3300 3923 3481 3998 parte
3522 3913 3650 3977 fidei
3693 3909 3755 3971 ad

2222 4011 2379 4072 nihil
2408 4010 2574 4072 aliud
2610 4017 2879 4088 tenetur,
2910 4011 3248 4072 dummodo
3288 4010 3419 4072 alia
3448 4006 3757 4070 necessaria

2220 4110 2531 4185 operetur,
2570 4109 2633 4164 et
2660 4111 3101 4184 consequenter
3128 4103 3279 4164 sciat
3325 4120 3471 4184 quae
3514 4099 3585 4163 ad
3629 4113 3754 4178 ope-

2220 4199 2488 4260 randum
2522 4197 2862 4260 necessaria
2889 4201 3055 4256 sunt.
3088 4196 3302 4260 Altera
3345 4215 3492 4258 vero
3536 4211 3661 4274 pars
3695 4190 3757 4249 «le

2215 4291 2355 4370 jure
2382 4291 2657 4352 humano
2682 4289 2980 4370 probatur
3006 4309 3085 4350 ex
3132 4289 3237 4350 illo
3268 4289 3595 4370 principie,
3623 4281 3757 4364 quod

2219 4385 2483 4446 Ecclesia
2518 4383 2675 4444 nihil
2725 4389 2923 4462 potest
2968 4385 3033 4444 in
3088 4391 3263 4445 actus
3311 4384 3587 4445 internos
3619 4401 3635 4452 ;
3664 4377 3759 4437 hoc

2220 4483 2428 4540 autem
2461 4491 2835 4557 praeceptum
2874 4477 3037 4537 circa
3060 4477 3385 4539 internum
3418 4481 3615 4538 actum
3640 4465 3761 4530 fidei

2221 4578 2523 4632 versatur.
2567 4570 2720 4632 item
2750 4571 2900 4650 quia
2946 4570 3118 4632 nullo
3145 4570 3395 4632 decreto
3432 4568 3528 4630 vel
3556 4577 3759 4626 canone

2222 4663 2539 4725 invenitur
2566 4663 2683 4723 hoc
2709 4669 3085 4744 praeceptum
3114 4663 3262 4724 satis
3280 4677 3655 4742 expressum.

2302 4757 2363 4817 3.
2414 4753 2727 4820 Suadetur
2756 4757 3032 4819 secundo.
3054 4789 3133 4804 -
3150 4756 3467 4820 Suadetur
3490 4753 3675 4816 tertio.
3694 4778 3761 4793 -

2224 4849 2533 4923 Secundo,
2554 4847 2717 4909 idem
2734 4847 2986 4928 probari
3002 4855 3226 4929 potest,
3244 4847 3394 4927 quia
3406 4847 3759 4928 praeceptum

2230 4941 2618 5002 multitudini
2642 4939 2919 5001 fidelium
2946 4941 3397 5021 imponendum
3436 4937 3607 5000 debet
3632 4949 3759 4998 esse,

2228 5035 2448 5096 saltem
2487 5033 2709 5112 majori
2738 5051 2816 5095 ex
2857 5042 3060 5114 parte,
3104 5033 3397 5096 omnibus
3432 5039 3495 5094 et
3532 5025 3761 5108 singulis

2226 5125 2783 5199 accommodatum,
2815 5143 2925 5207 pro
2946 5134 3127 5206 captu
3160 5127 3435 5202 illorum,
3459 5131 3524 5186 et
3542 5135 3761 5204 praescr-

2228 5219 2343 5278 tim
2368 5219 2435 5279 in
2465 5238 2531 5279 re
2560 5224 2687 5278 tam
2730 5221 3067 5280 necessaria
3112 5219 3191 5280 ad
3215 5219 3502 5288 salutem,
3528 5233 3603 5275 ne
3628 5207 3761 5272 mul-

2230 5311 2433 5372 titudo
2460 5311 2743 5373 fidelium
2770 5312 3045 5391 periculo
3074 5311 3493 5374 damnationis
3524 5319 3762 5385 expona-

2231 5408 2355 5463 tur.
2406 5403 2485 5464 At
2534 5423 2681 5465 vero
2731 5411 3106 5485 praeceptum
3161 5404 3304 5468 fidei
3358 5401 3651 5482 explicitae
3695 5391 3759 5450 de

2231 5497 2519 5557 omnihus
2577 5497 2851 5559 articulis
2916 5497 3277 5578 regulariter
3322 5504 3387 5558 et
3430 5485 3761 5574 frequentis-
