3900 6217
936 398 1105 453 sae-r.
1138 398 1225 455 111.
1258 400 1343 455 Aa
1375 399 1535 453 naus
1566 395 1685 463 srr,
1716 392 1841 451 uon
1874 397 2077 453 soum
2110 395 2192 453 ur
2223 396 2566 464 navamus,
2601 396 2737 453 s'rc.
3347 380 3428 455 ’45

186 492 395 557 dendi
426 496 643 559 omnia
668 498 977 579 revelata,
1010 520 1149 565 esse
1180 504 1493 583 objectum
1519 502 1784 565 formale
1868 506 2172 564 unitatem
2231 522 2270 564 a
2321 521 2512 565 causa
2536 549 2552 575 ,
2609 499 2954 582 praesertim
3007 498 3306 563 eminenti
3365 506 3429 562 et

186 588 391 663 fidei;
430 610 569 653 non
590 593 779 655 video
807 602 1025 657 tamen
1052 617 1185 672 cur,
1208 597 1307 659 vel
1332 616 1459 678 qua
1484 615 1786 659 consecu·
1866 596 2209 675 aequivoca.
2241 597 2312 659 In
2357 596 2482 659 fide
2513 602 2726 657 autem
2775 595 2942 657 Deus
2971 598 3066 655 est
3101 594 3260 655 ratio
3291 613 3428 655 cre-

184 684 373 745 tione
404 692 473 747 et
492 686 781 749 doctrina
800 692 1123 771 negaverit
1150 692 1441 753 eamdem
1459 692 1784 755 revelatio·
1866 688 2078 765 dendi,
2109 689 2256 767 quia
2286 696 2380 751 est
2407 690 2581 753 testis
2605 688 2940 751 veritatum
2965 705 3122 767 quas
3147 686 3422 764 revelat3

188 796 357 839 nem
384 797 531 841 esse
566 781 887 861 objectum
914 784 1177 845 formale
1210 783 1586 865 Theologiae,
1637 801 1782 845 cum
1866 782 2037 843 nulla
2064 800 2212 863 ergo
2260 790 2355 845 est
2381 779 2784 863 comparatio.
2821 780 2954 843 Alia
2995 799 3143 841 vero
3168 779 3428 865 difficul-

188 874 624 951 proportione
688 884 1029 955 sumptam,
1078 879 1313 941 scilicet
1368 878 1665 949 mediate,
1722 882 1785 939 et

196 974 528 1045 quatenus
568 986 686 1046 per
737 968 1093 1031 discursum
1131 972 1481 1053 applicatur
1519 972 1601 1034 ad
1632 990 1784 1033 con-

206 1059 529 1120 clusiones
578 1060 819 1123 elicitas
867 1081 943 1125 ex
1004 1065 1323 1145 principiis
1367 1065 1550 1139 fidei;
1613 1064 1781 1126 unde

210 1154 399 1213 etiam
446 1152 669 1215 incidit
708 1154 777 1215 in
828 1156 999 1218 aliud
1046 1158 1515 1233 inconveniens,
1567 1157 1780 1219 dicens

206 1244 509 1307 eamdem
538 1264 681 1307 esse
730 1248 1141 1329 'theologiam
1181 1251 1247 1311 in
1274 1252 1529 1313 homine
1559 1252 1784 1313 Catho-

204 1339 323 1399 lico
376 1345 449 1399 et
492 1340 815 1415 haeretico,
871 1342 1083 1423 quoad
1140 1345 1574 1407 conclusiones
1625 1362 1783 1425 quas

204 1442 482 1511 uterque
542 1434 797 1497 eliciunt
841 1454 919 1499 ex
955 1438 1275 1519 principiis
1314 1457 1453 1519 quie
1478 1437 1777 1515 credunt;

212 1544 351 1587 nam
379 1526 551 1589 sicut
576 1528 665 1587 illi
686 1528 811 1589 duo
830 1548 958 1591 non
986 1530 1217 1592 habent
1247 1531 1536 1593 eamdem
1564 1531 1778 1605 fidem,

221 1638 415 1699 neque
432 1618 629 1699 plane
648 1622 884 1683 habere
905 1632 1165 1703 possunt
1185 1626 1591 1704 Theologiasn
1618 1626 1783 1705 ejus-

222 1712 353 1773 dem
402 1713 699 1787 rationis,
733 1734 879 1777 cum
912 1718 1253 1797 'theologia
1285 1719 1517 1779 nitatur
1552 1718 1782 1798 princi-

216 1804 323 1883 piis
348 1823 431 1867 eo
468 1806 663 1869 modo
696 1826 823 1887 quo
850 1810 1087 1873 credita
1118 1818 1285 1881 sunt,
1304 1812 1383 1873 de
1412 1830 1539 1891 quo
1564 1811 1775 1887 latius,

216 1906 358 1959 sect.
390 1902 459 1961 2.

284 1994 343 2053 8.
394 1994 507 2057 Aa
562 1995 811 2059 tertiam
871 1996 1167 2061 rationem
1222 1996 1535 2062 dubitandi
1582 2000 1782 2080 quoad

208 2088 479 2165 primam
524 2087 1013 2153 similitudinem.
1053 2122 1133 2135 —
1180 2090 1387 2164 Quoad
1429 2094 1771 2155 secundam.

212 2211 285 2225 -
302 2178 527 2253 Quoad
544 2180 810 2245 tertiam.
831 2212 907 2227 —
929 2180 1076 2253 Quae
1102 2182 1165 2243 in
1193 2184 1376 2246 tertio
1405 2190 1777 2265 argumento

216 2274 609 2352 proponebat
664 2274 973 2337 Aureolus
1018 2276 1195 2356 parvi
1249 2282 1397 2339 sunt
1441 2277 1772 2351 momenti;

218 2384 355 2427 nam
376 2365 691 2446 imprimis
718 2368 891 2429 nulla
908 2374 1001 2431 est
1018 2370 1398 2449 comparatio
1424 2388 1563 2449 quae
1599 2372 1670 2431 fit
1697 2370 1776 2433 de

206 2462 531 2523 intellectu
548 2469 803 2542 agente,
822 2462 921 2525 vel
936 2466 1139 2543 potius
1161 2464 1239 2525 de
1254 2466 1521 2527 naturali
1540 2464 1777 2527 lumine

206 2553 571 2617 intellectus
608 2556 951 2635 possibilis,
1003 2558 1085 2620 ad
1133 2559 1579 2621 revelationem
1598 2605 1615 2633 ,
1646 2577 1777 2641 ‘seu

204 2649 645 2711 testimonium
675 2650 829 2722 Dei;
892 2651 1127 2713 etenim
1164 2651 1381 2715 lumen
1428 2653 1777 2715 intellectus

212 2761 339 2803 non
375 2748 473 2803 est
518 2743 683 2803 ratio
724 2743 1055 2823 objectiva,
1112 2745 1223 2805 sed
1256 2749 1351 2807 est
1398 2746 1775 2827 principium

220 2836 489 2897 efficiens
514 2834 962 2915 cognitionem.
992 2837 1169 2901 Unde
1191 2839 1399 2917 potius
1426 2840 1775 2919 comparari

228 2934 433 3007 posset
459 2946 593 2989 cum
624 2928 847 2991 habitu
872 2928 1041 3003 fidei,
1072 2929 1151 2992 de
1198 2949 1323 3011 quo
1367 2931 1648 2995 dicemus
1676 2952 1776 2995 se-

228 3022 421 3085 ctione
448 3022 772 3103 sequenti;
807 3028 870 3084 et
898 3024 1039 3085 ideo
1066 3024 1221 3087 illud
1256 3026 1475 3089 lumen
1502 3045 1633 3089 non
1666 3026 1774 3091 dat

220 3116 485 3193 speciem
508 3115 705 3191 actui,
734 3117 847 3177 sed
872 3120 968 3178 est
996 3118 1187 3181 veluti
1210 3138 1401 3183 causa
1424 3120 1769 3201 aequivoca,

216 3230 347 3289 quae
386 3218 599 3291 potest
626 3210 837 3273 facere
874 3212 1155 3289 effectuS,
1206 3232 1321 3277 seu
1352 3220 1531 3277 actus
1562 3214 1771 3295 specie

213 3303 559 3371 distinctos,
576 3310 889 3383 quatenus
908 3322 1020 3383 per
1034 3304 1278 3369 diversa
1301 3308 1507 3371 media
1536 3308 1775 3389 praehet

212 3416 541 3471 assensns3
584 3416 727 3477 quae
758 3398 967 3460 media
992 3400 1193 3463 solent
1220 3419 1359 3463 esse
1389 3402 1633 3482 objecta
1651 3401 1773 3465 for-

212 3494 397 3555 malia
430 3494 689 3565 motiva,
732 3500 797 3555 et
838 3495 921 3558 ad
960 3496 1129 3557 hunc
1170 3496 1429 3561 modum
1470 3517 1539 3561 se
1582 3498 1775 3563 hahet

212 3588 268 3648 in
310 3588 613 3668 praesenti
652 3588 1079 3652 testimonium
1124 3589 1424 3653 divinum.
1482 3592 1771 3655 Secunda

212 3682 399 3743 etiam
443 3681 831 3761 comparatio
879 3682 959 3745 de
987 3689 1375 3764 praeceptore
1410 3704 1541 3747 non
1566 3691 1663 3749 est
1690 3686 1773 3748 ad

212 3794 369 3851 rem,
408 3776 563 3855 quia
596 3782 941 3855 praeceptor
980 3795 1109 3839 non
1150 3783 1245 3839 est
1286 3778 1446 3840 ratio
1476 3780 1771 3843 credendi

212 3887 345 3947 quae
366 3868 579 3941 docet,
600 3868 711 3929 sed
731 3874 827 3931 est
840 3888 1221 3949 proponens,
1236 3872 1559 3952 applicans
1580 3880 1641 3935 et
1667 3870 1778 3937 ex-'

210 3962 449 4041 plicans
496 3961 803 4023 rationem
854 3964 1169 4039 credendi,
1208 3982 1321 4027 seu
1348 3966 1767 4040 assentiendi;

210 4071 355 4113 nam
386 4053 443 4114 si
478 4053 764 4135 discipuli
790 4054 1001 4161 aliqua
1028 4057 1285 4119 credant
1328 4078 1405 4121 ex
1435 4059 1566 4121 solo
1604 4059 1774 4123 testi·

210 4147 421 4209 monio
448 4148 875 4228 proecepioris,
902 4148 969 4209 in
994 4149 1139 4225 illis,
1160 4168 1273 4213 seu
1296 4158 1583 4233 respectu
1608 4152 1773 4213 illius

210 4256 529 4313 assensus,
574 4258 719 4319 non
734 4240 937 4303 solum
964 4261 1033 4305 se
1073 4242 1265 4307 habet
1301 4248 1370 4307 ut
1402 4252 1768 4325 praeceptor,

207 4332 319 4393 sed
376 4332 571 4395 etiam
626 4322 703 4395 ut'
746 4335 941 4409 testiS,
994 4342 1057 4399 et
1096 4338 1253 4399 ratio
1306 4338 1639 4413 credendi;
1684 4340 1769 4401 ita

205 4445 357 4506 ergo
377 4446 447 4488 se
468 4426 659 4489 habet
678 4428 765 4487 De
774 4447 845 4489 us
872 4428 939 4489 in
956 4429 1105 4503 fide,
1136 4449 1263 4492 non
1292 4432 1495 4493 solum
1517 4437 1587 4495 ut
1613 4452 1771 4513 prae·

204 4526 441 4601 ceptor,
476 4520 591 4582 sed
622 4520 811 4583 etiam
831 4528 897 4583 ut
917 4523 1089 4585 testis
1118 4525 1215 4585 cui
1238 4516 1623 4587 credendum
1648 4529 1765 4603 est,

204 4622 263 4675 et
294 4616 415 4675 hoc
445 4613 637 4675 modo
668 4614 929 4677 dicimus
950 4634 1087 4679 esse
1116 4618 1433 4698 objectum
1476 4618 1763 4683 formale.

200 4708 407 4769 Tertia
442 4706 719 4787 denique
774 4711 1155 4789 comparatio
1202 4712 1445 4773 nullam
1472 4712 1663 4775 hahet
1690 4711 1768 4775 si·

198 4800 623 4863 militudinem
652 4819 667 4861 :
700 4820 847 4865 nam
880 4804 931 4864 si
954 4805 1121 4865 Deus
1136 4804 1423 4867 infundat
1451 4805 1763 4881 scientias,

200 4910 329 4954 non
357 4892 503 4955 ideo
530 4900 627 4955 est
678 4894 836 4957 ratio
874 4896 1276 4971 assentiendi,
1308 4916 1427 4961 nec
1455 4899 1628 4961 testis
1659 4916 1768 4961 eo-

196 5005 341 5047 rum
394 5004 537 5067 quae
583 5008 699 5068 per
740 4989 899 5051 tales
942 4990 1231 5053 scientias
1280 4998 1760 5073 cognoscuntur,

196 5081 311 5143 sed
336 5088 433 5143 est
457 5089 707 5145 tantum
734 5102 927 5145 causa
964 5086 1265 5160 efficienS,
1292 5087 1389 5147 vel
1422 5086 1767 5149 extraordi-

194 5174 395 5249 naria,
426 5181 487 5238 et
523 5176 707 5257 quasi
734 5195 813 5239 ex
856 5178 1197 5254 accidente,
1244 5180 1297 5241 si
1342 5181 1611 5242 scientiae
1642 5180 1765 5241 sint

196 5287 273 5329 ex
294 5286 409 5329 suo
448 5288 687 5350 genere
730 5272 1085 5351 acquisitae„
1108 5280 1170 5335 et
1196 5270 1330 5354 per'
1350 5274 1640 5335 accidens
1668 5274 1763 5335 in-

192 5360 347 5423 susae
362 5380 387 5441 3
429 5364 529 5427 vel
558 5370 657 5425 est
684 5382 877 5427 causa
906 5366 1351 5441 connaturalis,
1386 5369 1437 5429 si
1491 5366 1764 5429 scientim

196 5464 315 5517 sint
362 5474 475 5537 per
502 5476 573 5521 se
599 5456 853 5534 infusae,
885 5465 949 5520 et
976 5459 1117 5521 ideo
1158 5479 1287 5522 non
1316 5461 1597 5541 sequitur
1624 5460 1763 5521 illas

194 5549 483 5612 scientias
512 5570 659 5615 esse
678 5568 899 5625 unam,
929 5556 1075 5633 quia
1096 5556 1353 5619 effectus
1374 5573 1501 5617 non
1528 5553 1763 5617 habent

1862 880 1981 949 taS,
2014 893 2204 953 quam
2245 875 2312 937 in
2337 874 2632 955 praesenti
2663 874 2861 955 tangit
2898 874 3139 947 ScotuS,
3173 870 3252 935 de
3283 892 3428 953 pro·

1862 986 2044 1029 cessu
2075 968 2138 1029 in
2173 968 2508 1043 infinitum,
2571 968 2678 1047 qui
2719 967 2900 1047 sequi
2933 965 3180 1027 videtur
3202 984 3278 1028 ex
3306 966 3424 1027 hoc

1862 1060 2053 1123 modo
2101 1062 2452 1141 explicandi
2501 1062 2816 1141 obJectum
2844 1058 3108 1122 formale
3132 1058 3302 1135 fidei,
3335 1059 3426 1119 in-

1861 1153 1980 1227 fra,
2003 1154 2278 1217 sectione
2312 1156 2413 1233 12,
2433 1174 2470 1216 a
2489 1174 2554 1218 n.
2583 1156 2644 1229 8,
2675 1154 3063 1217 tractabitur.

2485 1356 2702 1409 SECTlo
2725 1356 2809 1409 111.

1862 1514 2096 1589 'Utrum
2123 1524 2288 1587 Deus
2315 1524 2402 1587 sit
2432 1524 2720 1603 objectum
2739 1522 2993 1603 formale
3009 1524 3157 1603 fidei
3175 1526 3419 1587 tantum

1890 1660 1903 1673 .
1941 1623 2016 1681 ut
2041 1618 2338 1689 revelans,
2382 1616 2474 1679 vel
2523 1616 2706 1681 etiam
2731 1616 3166 1687 utensilium,
3193 1635 3298 1679 eeu
3326 1617 3425 1679 lu·-

1942 1730 2078 1777 men
2095 1712 2240 1792 fidei
2259 1712 2584 1793 infundens
2597 1711 2627 1772 ἓ

1942 1905 2000 1964 1.
2043 1900 2266 1963 Modus
2307 1900 2552 1981 quidem
2581 1899 2819 1963 dicendi
2839 1918 2913 1963 σω
2944 1898 3151 1965 Scoto.
3178 1932 3261 1947 —
3284 1900 3423 1961 Non

1860 1994 2020 2057 solet
2052 1995 2186 2055 haec
2211 1994 2474 2073 quaestio
2502 1993 2619 2054 sub
2638 1993 2736 2055 his
2765 1994 3048 2055 terminis
3078 1994 3378 2075 disputari
3395 2010 3419 2073 3

1858 2098 2072 2153 tamen
2106 2088 2184 2151 ad
2214 2108 2356 2151 eam
2379 2088 2792 2163 tractandam,
2821 2089 3214 2151 occasionem
3242 2090 3422 2151 nobis

1858 2184 2184 2263 praebuere
2223 2182 2398 2243 varia
2433 2182 2596 2244 dicta
2630 2184 3007 2245 Doctorum:
3043 2182 3313 2263 primum
3343 2184 3422 2247 sit

1858 2276 2050 2351 Scoti,
2107 2277 2171 2337 in
2221 2278 2282 2351 3,
2329 2276 2470 2338 dist.
2529 2278 2628 2352 23,
2681 2279 2798 2338 art.
2832 2277 2894 2352 2,
2926 2274 3056 2349 ubi,
3087 2280 3422 2357 postquam

1858 2370 2186 2451 proposuit
2233 2370 2444 2450 aliqua
2495 2374 2868 2451 argumenta
2909 2376 3126 2431 contra
3161 2370 3422 2431 modum

1860 2464 2208 2545 explicandi
2247 2464 2564 2545 objectum
2593 2464 2856 2526 formale
2898 2463 3047 2525 fidei
3089 2483 3204 2545 per
3244 2482 3424 2528 reve-

1857 2557 2158 2621 lationem
2199 2564 2262 2620 et
2289 2558 2714 2621 testimonium
2761 2557 2897 2630 Dei,
2935 2557 3122 2617 aliam
3168 2557 3422 2620 adducit

1860 2652 2342 2732 explicationem
2393 2650 2562 2713 modi
2597 2648 2976 2713 assentiendi
3020 2649 3189 2723 fidei,
3241 2650 3422 2712 nimi-

1856 2763 2020 2818 rum,
2046 2750 2112 2805 ut
2133 2745 2511 2807 assentiatur
2534 2742 2905 2815 intellectus,
2933 2761 3060 2803 non
3084 2761 3161 2804 ex
3184 2744 3415 2805 motivo

1856 2838 2091 2919 aliquo,
2119 2838 2231 2901 sed
2257 2857 2374 2919 per
2399 2856 2466 2899 se
2492 2836 2807 2900 tendendo
2839 2836 2904 2897 in
2928 2836 3250 2898 veritatem
3277 2856 3420 2917 pro-

1854 2932 2146 3013 positam,
2177 2950 2252 2993 ac
2277 2931 2328 2993 si
2358 2938 2520 2993 esset
2549 2950 2664 3012 per
2686 2949 2753 2992 se
2781 2936 2953 3005 nota,
2983 2930 3186 2992 solum
3219 2950 3296 2993 ex
3328 2931 3419 2992 in-

1856 3026 2126 3089 trinseca
2160 3025 2408 3100 virtute,
2450 3028 2512 3087 et
2537 3023 2938 3086 inclinatione
2990 3024 3070 3085 ad
3101 3022 3419 3103 objectum

1856 3118 2348 3199 apprehensum,
2393 3118 2476 3181 ad
2517 3136 2664 3178 enm
2715 3117 2970 3178 modum
3000 3134 3125 3195 quo
3169 3117 3417 3178 habitus

1854 3212 2208 3275 intellectus
2254 3210 2590 3273 assentitur
2635 3210 2852 3291 primis
2884 3210 3240 3291 principiis;
3299 3211 3419 3271 hac

1854 3306 2312 3369 interveniente
2349 3305 2722 3380 differentia,
2756 3306 2926 3386 quod
2959 3304 3209 3367 habitus
3246 3304 3419 3385 prin·-

1854 3400 2157 3481 cipiorum
2189 3400 2677 3462 connaturaliter
2693 3398 3051 3475 assentitur,
3075 3398 3222 3478 quia
3251 3398 3418 3460 videt

1854 3495 2314 3557 connexionem
2366 3492 2796 3555 immediatam
2843 3498 3288 3555 extremorum.
3320 3490 3420 3553 Fi·

1855 3588 1969 3651 des
2027 3594 2260 3661 autem,
2323 3584 2474 3667 quia
2502 3586 2670 3647 illam
2709 3605 2838 3647 non
2889 3584 3080 3661 videt,
3123 3593 3419 3667 operatur

1855 3698 2048 3761 supra
2073 3685 2362 3743 naturam
2412 3680 2783 3742 intellectus·
2819 3678 2916 3741 Ad
2954 3696 3144 3759 quem
3171 3678 3419 3740 dicendi

1854 3775 2114 3837 modum
2173 3773 2589 3846 suadendum,
2643 3771 2770 3833 duo
2826 3771 3057 3835 motiva
3103 3773 3416 3855 praecipua

1852 3868 2123 3930 intendit
2171 3868 2429 3929 Scotus:
2473 3884 2672 3926 unum
2701 3872 2796 3927 est
2822 3866 3105 3945 proxime
3136 3867 3418 3927 insinua-

1850 3967 2012 4036 tum,
2043 3964 2190 4041 quia
2217 3958 2370 4020 alias
2398 3958 2846 4039 procederetur
2891 3959 2956 4019 in
3007 3957 3320 4020 infinitum
3349 3960 3416 4019 in

1852 4052 2200 4115 rationibus
2247 4050 2628 4114 assentiendi
2673 4070 2788 4131 per
2823 4050 3057 4124 fidem3
3102 4050 3272 4114 aliud
3295 4058 3410 4126 est,

1856 4147 2005 4226 quia
2060 4145 2291 4227 alioqui
2339 4145 2512 4205 nulla
2569 4148 2736 4207 esset
2777 4145 2934 4206 ratio
2977 4144 3290 4208 sufficiens
3331 4145 3415 4207 ad

1854 4238 2213 4322 ponendam
2239 4238 2432 4303 fidem
2465 4240 2760 4315 infusam,
2795 4242 2863 4301 ut
2891 4241 3309 4302 necessariam
3333 4239 3416 4301 ad

1854 4333 2262 4397 credendum.

1930 4432 1993 4494 2.
2043 4430 2127 4491 In
2171 4445 2233 4490 eo
2280 4432 2478 4493 tamen
2501 4444 2621 4489 non
2641 4427 2946 4509 persistit.
2975 4458 3057 4473 -
3086 4428 3416 4489 Verumta-

1848 4541 2000 4584 men
2027 4540 2236 4601 neque
2281 4522 2414 4600 ipse
2445 4521 2662 4582 Scotus
2707 4522 2770 4581 in
2796 4520 2920 4582 hoc
2950 4518 3194 4582 dicendi
3225 4520 3413 4583 modo

1848 4616 2144 4697 persistit,
2167 4633 2286 4677 nec
2312 4613 2559 4675 videtur
2571 4614 2719 4675 satis
2735 4613 3161 4695 intelligibilis,
3183 4620 3254 4675 ut
3279 4614 3412 4695 ipse

1850 4710 2038 4775 etiam
2089 4708 2294 4772 statim
2325 4708 2570 4787 objicit3
2627 4706 2774 4788 quia
2827 4715 3195 4789 sequeretur
3221 4708 3414 4770 fidem

1846 4822 1976 4867 non
2006 4802 2285 4884 praebere
2331 4820 2660 4863 assensum
2699 4800 2990 4863 rationali
3044 4807 3106 4864 et
3136 4802 3415 4865 intellec·

1844 4897 2002 4959 tuali
2029 4896 2239 4971 mod0,
2267 4895 2378 4957 sed
2405 4914 2518 4975 per
2535 4894 2794 4957 modum
2819 4896 3120 4958 naturalis
3145 4897 3408 4977 agentia,

1850 4990 2020 5070 quod
2049 5008 2168 5051 nec
2213 4989 2476 5051 dicineo
2509 4989 2768 5069 cogitari
2815 4995 3046 5070 potest3
3096 4990 3411 5071 quomodo

1849 5084 2018 5145 enim
2040 5082 2391 5145 intellectus
2404 5082 2706 5163 proebehit
2723 5101 3050 5143 assensum
3072 5081 3187 5142 nisi
3204 5082 3414 5145 videat

1846 5182 1910 5241 et
1949 5183 2286 5257 cognoscat
2331 5175 2584 5254 aliquod
2623 5177 2936 5238 sufficiens
2963 5176 3265 5238 motivum
3313 5196 3415 5237 as-

1846 5270 2188 5333 sentiendi?
2215 5271 2373 5331 Item
2408 5270 2562 5331 alias
2595 5289 2888 5333 assensus
2914 5268 3066 5331 fidei
3091 5287 3216 5329 non
3249 5273 3414 5332 esset

1842 5365 2024 5441 liber,
2079 5382 2198 5425 nec
2239 5382 2275 5423 a
2327 5362 2644 5425 voluntate
2699 5363 3008 5443 pendens,
3067 5362 3238 5441 quod
3291 5362 3414 5425 dici

1846 5458 2086 5539 nequit,
2117 5464 2185 5519 ut
2212 5457 2372 5518 infra
2399 5456 2772 5519 videbimus.
2807 5456 3089 5537 Denique
3113 5473 3411 5535 sequere-

1844 5556 1948 5613 tur
1977 5551 2279 5613 ini'antem
2307 5549 2686 5631 baptizatum
2719 5550 2896 5630 quasi
2931 5550 3285 5612 necessario
3314 5569 3410 5611 as-
