3900 6217
688 397 865 453 smr.
902 400 985 453 lv,
1020 398 1105 453 AN
1138 399 1323 453 INTER
1355 399 1621 455 OBJECTA
1652 400 1819 453 rim-:1
1850 398 1970 453 SEU
2003 398 2350 453 VEMTATES
2382 399 2744 453 CREDENDAS
2762 439 2776 463 ,
2811 398 2946 455 ETC.

210 503 275 563 et
298 501 337 563 2
376 498 455 563 ad
495 498 777 564 Corinth.
828 503 869 562 4
902 518 917 562 :
950 500 1257 567 Habentes
1299 501 1563 566 eumdem
1599 500 1783 585 spiri·

206 600 341 657 tum
374 590 564 675 flach
610 592 787 658 unde
832 593 917 657 ad
965 595 1155 658 Hehr.
1206 596 1305 671 11,
1368 594 1577 657 eidem
1604 594 1777 673 fidei,

202 704 403 767 quam
433 686 679 757 dixerat
706 706 847 751 esse
890 694 1314 771 aryumntum
1342 706 1461 751 non
1484 707 1783 772 apparen-

196 781 392 861 tium,
424 778 643 845 tribuit
679 782 889 845 omnia
932 781 1037 845 illa
1082 800 1381 855 munera3
1436 802 1583 844 nam
1628 783 1781 846 dum

200 876 337 937 ait:
370 872 529 939 Fide
564 874 970 959 intelligimus
1000 881 1217 959 aptata
1236 893 1361 939 esse
1383 876 1586 941 secula
1610 878 1781 941 verbo

204 970 375 1044 Dei,
428 966 624 1031 fidem
674 968 947 1031 historiae
996 969 1221 1049 ponit;
1281 951 1433 1030 dum
1487 988 1636 1033 vero
1696 970 1781 1033 ait

204 1060 531 1123 Abraham
564 1068 629 1123 et
668 1062 823 1123 Sara
850 1080 966 1143 per
995 1061 1188 1125 fidem
1217 1060 1512 1124 habuisse
1553 1061 1778 1140 filium,

200 1160 428 1234 aperte
456 1155 637 1235 ponit
656 1154 850 1219 fidem
876 1156 1303 1236 promissionis
1326 1156 1541 1219 dicens
1578 1176 1591 1218 :
1631 1156 1781 1233 Quo·

194 1246 379 1311 niam
418 1248 659 1327 fidelem
693 1249 947 1315 credidit
974 1267 1127 1325 eum,
1156 1251 1263 1333 qui
1300 1250 1730 1333 repromiserat
1748 1276 1779 1325 ,-

194 1340 383 1421 quod
436 1347 654 1405 autem
721 1342 931 1405 subdit
983 1342 1061 1404 de
1112 1342 1255 1404 filiis
1302 1343 1496 1406 Israel
1556 1363 1570 1405 t
1626 1344 1782 1408 Fide

192 1436 597 1499 transieram
632 1453 798 1501 mare
832 1434 1130 1511 Rubrum,
1174 1436 1255 1498 ad
1290 1436 1482 1499 fidem
1510 1439 1781 1499 miracu-

192 1527 415 1591 lorum
446 1530 759 1609 pertinet3
793 1533 856 1591 et
894 1529 1053 1590 infra
1084 1530 1293 1593 omnia
1324 1532 1774 1611 complectitur,

202 1620 427 1683 dicens
454 1644 471 1681 ε
504 1620 661 1687 Fide
682 1624 959 1687 vicerunt
979 1640 1189 1708 regma,
1220 1626 1453 1705 operati
1478 1632 1626 1689 sunt
1636 1626 1780 1706 jus-

200 1714 431 1791 titian,
478 1714 685 1799 adepti
728 1722 873 1781 sunt
915 1716 1406 1799 repromissiones
1426 1745 1454 1793 ;
1494 1719 1778 1799 quamvis

198 1827 359 1887 ergo
384 1827 610 1871 verum
632 1811 709 1871 sit
748 1811 1079 1873 materiam
1116 1811 1267 1873 fidei
1318 1812 1423 1874 illa
1453 1813 1571 1875 tria
1607 1832 1779 1875 com-

192 1904 627 1984 prehendere,
679 1908 895 1967 tamen
948 1905 1027 1968 de
1074 1907 1363 1968 omnibus
1412 1905 1636 1969 eadem
1682 1912 1777 1969 est

186 1998 387 2075 fides,
420 2004 486 2061 et
514 1998 678 2061 inter
700 1998 808 2061 illa
833 1997 1036 2061 solum
1074 2004 1171 2061 est
1206 2000 1545 2063 materialis
1573 1999 1777 2064 diver-

188 2092 377 2154 sitas·

274 2190 343 2249 3.
384 2184 505 2251 Em
530 2186 792 2253 ratione.
822 2186 1183 2250 —Accedit
1233 2194 1561 2269 praeterea,
1604 2188 1776 2269 quod

180 2280 369 2343 haec
350 2298 494 2363 ipsa
509 2280 853 2344 materialis
876 2282 969 2359 (ut
984 2280 1071 2342 sic
1090 2266 1317 2362 dicam)
1338 2281 1772 2363 multiplicatio

184 2374 597 2455 objectorum
622 2372 772 2437 fidei
799 2392 931 2436 non
960 2378 1129 2436 recte
1156 2393 1363 2457 neque
1394 2374 1774 2441 sufficienter

186 2468 299 2529 illo
326 2464 525 2531 modo
555 2467 932 2549 explicatur;
957 2486 1107 2531 nam
1135 2471 1335 2531 Deum
1355 2488 1517 2545 esse,
1547 2474 1609 2534 et
1632 2490 1771 2535 esse

190 2564 463 2635 trinum,
514 2569 581 2624 et
620 2560 844 2625 similia
876 2561 1195 2643 dogmata,
1221 2582 1428 2647 neque
1472 2564 1551 2626 ad
1580 2566 1774 2631 histo-

190 2657 382 2729 riam,
422 2673 644 2737 neque
676 2654 759 2719 ad
787 2656 1255 2737 promissioneS‚
1306 2677 1514 2740 neque
1549 2658 1633 2721 ad
1659 2659 1772 2722 mi-

192 2748 409 2811 racula
440 2748 788 2829 pertinent.
824 2749 1003 2823 Quod
1027 2750 1078 2814 si
1103 2751 1298 2815 v'elint
1329 2770 1404 2815 ea
1444 2752 1562 2815 sub
1587 2753 1777 2815 histo·

195 2843 293 2902 ria
307 2840 879 2922 comprehendere,
906 2845 1094 2907 etiam
1107 2842 1265 2906 fides
1282 2844 1773 2925 promissionum

206 2936 293 2999 ad
304 2936 632 2999 historiam
661 2941 939 3017 spectat;
970 2956 1117 3001 nam
1150 2937 1324 3021 quod
1348 2942 1517 3003 Deus
1544 2940 1775 3021 promi-

208 3028 358 3091 serit
382 3030 501 3091 hoc
519 3028 627 3093 vel
648 3028 828 3107 illud,
852 3031 1109 3096 historia
1128 3032 1417 3114 quaedam
1442 3039 1557 3107 est,
1581 3052 1775 3114 quam

198 3118 357 3183 fides
386 3120 627 3196 credin
660 3123 832 3203 quod
862 3130 1071 3187 autem
1099 3124 1471 3206 impleturus
1500 3126 1577 3188 sit
1605 3126 1775 3206 quod

192 3214 507 3295 promisit,
540 3215 817 3295 pertinet
840 3215 923 3280 ad
950 3214 1178 3299 dogma
1204 3217 1375 3294 fidei,
1418 3236 1543 3299 quo
1570 3219 1774 3281 credi-

190 3326 332 3369 mus
356 3310 573 3369 Deum
600 3328 741 3373 esse
766 3328 1057 3373 veracem
1088 3316 1149 3373 et
1173 3308 1429 3375 fidelem
1462 3316 1505 3374 ¹.
1539 3314 1614 3375 Et
1640 3312 1773 3375 fere

184 3398 357 3462 idem
402 3409 505 3464 est
543 3402 627 3465 de
670 3402 794 3466 fide
832 3402 1301 3479 miraculorum,
1333 3412 1646 3485 quatenus
1674 3424 1775 3469 ca-

186 3495 425 3559 tholica
454 3502 581 3571 est,
612 3498 758 3577 quia
776 3514 893 3577 per
916 3498 1088 3559 illam
1113 3498 1450 3576 credimus,
1484 3506 1547 3561 et
1572 3500 1775 3563 Deum

184 3607 377 3668 posse
410 3588 631 3653 facere
658 3590 1053 3667 miraculum,
1098 3593 1249 3674 quia
1276 3592 1592 3655 credimus
1635 3611 1776 3656 esse

189 3684 733 3765 omnipotentem;
790 3690 853 3747 et
890 3684 1203 3748 facturum
1258 3705 1395 3749 esse
1434 3686 1595 3749 sicut
1634 3706 1773 3768 pro-

188 3776 381 3851 misit,
442 3777 495 3839 si
538 3779 910 3843 necessarias
941 3780 1331 3842 conditiones
1372 3784 1769 3843 concurrant.

186 3868 327 3931 Non
354 3888 523 3951 ergo
558 3878 803 3953 oportet
828 3872 927 3935 his
977 3872 1475 3937 distinctionibus
1503 3874 1617 3950 uti,
1662 3874 1776 3937 sed

188 3982 315 4024 una
345 3970 453 4025 est
496 3962 661 4027 fides
687 3964 883 4029 multa
913 3966 1335 4049 complectens
1355 3966 1673 4049 dogmata,
1708 3974 1776 4031 ut

190 4057 253 4119 in
278 4058 646 4123 assertione
692 4058 984 4135 diximus„
1012 4058 1130 4122 sub
1157 4060 1387 4139 quibus
1419 4079 1639 4123 verum
1681 4070 1777 4126 est

194 4128 661 4231 comprehendi
704 4152 995 4217 historias
1056 4157 1118 4216 et
1158 4154 1647 4236 promissioneS,
1714 4162 1776 4218 et

202 4251 513 4323 praeterea
552 4245 871 4323 veritates,
913 4247 1138 4326 quibus
1182 4254 1404 4310 natura
1430 4248 1541 4310 Dei
1595 4249 1778 4311 nobis

202 4338 544 4401 revelatur.

274 4430 337 4491 4.
386 4430 613 4497 Tertia
646 4433 921 4497 assertio.
953 4466 1035 4481 —
1065 4434 1426 4515 objectionis
1460 4436 1779 4517 eujusdam

194 4523 441 4587 dilutio.
472 4556 560 4569 —
588 4524 963 4589 Addendum
1022 4546 1170 4589 vero
1214 4529 1474 4591 ulterius
1517 4536 1633 4606 est,
1667 4528 1779 4591 ob—

186 4614 435 4695 jectum
468 4615 619 4679 fidei
647 4636 776 4683 non
812 4626 1057 4683 tantum
1104 4621 1433 4703 complecti
1476 4622 1773 4685 veritates

196 4711 625 4787 necessarias,
678 4716 749 4775 ut
798 4714 1000 4777 Deum
1042 4733 1203 4791 esse,
1237 4719 1299 4779 et
1352 4714 1617 4787 similes.
1664 4716 1777 4778 sed

182 4803 395 4865 ,etiam
424 4804 881 4885 contingenteS,
912 4808 1039 4870 sive
1080 4808 1160 4870 de
1188 4810 1523 4890 praeterite,
1547 4810 1675 4871 sive
1695 4808 1775 4872 de

3351 392 3420 455 21

1862 505 1992 562 tem
2021 518 2149 561 non
2177 503 2384 583 potest
2414 519 2575 576 esse,
2603 501 2722 562 nisi
2768 501 2847 561 de
2879 498 3273 562 necessariis„
3306 502 3430 561 Re-

1862 592 2241 675 spondetur,
2281 594 2441 657 sicut
2493 592 2754 656 scientia
2796 590 2908 656 Dei
2933 598 3030 656 est
3060 598 3252 668 certa,
3283 592 3430 656 licet

1861 686 1940 748 sit
1969 686 2048 749 de
2068 687 2597 770 contingentibuS,
2626 688 2772 769 quia
2803 686 3050 769 attingit
3075 688 3180 749 illa
3205 704 3430 749 secun-

1863 780 2018 843 dum
2069 786 2301 844 statum
2348 782 2694 863 praesentiae
2749 786 2812 843 et
2848 780 3261 853 necessitatis,
3302 798 3429 859 qua

1864 894 2052 937 omne
2073 874 2375 958 quodest,
2397 893 2658 939 necesse
2679 879 2776 937 est
2793 892 2954 949 esse,
2973 874 3058 935 ita
3081 892 3218 935 esse
3238 892 3426 953 posse

1861 968 1941 1032 de
1969 970 2480 1051 contingentibus
2501 968 2693 1033 fidem
2723 975 2980 1042 certam,
3009 968 3156 1048 quia
3181 969 3427 1048 attingit

1860 1062 1965 1123 illa
1989 1067 2058 1125 ut
2101 1070 2248 1125 sunt
2291 1064 2408 1126 sub
2445 1064 2827 1125 revelatione
2868 1060 3099 1135 divina,
3130 1080 3268 1143 quae
3295 1079 3428 1122 ma·

1860 1160 1970 1216 nat
1998 1173 2036 1215 a
2065 1156 2322 1219 scientia
2347 1156 2480 1217 Dei.

1940 1253 2002 1312 5.
2053 1248 2291 1324 Quarta
2309 1248 2584 1315 assertio.
2616 1250 2995 1331 —Denique
3021 1248 3428 1329 comprehen-

1862 1342 1951 1405 dit
1976 1342 2098 1404 hoc
2128 1344 2442 1424 objectum
2471 1361 2600 1405 non
2625 1348 2872 1407 tantum
2915 1340 3424 1423 supernaturales

1861 1437 2175 1512 veritateS,
2206 1437 2319 1499 sed
2348 1438 2541 1499 etiam
2576 1439 2895 1500 naturales
2921 1438 3171 1509 multaS,
3199 1436 3264 1497 id
3303 1441 3420 1507 est,

1860 1548 2000 1611 quae
2018 1536 2276 1611 possent
2297 1530 2534 1593 lumine
2560 1536 2800 1594 naturae
2835 1529 3150 1612 cognosci.
3177 1532 3424 1594 Utrum-

1859 1642 1982 1706 que
2009 1631 2104 1687 est
2122 1626 2522 1689 manifestum
2567 1644 2644 1687 ex
2671 1626 3024 1707 ScripturiS,
3055 1631 3118 1689 et
3145 1644 3220 1686 ex
3262 1642 3420 1685 usu:

1857 1720 2017 1781 ratio
2072 1738 2222 1781 vero
2281 1726 2396 1797 est,
2459 1720 2606 1799 quia
2667 1722 2909 1801 priores
2956 1720 3252 1781 veritates
3292 1737 3424 1780 non

1856 1820 2119 1895 possunt
2149 1814 2266 1875 nisi
2295 1833 2410 1895 per
2428 1814 2879 1877 revelationem
2903 1814 3220 1896 cognosci,
3242 1814 3424 1894 juxta

1854 1908 2012 1969 illud
2033 1908 2250 1971 Matth.
2282 1909 2393 1971 16:
2431 1906 2582 1975 Caro
2614 1915 2671 1973 et
2697 1910 2953 1990 sanquis
2981 1926 3100 1972 non
3133 1907 3425 1973 revelavit

1856 2000 1988 2076 tibi,
2023 2007 2086 2064 et
2115 2002 2375 2077 similia3
2409 2002 2786 2082 posteriores
2816 2020 2992 2079 vern,
3036 2000 3181 2063 licet
3211 2000 3422 2081 aliquo

1854 2093 2045 2158 modo
2096 2100 2555 2177 cognoscantur
2603 2094 2876 2158 naturali
2927 2094 3166 2157 lumine
3191 2140 3208 2171 ,
3262 2099 3423 2157 teste

1856 2188 2072 2265 Panic,
2119 2188 2200 2250 ad
2232 2190 2409 2252 Rom.
2467 2190 2530 2266 2,
2569 2194 2783 2251 tamen
2835 2208 2872 2251 a
2920 2190 3138 2271 paucis
3189 2206 3425 2271 cogno-

1854 2286 2147 2355 scuntur;
2193 2288 2256 2344 et
2281 2281 2424 2343 ideo
2466 2300 2685 2344 eorum
2716 2282 2875 2344 fides
2911 2282 3265 2345 necessaria
3307 2281 3424 2345 fuit

1851 2394 1966 2457 pro
1994 2376 2320 2438 hominum
2342 2375 2775 2450 multitudine;
2807 2377 2932 2439 imo
2965 2377 3152 2439 etiam
3180 2394 3295 2457 pro
3324 2394 3426 2437 sa-

1851 2468 2186 2551 pientibuS,
2221 2473 2288 2531 ut
2314 2470 2557 2532 firmius
2587 2476 2649 2533 et
2676 2470 2906 2533 certius
2949 2470 3058 2532 illa
3106 2472 3416 2541 tenerent,

1853 2562 2024 2645 quod
2062 2564 2488 2626 necessarium
2532 2564 2721 2625 etiam
2747 2564 2864 2625 fuit
2897 2569 2968 2625 ut
2995 2568 3252 2645 possent
3273 2562 3421 2625 reli-

1853 2676 1978 2738 qua
2009 2656 2219 2718 omnia
2239 2656 2501 2719 firmiter
2524 2657 2806 2732 credere,
2837 2659 2998 2719 sicut
3024 2659 3088 2719 in
3119 2656 3423 2739 posterio-

1852 2750 2029 2815 ribus
2062 2749 2251 2811 latius
2282 2750 2633 2812 videbimus
2651 2767 2674 2831 3
2727 2752 2896 2813 etita
2950 2751 3138 2812 etiam
3175 2754 3421 2811 constat

1855 2844 1921 2906 in
1944 2850 2075 2906 tota
2101 2844 2224 2905 hac
2267 2844 2530 2905 materia
2557 2842 2705 2905 fidei
2732 2860 2861 2907 non
2892 2861 3030 2905 esse
3059 2842 3243 2905 aliam
3273 2860 3421 2903 con-

1852 2938 2236 3001 venientiam
2268 2938 2618 2999 secundum
2646 2956 2836 3017 quam
2869 2938 3246 2999 constituere
3275 2953 3422 3016 pos-

1856 3031 1933 3097 sit
1961 3051 2160 3093 unum
2181 3031 2581 3111 adaequatum
2604 3030 2917 3111 objectum
2939 3030 3108 3105 fidei,
3132 3030 3248 3091 nisi
3271 3048 3423 3109 qua-

1853 3131 2039 3187 tenus
2063 3129 2194 3186 tota
2216 3124 2324 3185 illa
2353 3124 2619 3200 substat,
2641 3124 2741 3185 vel
2769 3124 3054 3185 substare
3075 3126 3281 3205 potest
3307 3122 3419 3183 im-

1852 3218 2126 3280 mediate
2154 3218 2522 3280 revelationi
2551 3214 2798 3291 divinae,
2831 3216 3071 3278 ratione
3103 3216 3282 3295 cujus
3309 3215 3418 3274 ha-

1852 3310 1960 3371 bet
1983 3309 2272 3373 eamdem
2295 3310 2604 3372 rationem
2631 3309 2965 3386 credibiliS,
3006 3310 3176 3373 etita
3207 3314 3422 3373 manet

1852 3403 2162 3486 explicata
2190 3410 2254 3467 et
2285 3404 2548 3486 probata
2577 3404 2893 3468 conclusio
2926 3404 3151 3487 posita.

2461 3612 2680 3667 SECTIO
2711 3613 2796 3666 IV.

1907 3792 2130 3857 Utrwm
2171 3791 2335 3855 inter
2361 3790 2586 3872 objecta
2612 3792 2919 3874 complexa
2957 3811 3062 3857 seu
3097 3793 3382 3858 veritates

2201 3884 2519 3949 credendas
2539 3885 2625 3949 sit
2643 3884 2868 3967 aliquis
2893 3887 3077 3951 ordo?
3437 3886 3449 3899 ‘

1938 4072 1966 4130 1
1983 4115 1997 4130 .
2037 4069 2226 4133 Ratio
2250 4070 2566 4135 dubitandi
2589 4071 2658 4133 in
2685 4071 2796 4136 hac
2815 4072 3421 4153 quaestione—eum

1855 4162 2198 4225 dixerimus
2243 4162 2312 4223 in
2341 4163 2718 4243 praecedenti
2759 4164 3058 4239 sectione,
3096 4167 3422 4228 materiale

1858 4254 2178 4336 objectum
2229 4255 2378 4318 fidei
2433 4255 2649 4337 plures
2699 4258 2993 4319 veritates
3036 4260 3100 4319 in
3147 4278 3214 4320 se
3251 4279 3424 4322 com-

1859 4349 2072 4430 plecti,
2105 4356 2354 4431 oportet
2389 4368 2704 4430 exponere
2745 4370 2827 4412 an
2855 4350 3018 4413 inter
3044 4370 3111 4413 se
3147 4354 3428 4415 habeant

1859 4445 2136 4523 aliquem
2196 4443 2486 4505 ordinem
2538 4443 2761 4524 prioris
2816 4449 2878 4505 et
2912 4445 3308 4524 posterioris;
3365 4450 3429 4509 et

1858 4537 2018 4599 ratio
2076 4535 2404 4597 dubitandi
2463 4554 2602 4597 esse
2664 4542 2908 4615 potest,
2973 4538 3120 4617 quia
3178 4539 3284 4601 ubi
3333 4544 3429 4600 est

1856 4629 2192 4693 multitudo
2215 4630 2348 4691 sine
2370 4628 2613 4704 ordine,
2653 4629 2849 4692 ibiest
2876 4632 3186 4706 confusi0‚
3231 4637 3294 4695 et
3339 4633 3425 4693 ita

1857 4742 1988 4786 non
2005 4728 2219 4803 posset
2249 4741 2385 4785 esse
2413 4723 2620 4785 unitas
2647 4742 2762 4803 per
2787 4745 2853 4787 se
2883 4726 2948 4786 in
2978 4727 3224 4834 obj-ecto
3249 4726 3420 4801 fidei,

1858 4836 1931 4879 ac
1958 4816 2224 4879 subinde
2255 4835 2460 4896 neque
2503 4818 2563 4877 in
2601 4818 2736 4897 ipsa
2777 4819 2926 4892 fide,
2974 4820 3283 4882 nisiinter
3312 4821 3428 4882 ob-

198 4896 443 4975 sutum,
462 4903 555 4971 ut,
572 4900 987 4963 Antichristus
1002 4902 1141 4979 erit,
1159 4904 1281 4979 vel,
1302 4904 1697 4967 universale·
1672 4924 1778 4986 Ju-
1848 4913 2021 4991 jecta
2049 4910 2369 4973 credibilia
2395 4915 2560 4973 esset
2595 4910 2820 4991 aliquis
2859 4913 3033 4975 ordo.
3070 4915 3139 4975 In
3177 4918 3426 4975 contra-

198 4989 440 5053 dicium
458 4990 609 5067 erit3
642 4992 763 5055 hoc
788 5000 1030 5057 constat
1054 5015 1130 5058 ex
1160 4996 1383 5059 divinis
1398 4998 1769 5077 Scripturis:

202 5092 267 5147 et
318 5084 480 5149 ratio
541 5093 675 5161 est,
730 5088 875 5167 quia
931 5089 1067 5151 haec
1125 5092 1334 5153 omnia
1390 5093 1770 5154 revelantur.

202 5180 419 5242 Dices:
466 5178 627 5243 fides
665 5180 857 5245 debet
885 5200 1024 5245 esse
1054 5188 1260 5245 certa·
1246 5230 1262 5257 ‚
1321 5184 1628 5247 certitudo
1666 5204 1774 5246 au-

288 5371 307 5407 ¹
342 5370 611 5435 Consule
641 5370 815 5433 dicta
841 5370 953 5433 lib.
993 5372 1035 5431 8
1062 5370 1141 5433 de
1172 5372 1371 5447 Grat.‚
1408 5391 1548 5452 cap.
1584 5372 1682 5447 16,
1712 5379 1775 5437 et

202 5460 503 5621 {aslttiliong
528 5464 751 5621 hriatth.
782 5466 847 5538 9,
872 5482 934 5525 v.
958 5464 1039 5539 2;
1090 5464 1409 5541 Bellarm„
1434 5463 1575 5529 libr.
1618 5468 1658 5529 2
1694 5465 1772 5529 de

1855 5006 2022 5067 rium
2048 5022 2197 5067 vero
2225 5010 2341 5079 est,
2371 5004 2520 5084 quia
2549 5004 2632 5065 ad
2656 5006 2823 5068 hanc
2849 5007 3154 5068 unitatem
3177 5006 3424 5069 videtur

1855 5096 2143 5158 sufficere
2169 5102 2238 5159 ut
2264 5096 2400 5159 haec
2439 5099 2648 5160 omnia
2673 5098 2992 5161 credibilia
3021 5100 3302 5162 habeant
3323 5120 3427 5162 or-

1854 5189 2068 5252 dinem
2093 5188 2176 5251 ad
2207 5190 2496 5253 eamdem
2536 5192 2845 5255 rationem
2867 5192 3221 5269 formalem,
3259 5199 3320 5255 et
3358 5196 3422 5255 in

1853 5280 1962 5343 illa
1995 5282 2268 5345 habeant
2295 5284 2622 5347 unitatem.

1933 5377 1994 5438 Ξ.
2043 5376 2282 5457 Duplex
2313 5378 2454 5440 ordo
2482 5378 2646 5441 inter
2671 5376 2977 5441 eredibilia
3002 5378 3068 5439 in
3097 5395 3225 5440 esse
3251 5380 3344 5440 rei
3372 5384 3430 5443 et

1852 5468 1919 5533 in
1946 5486 2073 5533 esse
2112 5469 2434 5533 credibilis.
2464 5503 2545 5516 —
2576 5468 2734 5533 Ordo
2778 5470 2846 5532 in
2870 5487 2994 5533 esse
3045 5468 3153 5543 rei,
3202 5475 3328 5533 tum
3356 5472 3426 5532 iu

1854 5562 2184 5627 existendo.
2205 5595 2287 5610 —
2303 5562 2461 5627 Tum
2487 5560 2833 5643 dimicatis.
2862 5594 2944 5609 —
2965 5562 3060 5624 Ad
3087 5562 3209 5623 hoc
3237 5562 3428 5643 igitur
