3900 6217
674 340 842 393 sssc‘r.
879 342 963 393 ΠΙ.
1001 342 1084 394 AN
1118 342 1215 393 SIT
1249 342 1328 393 DE
1360 342 1630 395 RATIONE
1664 343 1940 397 RAERESIS
1974 344 2096 397 cml
2128 344 2505 399 PERTINACIA
2539 344 2854 399 coramvrl.

191 446 512 528 hujusmodi
553 443 1028 505 obstinationem
1069 444 1390 507 hominem
1433 462 1560 505 non
1591 464 1719 509 esse

191 543 542 606 haereticum.
1126 602 1136 607 ,

257 638 309 698 8.
349 634 554 697 Tertia
591 632 889 695 sententia
929 632 1124 697 media
1165 631 1494 695 eommunia
1521 637 1580 696 et
1624 650 1722 695 ve-

190 730 431 795 rissima.
473 758 554 771 --
591 723 1004 787 Nihilominus
1033 731 1124 787 est
1165 726 1348 786 tertia
1389 726 1718 801 sententia,

187 821 336 903 quasi
365 819 564 883 media
592 818 754 879 inter
781 817 1001 893 dictas,
1034 835 1174 896 quoe
1211 817 1389 880 docet
1430 820 1720 880 haeresim

189 936 290 977 non
314 934 440 976 esse
481 914 614 975 sine
658 911 978 974 voluntate
1021 912 1252 973 directe
1283 912 1554 993 eligendi
1595 914 1720 993 pri-

187 1015 364 1071 vatam
391 1005 754 1080 doctrinam,
783 1010 999 1067 contra
1025 1004 1370 1067 doctrinam
1405 1007 1716 1082 Ecclesiae,

187 1103 409 1179 ideoque
433 1118 560 1161 non
592 1116 766 1177 posse
795 1116 926 1159 esse
953 1098 1236 1160 haeresim
1255 1118 1398 1161 cum
1425 1101 1718 1177 ignoran-

187 1196 280 1269 tia,
323 1210 456 1272 quae
509 1192 700 1253 talem
747 1191 1133 1253 voluntatem
1181 1192 1452 1254 excludit
1463 1210 1483 1270 3
1519 1194 1718 1272 posita

185 1295 356 1351 autem
385 1285 715 1348 sufficienti
759 1285 1017 1347 scientia
1045 1303 1158 1365 per
1201 1286 1388 1349 talem
1436 1286 1718 1349 volunta·

187 1394 284 1442 tem
323 1398 422 1441 seu
465 1378 855 1453 electionem,
888 1380 1098 1441 statim
1135 1378 1554 1442 consummari
1592 1380 1718 1441 hae-

190 1473 340 1534 rcsim
360 1472 588 1551 absque
618 1472 912 1551 temporis
941 1491 1136 1549 mora,
1153 1473 1254 1535 vel
1285 1472 1406 1534 alia
1439 1473 1719 1535 admoni-

191 1568 341 1629 tione.
375 1568 516 1627 Haec
545 1582 639 1629 est
669 1568 974 1627 sententia
1003 1569 1352 1629 communis
1379 1568 1720 1647 Theologo-

192 1679 296 1721 rum
338 1664 397 1719 et
436 1660 938 1735 canonistarum,
982 1678 1264 1741 expresse
1295 1661 1423 1723 divi
1466 1661 1720 1722 Thomas

191 1758 234 1816 ἓ.
251 1756 303 1828 2,
322 1752 656 1832 qumstione
676 1756 775 1827 11,
801 1754 1043 1815 articul.
1070 1758 1132 1828 2,
1155 1754 1232 1815 ad
1267 1756 1326 1830 3,
1350 1753 1458 1815 ubi
1485 1755 1718 1833 optime

188 1850 468 1926 Gajetanus
496 1853 562 1907 et
581 1846 692 1907 alii
715 1847 1022 1922 moderni,
1049 1847 1290 1909 Banhes
1320 1854 1382 1909 et
1409 1848 1715 1926 Aragon.;

189 1942 320 2003 idem
349 1943 413 2003 D.
449 1940 744 2015 Thomas,
795 1945 824 2004 1
865 1947 1052 2019 part„
1096 1948 1308 2020 quoest.
1356 1942 1457 2017 32,
1498 1948 1616 2002 art.
1649 1944 1712 2019 4,

190 2042 446 2114 quatenus
486 2034 645 2094 dicit
690 2052 815 2095 non
849 2035 1232 2096 committere
1265 2034 1576 2111 haeresim,
1608 2034 1714 2115 qui

189 2134 336 2201 errat,
365 2126 532 2207 prius
575 2146 768 2206 quam
817 2126 1098 2189 advertat
1139 2128 1239 2189 vel
1283 2128 1435 2189 sciat
1475 2136 1718 2189 contra-

191 2224 316 2283 rium
351 2239 474 2283 esse
513 2220 600 2281 ab
647 2221 918 2283 Ecclesia
965 2221 1291 2283 definitum
1326 2242 1341 2281 ε
1385 2222 1546 2283 idem
1589 2222 1716 2285 fore

191 2314 390 2377 habeti
427 2314 502 2377 ad
545 2314 829 2377 Corinth.
867 2319 967 2392 11,
999 2315 1138 2377 lect.
1176 2317 1248 2391 43
1281 2321 1343 2377 et
1369 2316 1445 2377 ad
1479 2316 1712 2391 Titum,

195 2412 238 2481 3,
255 2409 372 2469 lect.
397 2410 469 2485 33
491 2409 782 2469 eamdem
801 2410 1174 2471 sententiam
1199 2409 1386 2469 tradit
1408 2408 1711 2471 Alexand.

197 2501 384 2576 Alens„
411 2503 448 2562 9.
480 2520 576 2581 p.,
613 2520 676 2579 q.
711 2504 852 2577 161,
879 2502 1110 2563 memb.
1148 2506 1203 2575 1,
1238 2502 1346 2562 ubi
1375 2509 1564 2581 negat
1588 2502 1716 2563 hae-

195 2595 338 2655 resim
369 2595 780 2669 committere,
809 2596 917 2675 qui
943 2596 1303 2673 ignoranter
1331 2600 1392 2656 et
1420 2613 1546 2655 non
1578 2614 1716 2675 per-

197 2688 428 2749 tinaciter
454 2694 670 2761 οτι-εὶς
709 2689 936 2767 excipit
970 2698 1174 2749 tamen
1206 2694 1516 2749 errantem
1559 2690 1719 2750 circa

199 2779 436 2841 articulos
461 2779 643 2841 fidei.
686 2781 802 2843 Sed
843 2780 1184 2842 formaliter
1211 2780 1546 2861 loquendo,
1593 2800 1718 2843 non

207 2880 272 2933 est
302 2874 554 2953 exceptio
605 2893 786 2947 νει-ας
829 2875 1138 2954 quomodo
1181 2880 1391 2935 autem
1437 2872 1720 2935 excusari

205 2968 340 3043 possit
361 2966 518 3028 iufra
547 2967 784 3029 dicam.
812 2968 981 3027 Idem
1010 2967 1198 3027 sentit
1218 2967 1712 3043 PanormitauuS,

201 3058 277 3117 uhi
314 3077 503 3138 supra,
549 3078 708 3121 nam
755 3060 942 3121 refert
991 3060 1334 3121 doctrinam
1386 3060 1718 3138 Augustini

197 3152 320 3213 infra
343 3154 732 3229 tradendam,
763 3160 824 3215 et
856 3154 1032 3225 illam
1057 3156 1333 3233 sequitur
1361 3153 1596 3228 dicenS,
1636 3152 1717 3213 ad

196 3245 422 3307 heresim
447 3248 871 3309 necessarium
899 3267 1026 3309 csse
1057 3255 1125 3307 ut
1153 3247 1289 3327 quis
1325 3246 1473 3307 velit
1499 3247 1714 3309 adver-

195 3341 286 3401 sari
313 3340 592 3403 doctrinae
637 3340 936 3402 Ecclesiae.
985 3342 1162 3403 Unde
1196 3360 1336 3402 cum
1372 3340 1598 3401 ibidem
1629 3340 1716 3401 ait

196 3434 443 3494 committi
481 3434 782 3499 baeresim
817 3453 926 3514 per
950 3434 1396 3513 ignorantiam,
1428 3434 1526 3496 vel
1568 3452 1719 3495 con-

196 3532 448 3605 temptum
493 3526 730 3589 divinae
760 3527 936 3605 legis,
967 3546 1094 3589 non
1125 3527 1399 3607 loquitur
1426 3528 1504 3588 de
1531 3528 1678 3607 iguo
1699 3562 1713 3571 -

199 3622 358 3679 rantis
385 3620 766 3683 definitionis
798 3620 1102 3697 Ecclesiae,
1131 3621 1233 3682 sed
1261 3622 1336 3681 de
1362 3619 1715 3698 ignorantia

199 3712 326 3773 lalsae
373 3715 902 3795 interpretationis
952 3734 1138 3776 sacrae
1181 3716 1516 3795 Scripturas
1537 3760 1556 3790 ,
1607 3731 1716 3774 seu

199 3805 376 3867 divinas
417 3808 610 3887 Iegis3
644 3808 926 3870 eamdem
975 3808 1346 3870 sententiam
1393 3814 1566 3869 tenet
1601 3808 1716 3868 Ga-

199 3896 334 3973 briel,
363 3901 422 3961 in
451 3904 512 3978 4,
533 3902 686 3963 dist.
727 3903 826 3976 13,
850 3920 912 3980 q.
943 3902 1007 3975 2,
1032 3906 1147 3962 art.
1187 3904 1244 3968 1,
1272 3901 1530 3962 notabili
1562 3903 1620 3977 3,
1656 3907 1719 3962 et

199 3992 390 4073 articul,
423 3996 482 4071 3,
511 3993 707 4055 dubio
737 3998 765 4053 1
812 4000 874 4055 et
901 3996 938 4056 3
956 4016 974 4069 ·,·
1013 3994 1362 4069 Durandus,
1393 4008 1612 4075 quaest.
1650 4000 1711 4073 5,

201 4102 335 4147 niam.
353 4090 422 4164 63
442 4088 822 4161 PaludanuS‚
853 4088 1194 4166 quaestione
1219 4090 1279 4162 3,
1307 4094 1424 4149 art.
1453 4092 1512 4159 1,
1536 4108 1710 4150 num.

203 4178 254 4249 33
279 4186 424 4241 etex
449 4181 787 4257 modernis,
815 4182 1049 4256 Castr0,
1076 4180 1186 4241 lib.
1221 4186 1248 4243 1
1281 4180 1358 4243 de
1391 4182 1562 4244 Justa
1589 4182 1718 4242 hae-

205 4277 288 4331 ret.
312 4275 492 4351 punit.
501 4320 520 4350 ,
553 4292 694 4353 cap.
725 4278 786 4350 1,
817 4275 977 4335 circa
1000 4273 1214 4340 finem.
1241 4280 1302 4335 et
1327 4274 1552 4336 clarius
1579 4292 1711 4355 cap.

204 4363 250 4433 9,
280 4371 330 4423 et
353 4365 482 4427 libr.
515 4369 576 4441 2,
625 4366 875 4447 capitul.
919 4368 1066 4444 1183
1115 4366 1420 4443 Corduba,
1462 4365 1604 4427 libr.
1655 4371 1714 4443 1,

203 4457 758 4541 quastione17,§7;
782 4460 1055 4540 vasquez
1081 4464 1136 4521 1.
1165 4462 1227 4533 2,
1250 4460 1542 4539 disputat.
1575 4462 1712 4537 1265

205 4554 250 4605 et
282 4551 498 4628 Driedo,
527 4554 690 4615 libro
731 4554 806 4614 de
836 4553 1141 4614 Libertate
1171 4552 1529 4628 christiana,
1577 4572 1710 4633 cap.

209 4642 281 4702 14.
318 4645 602 4709 Praeterea
643 4648 986 4709 Canonistae
1023 4646 1438 4707 communiter
1469 4647 1534 4707 in
1575 4666 1710 4727 cap.

207 4733 472 4813 Firmiter,
505 4742 582 4801 de
624 4742 880 4803 Summa
919 4739 1240 4814 Trinitate,
1271 4745 1332 4800 et
1372 4757 1556 4820 super
1595 4740 1716 4802 alia

203 4826 311 4902 jura
347 4834 543 4895 statim
589 4833 949 4911 alleganda,
993 4838 1056 4893 et
1097 4832 1206 4891 alii
1238 4850 1390 4911 quos
1427 4832 1615 4893 refert
1653 4838 1717 4893 et

209 4924 432 4999 sequitur
453 4926 776 5003 Ccvarrus,
802 4926 944 4986 libr.
987 4928 1022 4987 3
1049 4924 1316 5000 variar„
1342 4942 1476 5003 cap.
1507 4929 1568 5001 1,
1593 4925 1714 4985 ini-

209 5012 300 5088 tio;
323 5024 376 5077 et
399 5020 638 5081 Simanc
665 5064 686 5095 ,
709 5020 776 5080 in
805 5018 1096 5089 Institut.‚
1123 5018 1306 5077 titulo
1335 5021 1438 5093 31,
1467 5036 1709 5079 numer.

211 5110 288 5181 10,
306 5117 358 5169 et
377 5118 498 5172 toto
517 5114 692 5174 titulo
711 5114 825 5188 483
855 5113 1086 5186 Panna,
1111 5110 1180 5170 in
1208 5114 1246 5172 2
1269 5117 1428 5189 part.
1463 5111 1710 5185 Direct„
1769 5118 1772 5121 ’

211 5218 312 5281 cap.
345 5207 400 5281 1,
442 5212 837 5270 commentar.
891 5209 964 5282 13
1007 5205 1276 5283 denique
1319 5204 1715 5265 consentiunt

213 5299 569 5360 communiter
589 5301 965 5375 Summistae,
987 5298 1320 5379 Sylvester,
1351 5297 1540 5358 verbo
1567 5298 1716 5360 Hae-

217 5390 358 5461 mis,
401 5392 570 5453 initio
583 5409 604 5469 ;
635 5401 697 5455 et
736 5393 984 5467 Armil.,
1033 5410 1291 5453 numero
1339 5395 1412 5467 23
1463 5392 1710 5470 Angel„

221 5482 368 5545 verbo
399 5486 756 5567 Har-eticae,
781 5489 962 5551 initio
977 5504 998 5566 3
1035 5493 1098 5548 et
1117 5486 1406 5565 Navata,
1443 5504 1578 5565 cap.
1614 5488 1713 5562 11,

3249 342 3363 403 473

1799 465 2044 508 numer.
2078 450 2188 524 223
2221 448 2444 522 Tolet„
2466 448 2532 509 in
2564 449 2832 523 Summ.,
2856 444 3017 507 libro
3046 447 3107 521 4,
3135 463 3267 525 cap.
3302 448 3363 522 4,

1801 560 2045 604 numer.
2075 547 2133 617 7,
2162 544 2446 623 quamvis
2468 543 2627 603 libro
2653 546 2710 616 1,
2737 560 2873 620 cap.
2902 542 3001 617 19,
3024 558 3269 604 numer.
3300 543 3364 619 2,

1799 638 2065 717 primam
2092 639 2460 700 sententiam
2486 639 2672 701 suerit
2692 644 2965 713 secutus;
2988 642 3050 699 et
3068 637 3205 699 haec
3230 656 3368 699 sen-

1798 732 1996 793 tentia
2032 732 2353 793 verissima
2388 738 2481 792 est
2490 748 2510 809 3
2545 736 2791 811 oportet
2816 736 3027 791 tamen
3058 729 3227 790 illam
3256 748 3369 811 per

1797 830 2001 905 partes
2032 844 2371 905 proponere
2400 831 2461 885 et
2488 823 2877 885 confirmare.

1876 921 1937 980 9.
1983 918 2469 981 Fundamentum
2488 918 2787 1000 proxima
2814 915 3148 990 sententia,
3176 916 3367 993 perti-

1798 1009 2035 1074 naciam
2066 1029 2190 1073 esse
2228 1012 2295 1073 de
2320 1011 2553 1073 ratione
2581 1011 2855 1073 koeresis.
2878 1042 2957 1055 —
2987 1007 3217 1083 Primo,
3246 1014 3369 1069 sta-

1797 1104 2099 1165 tuendum
2142 1110 2233 1167 est
2261 1104 2665 1184 pertinaciam
2706 1121 2837 1165 esse
2864 1102 2943 1163 de
2970 1102 3209 1162 ratione
3244 1101 3369 1163 hae-

1795 1198 1945 1259 resis
1965 1220 1983 1272 3
2016 1199 2082 1258 in
2122 1198 2239 1259 hoc
2282 1198 2688 1259 fundamento
2734 1197 3116 1257 conveniunt
3150 1212 3367 1256 omnes

1799 1290 2083 1351 Doctores
2110 1289 2363 1369 allegati
2404 1290 2465 1350 in
2500 1289 2791 1350 omnihus
2817 1288 3095 1349 adductis
3122 1295 3371 1349 senten-

1798 1384 1924 1459 tiis,
1960 1385 2183 1464 quibus
2226 1384 2383 1446 adde
2416 1384 2747 1445 novissime
2788 1383 3064 1444 Farinac.
3092 1431 3105 1455 ,
3138 1381 3367 1443 multos

1797 1476 2158 1539 afferentem
2188 1478 2265 1538 de
2294 1476 2541 1553 haeresi,
2576 1477 2912 1557 quaestione
2944 1476 3061 1538 196
3080 1490 3099 1553 ;
3133 1480 3194 1535 et
3234 1493 3367 1537 me·

1798 1571 1941 1644 rite,
1987 1572 2135 1651 quia
2174 1588 2453 1649 expresse
2486 1571 2553 1631 in
2574 1571 2717 1648 jure
2750 1569 3045 1631 canonico
3074 1568 3364 1644 traditur,

1799 1668 1870 1725 ut
1898 1663 2095 1724 videri
2124 1670 2321 1744 potest
2344 1664 2410 1725 in
2440 1663 2603 1725 dicta
2630 1662 2961 1739 Clemeut.,
2982 1663 3049 1723 in
3076 1661 3114 1743 ἓ
3143 1662 3364 1740 Porro,

1798 1756 1874 1817 de
1923 1756 2180 1817 Summa
2224 1757 2549 1830 Trinitate,
2580 1756 2667 1817 ibi
2700 1774 2716 1817 ε
2752 1755 3039 1837 Quisquis
3068 1757 3369 1835 defendere

1797 1866 1902 1913 seu
1934 1854 2131 1914 tenere
2153 1850 2556 1933 pertinaciter
2585 1851 3067 1931 proesumpserit.
3104 1850 3269 1909 Idem
3298 1849 3367 1909 in

1798 1945 2237 2021 Extravagant.
2266 1945 2491 2005 Joann.
2522 1944 2709 2018 XXII,
2736 1943 2883 2009 Cum
2910 1943 3091 2018 inter,
3112 1942 3190 2003 de
3217 1942 3369 2003 Ver·-

1796 2035 2021 2097 horum
2056 2036 2535 2116 significatione,
2568 2037 2678 2097 ubi
2706 2036 2873 2097 idem
2910 2034 3167 2095 verbum
3200 2052 3367 2113 saepe

1795 2130 2127 2208 repetitur;
2161 2130 2345 2191 etiam
2380 2149 2455 2191 ex
2486 2149 2618 2210 cap.
2651 2132 3051 2202 Damnamas,
3084 2126 3161 2189 de
3188 2127 3363 2188 Sum.

1796 2224 2123 2301 Trinitate,
2166 2232 2473 2304 quatenus
2505 2225 2702 2286 utitur
2728 2225 2914 2285 etiam
2956 2220 3141 2284 verbo
3187 2222 3365 2285 Proe-

1797 2319 2147 2397 sumpserit,
2178 2324 2241 2378 et
2272 2318 2542 2379 maxime
2570 2326 2875 2397 quatenus
2910 2314 3232 2377 referendo
3270 2332 3367 2373 er-

1795 2428 1999 2472 rorem
2050 2411 2385 2490 quemdam
2430 2411 2669 2472 abbatis
2710 2410 3025 2485 Joachim,
3068 2408 3247 2471 illum
3283 2408 3364 2469 ab

1796 2502 2014 2565 haeresi
2042 2509 2313 2579 excusat,
2337 2505 2483 2583 quia
2514 2522 2639 2564 nou
2668 2521 2809 2564 cum
2837 2503 3175 2583 pertinacia
3202 2521 3367 2563 erra-

1797 2597 1921 2671 vit3
1947 2602 2009 2657 et
2036 2596 2236 2657 simile
2253 2596 2565 2676 judicium
2594 2596 2849 2659 Concilii
2877 2598 3134 2659 Remea.
3164 2602 3225 2658 et
3246 2598 3367 2657 Eu-

1799 2690 1968 2767 genii
1998 2690 2201 2769 Papae,
2238 2690 2305 2749 in
2339 2690 2608 2770 quadam
2640 2708 2823 2751 causa
2856 2697 2915 2749 et
2944 2708 3151 2751 errore
3197 2688 3365 2750 Guil-

1799 2781 1995 2858 leimi‚
2022 2783 2417 2845 Pictaviensis
2445 2784 2745 2864 Episcopi,
2774 2782 2961 2845 refert
2992 2782 3361 2857 Bernardus,

1799 2894 2082 2937 sermone
2118 2878 2199 2939 80
2226 2878 2292 2938 in
2322 2878 2598 2939 Cantica.
2628 2879 2703 2939 Et
2729 2878 3164 2957 Hieronymus,
3196 2883 3365 2937 tomo

1799 2974 1862 3045 9,
1889 2971 2068 3050 epist.
2114 2972 2189 3033 17
2218 2971 2295 3031 ad
2330 2972 2601 3047 Damas,
2633 2970 2711 3030 de
2753 2970 3147 3049 Expositione
3192 2968 3363 3045 fidei,

1799 3082 1938 3125 cum
1972 3082 2149 3125 suam
2182 3063 2367 3125 fidem
2394 3062 2703 3125 pontificis
2728 3063 2961 3144 judicio
2984 3062 3359 3143 subjecisset,

1798 3174 1870 3219 eo
1905 3158 2037 3236 ipso
2076 3162 2254 3235 putat
2292 3156 2484 3236 quod,
2527 3156 2669 3218 licet
2717 3174 2921 3217 errare
2957 3158 3363 3234 contingeret,

1798 3269 1920 3312 non
1949 3256 2152 3329 posset
2190 3250 2519 3311 haereticus
2547 3249 2869 3331 appellari,
2899 3249 3183 3329 quamvis
3212 3267 3364 3329 opus

1797 3343 1952 3403 illud
1991 3362 2118 3403 non
2146 3348 2237 3405 est
2274 3343 2531 3403 omnino
2576 3348 2813 3403 certum
2859 3342 3221 3421 Hieronym.
3272 3340 3365 3403 Ad

1797 3437 1963 3497 idem
1983 3436 2131 3497 facit
2150 3435 2453 3497 Clement.
2480 3436 2689 3512 unica,
2712 3435 2789 3497 de
2810 3436 3043 3509 UsuriS,
3068 3433 3106 3515 ξ
3130 3435 3333 3494 ultim.
3338 3478 3362 3509 ,

1796 3527 1884 3589 ibi
1917 3549 1930 3586 ε
1969 3528 2375 3593 Pertinaciter
2404 3528 2743 3608 affirmare,
2780 3534 2841 3588 et
2868 3544 3005 3607 cap.
3045 3526 3254 3600 unico,
3289 3526 3366 3589 de

1797 3620 1973 3680 Sum.
2002 3621 2255 3693 Trinit.,
2289 3623 2355 3683 in
2384 3624 2448 3695 6,
2477 3621 2561 3681 ibi
2597 3639 2612 3681 :
2651 3621 2993 3685 Temeraria
3020 3637 3174 3681 ausa
3202 3638 3367 3701 prce-

1796 3715 2147 3793 sumpserit.
2180 3716 2497 3795 Praecipue
2524 3732 2671 3775 vero
2700 3714 2909 3775 docuit
2944 3713 3106 3774 hanc
3142 3714 3368 3773 verita-

1797 3814 1922 3868 tem
1964 3807 2373 3886 Augustinus,
2419 3809 2677 3889 epistola
2712 3811 2854 3883 162,
2897 3814 2961 3869 et
3004 3807 3164 3868 libro
3211 3810 3251 3868 4
3286 3806 3367 3869 de

1797 3902 2134 3978 Baptismo,
2164 3908 2381 3963 contra
2409 3902 2777 3973 Donatistae,
2802 3910 2855 3963 c'.
2892 3902 2991 3977 16,
3017 3908 3079 3961 et
3100 3899 3369 3961 relertur

1798 3994 1864 4054 in
1891 3994 2163 4069 Decret0‚
2193 3998 2295 4070 24,
2318 4014 2376 4075 q.
2396 3998 2461 4069 3,
2484 4014 2537 4057 c.
2568 3993 2753 4057 Discit
2782 3996 3103 4069 Dominus,
3134 4000 3196 4057 et
3224 4012 3363 4074 cap.

1803 4088 1920 4163 Qui
1945 4090 2015 4149 ia
2046 4089 2352 4165 Ecclesia,
2399 4088 2684 4167 idemque
2728 4087 2995 4147 sumitur
3037 4106 3111 4148 ex
3148 4084 3366 4148 eodem

1797 4181 2165 4260 Angustiae,
2196 4181 2304 4243 lib.
2336 4182 2411 4243 18
2438 4182 2515 4243 de
2542 4182 2825 4254 Civitate,
2852 4198 2909 4239 c.
2942 4181 3040 4240 51.

1879 4278 1977 4338 10.
2023 4277 2135 4339 Ea.-
2156 4280 2335 4356 parte
2376 4276 2713 4339 voluntatis
2740 4272 3076 4354 requiritur
3112 4274 3192 4333 ad
3226 4289 3367 4351 per-

1797 4369 2087 4433 tinaciam
2122 4368 2269 4431 velle
2306 4369 2583 4431 resistere
2616 4368 2905 4431 doctrina
2934 4364 3261 4427 catholica».
3285 4397 3368 4409 —

1799 4462 1890 4521 Ad
1929 4461 2305 4523 reddendam
2356 4468 2565 4521 autem
2608 4461 2913 4521 rationem
2956 4458 3145 4537 hujus
3192 4456 3366 4536 prin-

1798 4554 1967 4633 cipii,
2010 4554 2341 4631 diligenter
2406 4553 2709 4633 explicare
2764 4557 3004 4631 oportet
3068 4550 3367 4629 quidnam

1799 4648 2139 4726 pertinacia
2174 4647 2298 4707 sit:
2335 4647 2570 4727 aliquid
2602 4648 2769 4707 enim
2801 4647 2867 4705 in
2915 4643 3228 4705 voluntate
3270 4661 3367 4704 re-

1797 4741 2009 4819 quirit,
2043 4740 2169 4801 imo
2209 4742 2274 4803 in
2305 4759 2377 4800 ea
2408 4739 2751 4801 formaliter
2780 4740 3043 4801 existere
3081 4737 3324 4798 videtur
3342 4753 3363 4814 3

1797 4819 2035 4913 ahquid
2078 4850 2227 4893 vero
2261 4834 2326 4894 in
2376 4832 2692 4893 intellectu
2722 4832 3036 4912 supponit,
3068 4831 3215 4909 quia
3261 4848 3367 4888 vo-

1795 4926 2005 4987 luntas
2060 4945 2302 5007 semper
2348 4926 2427 4987 ab
2480 4925 2795 4987 intellectu
2847 4925 3095 5006 pendet.
3157 4923 3365 4984 Primo

1795 5038 1944 5099 ergo
1995 5020 2522 5105 adspertinaciam
2558 5019 2901 5081 necessaria
2948 5023 3040 5079 est
3081 5014 3367 5076 voluntas

1795 5113 2122 5175 resistendi
2178 5112 2489 5185 catholicae
2546 5112 2867 5187 doctrinae,
2926 5131 3037 5173 seu
3087 5108 3367 5172 Ecclesiae

1795 5208 1967 5269 illam
1997 5206 2285 5281 docenti,
2330 5176 2854 5286 qu133³resistentia
2884 5204 2953 5266 fit
2994 5222 3106 5283 per
3146 5201 3368 5264 volun-

1795 5305 1988 5361 tatem
2007 5316 2130 5359 non
2152 5298 2457 5360 subdendi
2484 5317 2669 5359 suum
2692 5298 2995 5377 judicium
3015 5296 3370 5357 auctoritati

1794 5392 2103 5455 Ecclesiae.
2128 5395 2217 5453 Ita
2237 5394 2504 5453 sumitur
2538 5410 2617 5453 ex
2647 5390 2997 5470 Augustino
3018 5390 3163 5450 dict.
3192 5388 3299 5451 lib.
3327 5392 3367 5450 4

1796 5487 1874 5547 de
1893 5487 2221 5567 Baptism.‚
2248 5505 2383 5569 cap.
2417 5488 2515 5559 16,
2536 5487 2685 5553 dum
2708 5484 2859 5547 dicit
2878 5500 3021 5547 eum
3026 5530 3045 5561 ,
3072 5484 3180 5565 qui
3202 5487 3368 5547 errat
