3900 6217
544 528 771 608 gilitaS,
811 533 873 588 et
908 525 1181 588 conditio
1208 526 1485 587 humana
1508 573 1525 601 ,
1553 536 1615 586 et
1642 525 1792 587 alias
1820 530 1911 585 est
1936 524 2100 604 peri-

547 624 754 683 culum
800 621 1235 700 gravissimum
1290 626 1351 680 et
1404 626 1789 695 extremum,
1839 618 2105 681 charitas

546 715 777 793 obligat
803 715 881 775 ad
914 714 1328 773 miserendum
1350 760 1367 787 ,
1398 714 1737 793 praesertim
1767 714 1915 791 quia
1948 731 2101 792 quo-

546 807 877 868 dammodo
923 806 1320 885 conjungitur
1360 812 1511 866 tunc
1559 812 1929 885 praeceptum
1975 823 2104 866 non

544 899 1017 971 scandalizandi,
1041 904 1342 977 quatenus
1370 899 1472 960 ille
1496 899 1778 979 exemplo
1806 899 1949 959 vitae
1979 916 2106 959 suae

542 993 715 1069 facit,
737 999 807 1052 ut
834 992 1151 1072 proximus
1184 1010 1427 1053 summe
1460 993 1749 1071 indigens
1776 992 2106 1071 correptio-

544 1106 625 1149 ne
658 1104 795 1148 eam
824 1104 948 1147 non
982 1084 1447 1165 complectatur,
1480 1086 1645 1165 quod
1672 1091 1767 1147 est
1792 1084 2105 1165 quoddam

545 1198 741 1257 genus
779 1178 1083 1255 scandali3
1129 1178 1443 1239 tenebitur
1482 1196 1629 1256 crgo
1674 1190 1978 1239 corrector
2013 1194 2103 1238 se·

542 1273 747 1352 ipsum
780 1272 949 1351 prius
978 1270 1345 1347 emendare,
1388 1277 1695 1351 quatenus
1736 1290 1889 1351 opus
1916 1270 2107 1333 fuerit

542 1365 622 1427 ad
667 1365 1113 1445 correptionem
1162 1363 1343 1425 alteri
1388 1370 1661 1427 extreme
1697 1367 2106 1428 necessariam

541 1457 851 1519 fructuose
880 1458 1383 1536 impendendam,
1407 1458 1583 1537 juxta
1610 1458 1765 1519 illud
1783 1458 2002 1521 Matth.
2029 1463 2100 1521 7:

540 1552 722 1631 Ejice
746 1552 1017 1631 primum
1045 1550 1273 1614 trabem
1298 1552 1367 1613 de
1391 1552 1559 1614 oculo
1593 1557 1715 1626 tuo,
1750 1558 1809 1616 et
1839 1558 1983 1616 tune
2017 1554 2106 1616 vi-

544 1644 733 1721 debis,
764 1650 880 1707 etc.

1172 1845 1387 1898 sECTlo
1422 1846 1478 1898 V.

579 2016 681 2082 Ad
699 2034 847 2100 quos
876 2016 1251 2101 corrigendos
1282 2019 1499 2102 obliqet
1526 2020 1633 2083 hoe
1658 2025 2050 2101 praeceptvm.

621 2206 680 2264 1.
727 2201 946 2265 Prima
986 2203 1309 2268 conclus-io.
1340 2236 1422 2249 —
1447 2204 1595 2265 Tria
1627 2222 1857 2283 genera
1895 2222 2102 2283 perso-

532 2312 759 2355 narum
796 2296 1184 2357 considerare
1228 2312 1589 2375 possumus:
1642 2296 1917 2357 subditos
1938 2342 1960 2371 ,
2003 2316 2101 2357 su-

534 2387 807 2467 periores
848 2398 908 2448 et
957 2389 1243 2469 oequaies.
1288 2391 1429 2450 Dico
1458 2391 1682 2470 primo,
1712 2390 1830 2451 hoc
1870 2410 2097 2471 praece-

533 2493 709 2559 ptum
752 2480 1028 2560 obligare
1054 2481 1132 2542 ad
1161 2483 1573 2563 corripiendas
1602 2484 1903 2563 quaslibet
1930 2484 2098 2562 ejus-

536 2572 707 2633 modi
732 2591 1044 2653 personas,
1092 2575 1143 2635 si
1188 2582 1413 2653 egeant
1438 2578 1843 2655 correptione.
1876 2576 2099 2637 Proba·

532 2672 657 2742 tur,
704 2666 850 2744 quia
908 2674 1283 2747 praeceptum
1332 2668 1450 2729 hoc
1496 2669 1744 2747 respicit
1789 2670 2098 2730 miseriam

534 2758 915 2838 spiritualem
930 2763 1349 2840 proximorum
1372 2763 1439 2823 in
1457 2762 1815 2823 universum
1831 2777 1852 2839 3
1874 2781 2093 2823 omnes

532 2858 741 2912 autem
790 2853 1104 2933 praedictae
1150 2872 1427 2934 personae
1460 2855 1726 2934 proximi
1777 2862 1922 2916 sunt
1961 2874 2100 2935 pro-

530 2946 687 3025 prie,
718 2951 783 3007 ct
830 2952 1124 3025 praeterea
1166 2955 1310 3007 sunt
1351 2966 1601 3027 capaces
1634 2948 1895 3009 miseriae
1923 2947 2099 3027 spiri-

528 3038 751 3113 tualis,
802 3038 932 3099 sive
982 3040 1249 3119 pcccati3
1287 3056 1433 3119 ergo
1484 3046 1765 3120 respectu
1814 3041 2096 3100 omnium

531 3130 778 3191 illarum
816 3138 1189 3211 praeceptum
1236 3134 1600 3195 naturaliter
1626 3132 1880 3213 obligat.
1910 3134 2099 3193 Pecu-

530 3222 769 3285 liariter
800 3231 1007 3285 autem
1038 3232 1314 3306 respectu
1346 3226 1729 3306 superiorum
1760 3226 1959 3306 (quod
1983 3226 2100 3286 dif-

532 3316 756 3377 ficilius
818 3316 1014 3379 videri
1071 3325 1272 3398 posset
1302 3320 1323 3399 )
1384 3320 1676 3381 suadetur
1732 3319 2043 3380 conclusio
2075 3367 2096 3396 ,

530 3429 719 3489 quam
748 3412 935 3472 etiam
970 3412 1149 3473 divus
1177 3414 1465 3488 Thomas,
1495 3414 1830 3493 quaestione
1857 3413 1962 3474 illa
1993 3417 2097 3488 33,

530 3504 788 3564 articulo
841 3507 899 3579 4,
954 3506 1130 3567 docet
1150 3528 1167 3581 3
1204 3506 1499 3567 suadetur
1537 3506 1863 3587 (inquam)
1894 3508 2096 3587 primo

530 3612 608 3657 ex
648 3616 762 3657 usu
794 3598 1157 3678 Scripturas,
1185 3600 1355 3661 lsaiae
1392 3602 1593 3680 primo
1626 3622 1639 3659 :
1670 3599 1897 3663 Audite
1916 3602 2096 3681 prin-

529 3689 688 3770 cipes
711 3689 1127 3766 Sodomorum,
1149 3694 1441 3774 percipite
1467 3694 1717 3757 auribus
1743 3694 1931 3775 leqem
1957 3693 2090 3769 Dei,

530 3787 594 3841 et
622 3800 697 3844 ex
720 3782 856 3843 aliis
876 3786 1243 3846 testimoniis
1280 3804 1404 3845 non
1428 3804 1590 3847 raro.
1625 3786 1791 3847 idem
1825 3787 2092 3847 sumitur

527 3881 663 3935 tum
692 3894 768 3936 ex
785 3878 853 3937 D.
878 3878 1224 3956 Augustino
1251 3878 1317 3938 in
1348 3879 1582 3958 regula.
1618 3898 1724 3940 scu
1744 3880 1811 3940 in
1838 3879 2092 3959 epistola

533 3971 648 4031 109
678 3968 753 4030 ad
788 3972 1119 4031 monachas
1157 3972 1453 4050 quasdam
1494 3990 1510 4033 ε
1548 3974 1694 4035 Non
1731 3974 1921 4035 solum
1963 3990 2091 4036 oes-

529 4063 639 4137 tri,
680 4064 788 4125 sed
816 4066 1000 4126 etiam
1046 4066 1299 4145 praelati
1342 4066 1737 4140 miseremini,
1783 4066 1887 4145 qui
1929 4064 2094 4129 inter

530 4174 632 4217 vos
665 4161 885 4235 quanto
914 4157 979 4218 in
1016 4157 1141 4221 loeo
1180 4155 1499 4235 superiori,
1534 4161 1704 4219 tanto
1731 4159 1797 4220 in
1822 4158 2090 4239 periculo

529 4252 753 4331 majori
786 4258 1103 4314 versatur:
1132 4259 1194 4313 ct
1224 4252 1290 4311 in
1339 4252 1596 4331 epistola
1628 4252 1864 4313 decima
1898 4271 2087 4328 nona,

529 4346 728 4423 capite
774 4344 1077 4414 secundn,
1127 4345 1204 4406 ad
1260 4346 1449 4405 finem
1477 4390 1495 4419 ,
1544 4346 1755 4406 laudat
1798 4347 2086 4423 Petrum,

530 4438 691 4516 quod
739 4456 775 4497 a
806 4437 993 4498 Paulo
1044 4437 1159 4499 sibi
1208 4438 1497 4499 inferiore
1550 4456 1675 4498 non
1725 4438 2091 4515 dedignatus

530 4536 620 4590 cst
649 4531 872 4609 corripi
905 4548 924 4592 ι
959 4529 1154 4610 Atque
1188 4532 1301 4598 ita.
1340 4532 1568 4609 inquit,
1602 4534 1813 4595 rarius
1838 4537 1895 4593 et
1918 4551 2091 4596 sane-

532 4622 657 4684 tius
687 4622 1017 4701 exemplum
1050 4626 1315 4705 posteris
1342 4624 1627 4704 praebuit,
1668 4642 1780 4704 quo
1826 4642 1943 4685 non
1989 4626 2090 4687 de-

532 4716 957 4793 distne-entur,
996 4717 1189 4779 sicubi
1223 4720 1379 4795 forte
1404 4718 1557 4779 recti
1605 4717 1908 4779 tramitem
1950 4718 2096 4779 reli·

531 4806 825 4885 quissent,
876 4809 1058 4870 etiam
1100 4826 1139 4871 a
1170 4809 1601 4890 posterioribus
1643 4811 1892 4893 corripi,
1930 4816 2044 4871 etc.
2074 4832 2091 4884 ;

528 4903 661 4957 tum
704 4900 893 4959 etiam
922 4918 999 4960 ex
1030 4900 1323 4979 Gregorio
1351 4903 1559 4963 statim
1598 4903 1876 4977 citando,
1924 4910 1985 4962 et
2029 4902 2096 4963 in

532 4992 571 5051 4
591 4998 746 5070 part.
784 4993 1104 5069 Pastoral„
1136 5015 1270 5075 cap.
1302 5001 1361 5071 1,
1392 4996 1814 5057 admonitione
1840 4996 2088 5074 quinta3

534 5102 605 5144 ac
634 5086 883 5147 tandem
914 5086 1019 5150 lib.
1066 5090 1104 5150 5
1149 5089 1402 5166 Moral.,
1436 5107 1566 5168 cap.
1617 5091 1713 5151 10.
1756 5090 1933 5149 Ratio
1977 5102 2091 5164 cst,

534 5177 679 5256 quia
703 5179 781 5239 ad
806 5179 973 5241 hunc
1001 5188 1212 5243 actum
1242 5183 1646 5261 correptionis
1675 5200 1799 5242 non
1833 5182 2094 5260 requiri-

534 5275 637 5329 tur
668 5270 1013 5347 jurisdictio
1027 5318 1047 5348 ,
1094 5274 1197 5335 sed
1235 5274 1535 5335 fundatur
1562 5274 1627 5333 in
1661 5274 2094 5353 conjunctione

536 5360 891 5439 charitatis,
935 5384 1073 5445 quoe
1104 5368 1339 5427 caeteris
1385 5367 1637 5446 paribus
1659 5411 1679 5441 ,
1728 5366 1907 5426 debet
1966 5383 2094 5425 esse

536 5454 739 5532 major
764 5456 843 5516 ud
872 5460 1214 5537 superiores
1241 5476 1425 5538 quam
1454 5459 1531 5519 ad
1559 5458 1731 5520 alios,
1756 5460 1905 5519 ltem
1934 5475 2093 5536 saepe

536 5546 655 5631 ipsi
694 5550 894 5629 magis
924 5550 1230 5633 indigent,
1254 5553 1399 5635 quia
1436 5558 1499 5614 et
1528 5552 1595 5611 in
1620 5551 1960 5631 majoribus
1988 5568 2093 5633 pe·

1267 424 1501 481 mspm.
1540 425 1664 478 vlu.
1702 426 1781 477 DE
1813 422 2149 477 rnAEcssr‘ro
2181 423 2620 476 counEcwole
2653 422 3012 475 FRATERNAE.

2185 524 2396 585 riculis
2443 531 2801 599 versantur,
2844 530 2906 584 et
2947 522 3259 604 pauciores
3304 525 3444 583 sunt
3473 523 3570 601 qui
3606 544 3698 585 au-

2187 617 2372 678 deant
2395 617 2601 697 loqui3
2635 636 2784 697 ergo
2821 635 2949 677 non
2977 615 3176 677 solum
3213 620 3303 675 est
3325 614 3453 674 haec
3495 616 3698 695 obliga·

2183 712 2294 784 tio,
2327 710 2433 771 sed
2469 714 2686 791 major.

2263 806 2323 865 2.
2374 802 2632 883 Objectio
2673 803 2946 867 solvitur.
2969 802 3347 882 -Objicics‚
3387 820 3525 861 uam
3568 821 3703 883 saepe

2185 897 2394 959 Patres
2443 897 2730 958 videntur
2792 894 3242 975 reprehendere
3298 895 3702 956 correctionem

2183 990 2570 1053 subditorum
2603 1009 2754 1070 erga
2779 991 3096 1072 praelatos3
3142 998 3204 1050 et
3228 989 3389 1049 ratio
3433 996 3540 1064 est,
3583 991 3706 1067 quia

2185 1083 2325 1145 talis
2369 1084 2531 1145 actio
2587 1084 2832 1147 videtur
2882 1102 3012 1145 esse
3067 1090 3279 1143 contra
3330 1083 3705 1142 reverentiam

2186 1177 2606 1259 praelatorum.
2647 1178 3071 1259 Respondetur
3116 1176 3239 1238 duo
3282 1174 3587 1235 intendere
3614 1176 3707 1235 Pa·

2189 1281 2356 1333 tres:
2391 1272 2686 1352 primum,
2727 1272 2796 1332 in
2836 1268 3192 1351 huiusmodi
3245 1267 3478 1330 actibus
3519 1286 3708 1328 caven-

2188 1365 2331 1426 dam
2361 1383 2490 1427 csse
2524 1382 2772 1426 omnem
2798 1361 3264 1425 irreverentiam
3291 1368 3354 1423 et
3391 1360 3707 1434 audaciam,

2189 1465 2376 1539 atque
2407 1460 2559 1521 adeo
2589 1458 3004 1520 accedendum
3045 1476 3173 1518 csse
3219 1454 3483 1535 simplici
3525 1459 3582 1515 et
3613 1454 3708 1514 hu·

2187 1552 2322 1613 mili
2367 1553 2598 1627 animo,
2639 1551 3033 1613 admonendo
3083 1552 3287 1631 potius
3328 1565 3512 1627 quam
3535 1565 3710 1626 repre-

2183 1644 2536 1706 hendend0.
2563 1644 2738 1707 Unde
2759 1644 3111 1723 Gregorius,
3137 1649 3206 1702 ut
3226 1640 3491 1701 habetur
3513 1639 3575 1699 in
3595 1658 3705 1719 cap.

2190 1738 2398 1815 Sicut,
2429 1743 2491 1813 2,
2535 1745 2749 1817 quaest.
2795 1744 2830 1802 7
2871 1759 2885 1823 ς
2937 1736 3120 1801 Siout
3145 1732 3449 1799 laudabile
3473 1739 3560 1796 est
3586 1734 3712 1796 debi-

2181 1837 2310 1894 tam
2337 1832 2728 1895 reverentiam
2764 1828 3028 1893 eunibere
3067 1828 3443 1911 pastoribus,
3481 1827 3565 1889 sie
3602 1844 3711 1890 ree-

2182 1926 2468 1989 titudinis
2503 1929 2562 1989 et
2597 1926 2714 1987 Dei
2741 1925 2979 1986 timoris
3008 1928 3120 1999 est,
3165 1929 3239 1986 ut
3283 1922 3345 1985 si
3379 1922 3484 2002 qui
3509 1922 3627 1982 sint
3660 1922 3713 1981 in

2183 2020 2267 2083 eis
2297 2021 2402 2100 qui
2429 2018 2737 2102 indigeant
2765 2018 3151 2099 correptione,
3193 2015 3370 2077 nulla
3397 2013 3712 2077 dissimula-

2187 2112 2344 2174 tione
2360 2118 2782 2195 postponatur,
2821 2127 2892 2172 ne
2925 2114 3114 2174 totum
3142 2126 3361 2188 eorpus
3385 2107 3614 2168 morbus
3636 2106 3711 2167 iu-

2183 2208 2385 2280 radat‚
2415 2206 2472 2267 si
2493 2206 2754 2285 lanquor
2780 2222 2898 2267 non
2926 2205 3120 2280 fuerit
3149 2210 3402 2265 curatus
3435 2202 3502 2262 in
3528 2202 3716 2281 eapite;

2182 2319 2370 2379 quam
2411 2300 2780 2361 sententiam
2831 2302 3052 2380 repetit
3097 2296 3384 2359 Nicolaus
3429 2296 3487 2362 Ι,
3528 2296 3586 2354 in
3625 2314 3714 2354 sua

2181 2393 2436 2474 epistola
2464 2394 2542 2453 ad
2584 2392 2944 2455 Michaelem
2974 2392 3435 2470 imperatorem.
3461 2386 3708 2449 Secundo

2179 2491 2512 2552 intendunt
2538 2492 2982 2571 correptionem
3013 2488 3369 2570 judicialem
3399 2505 3522 2548 non
3552 2484 3712 2567 pcrti-

2179 2608 2326 2650 nere
2344 2588 2422 2649 ad
2450 2588 2756 2665 subditos3
2788 2588 2915 2649 imo
2942 2587 3126 2648 etiam
3151 2586 3484 2647 Anacletus
3521 2591 3578 2647 et
3613 2586 3704 2645 Fa·

2179 2681 2422 2758 bianuS,
2459 2688 2718 2759 uterque
2759 2682 2827 2742 in
2856 2680 3114 2759 epistola
3142 2698 3252 2741 sua
3278 2678 3564 2751 secunda=
3598 2696 3710 2757 quae

2178 2776 2486 2837 habentur
2522 2778 2589 2837 in
2619 2783 2770 2838 tom.
2816 2779 2845 2837 1
2886 2773 3302 2856 Epistularum
3334 2775 3707 2835 Summorum

2179 2869 2570 2944 Pontificum,
2605 2870 2820 2931 volunt
2845 2869 3229 2931 subditorum
3273 2867 3704 2928 accusationem

2179 2982 2306 3024 non
2335 2962 2511 3025 facilc
2536 2982 2666 3026 csse
2695 2962 3141 3025 admittendam
3169 2961 3236 3021 iu
3257 2960 3496 3041 judicio
3523 2964 3707 3020 contra

2181 3058 2488 3137 praelatoS,
2525 3059 2673 3137 quia
2699 3064 2792 3119 est
2829 3075 2924 3117 res
2963 3054 3144 3117 valde
3180 3062 3488 3135 suspecta,
3519 3055 3581 3115 iu
3611 3071 3712 3133 quo

2172 3152 2302 3227 jam
2344 3151 2572 3212 virtute
2623 3150 2820 3211 multo
2870 3154 3014 3213 ante
3052 3149 3436 3211 damnarunt
3463 3163 3704 3209 errorem

2179 3242 2504 3324 Wiclephi,
2551 3244 2812 3305 dicentis
2840 3243 3122 3323 praelatos
3153 3241 3468 3322 peccando
3497 3241 3707 3301 desine-

2181 3353 2249 3397 re
2269 3354 2398 3397 esse
2421 3337 2726 3415 pne-latos,
2751 3338 2827 3397 de
2855 3354 2980 3417 quo
3001 3356 3112 3397 suo
3136 3335 3272 3396 loco
3295 3335 3524 3413 agitur.
3561 3332 3702 3412 (Lib.

2181 3432 2219 3491 3
2249 3428 2326 3490 de
2361 3429 2648 3509 Legibus,
2691 3449 2745 3492 c.
2781 3433 2878 3501 10,
2911 3429 3046 3490 etl.
3074 3432 3134 3501 4,
3165 3447 3218 3491 c.
3251 3430 3358 3507 9).
3387 3428 3564 3489 —De
3593 3445 3708 3487 mo-

2177 3522 2256 3583 do
2286 3523 2656 3602 corripiendi
2684 3525 3014 3585 Summum
3043 3523 3402 3585 Pontificem
3433 3520 3703 3582 videndus

2177 3622 2413 3691 auctor,
2456 3622 2665 3677 contra
2705 3617 2944 3693 Jacob„
2973 3616 3017 3677 1.
3051 3619 3114 3693 4,
3159 3634 3214 3677 c.
3257 3618 3322 3691 6,
3371 3635 3434 3676 n.
3481 3618 3574 3676 11.

2789 3858 3004 3911 SECTIO
3029 3860 3108 3911 Vi.

2183 4044 2402 4107 Utrum
2423 4046 2563 4107 ordo
2578 4046 2958 4109 correctionis
2974 4050 3265 4123 fraterne·
3289 4038 3474 4109 eadat
3493 4045 3556 4107 in
3565 4060 3706 4124 prce-

2826 4144 3052 4222 eeptum
3065 4186 3080 4202 .

2254 4347 2311 4403 1.
2359 4342 2613 4407 Notatio
2660 4340 2885 4421 prima,
2929 4362 3043 4425 pro
3067 4344 3360 4407 decisione
3380 4343 3702 4425 quoestionis

2171 4437 2335 4500 eirea
2365 4437 2554 4500 locum
2581 4438 2810 4499 Mattk.
2847 4438 2942 4497 18.
2967 4437 3321 4501 ——Notatio
3351 4438 3618 4509 secunda,
3647 4437 3704 4497 de

2173 4530 2406 4609 triplici
2431 4532 2531 4593 via
2569 4528 2881 4593 delationis
2904 4532 3125 4594 delicti.
3141 4562 3223 4577 -
3243 4530 3499 4595 Notatio
3523 4532 3700 4595 tertia.

2172 4622 2594 4705 quotupliciter
2619 4624 2858 4686 dicatur
2874 4625 3178 4705 publicum
3201 4624 3291 4687 vel
3314 4626 3621 4688 occultum.
3635 4656 3705 4667 -

2175 4714 2461 4793 Quinque
2490 4719 2662 4774 actus
2695 4717 2952 4776 notandi
2973 4724 3116 4776 sunt
3141 4716 3207 4775 in
3230 4716 3346 4777 hoc
3379 4718 3610 4791 ordine,
3639 4732 3702 4773 cx

2177 4806 2394 4866 Matth.
2461 4808 2558 4867 18.
2617 4808 2859 4868 Primus
2912 4815 3005 4868 est
3056 4810 3390 4869 admonitio
3445 4816 3659 4871 secreta
3685 4820 3699 4863 ε

2182 4898 2428 4979 Corripe
2473 4919 2604 4962 eum
2627 4902 2788 4963 inter
2823 4905 2896 4971 te,
2934 4907 2986 4962 et
3013 4902 3208 4983 ipsum
3237 4902 3452 4965 solum.
3500 4904 3704 4965 Secun-

2175 4992 2313 5065 dus,
2343 4995 2643 5071 correptio
2674 5011 2872 5057 eoram
2908 5012 3046 5068 unc,
3091 4994 3183 5056 vel
3222 4996 3440 5057 duobus
3477 4996 3705 5059 testibus

2175 5085 2490 5147 adhibitis·
2522 5086 2786 5161 Tertius,
2813 5086 3194 5147 denuntiatio
3228 5088 3382 5151 :Die
3407 5086 3699 5149 Ecclesioe.

2175 5178 2459 5252 QuartuS,
2492 5180 2792 5257 correptio
2829 5180 3064 5239 Praelati
3095 5196 3110 5239 z
3143 5178 3224 5243 Si
3240 5179 3574 5243 Ecclesiam
3601 5196 3704 5239 non

2177 5272 2458 5334 audierit.
2493 5272 2775 5347 Quintus,
2827 5274 3056 5333 coactio
3093 5291 3202 5352 per
3229 5273 3702 5333 excommunica·

2175 5364 2406 5423 tionem
2442 5380 2457 5423 :
2492 5362 2602 5427 Sit
2629 5365 2735 5427 tibi
2761 5372 3047 5445 tanquam
3091 5364 3408 5429 Ethnieus.
3443 5366 3554 5438 Qui
3583 5382 3702 5425 om-

2173 5476 2284 5518 nes
2312 5464 2486 5519 actus
2525 5478 2635 5539 per
2663 5477 2726 5520 se
2763 5460 2990 5539 singuli
3021 5460 3246 5523 cadunt
3279 5462 3408 5521 sine
3437 5460 3618 5519 dubio
3645 5460 3702 5518 in

2171 5558 2572 5636 praeceptum,
2611 5553 2759 5634 quia
2783 5552 2996 5614 eodem
3019 5560 3228 5615 tenore
3261 5570 3468 5615 omnes
3499 5570 3704 5633 propo·
