3900 6217
599 406 715 472 {04
1070 410 1309 473 msru‘r.
1347 416 1429 469 m.
1468 416 1547 467 os
1580 412 1845 467 cessero
1876 412 2147 467 rosum
2181 414 2364 477 nom,
2401 416 2481 468 m·
2513 410 2808 479 Qvouooo
2839 418 2924 469 An
2957 416 3158 472 acuo.
3185 415 3316 474 erc.

592 517 715 578 ritu
740 518 987 581 Sancto.
1028 520 1191 601 Ergo
1219 520 1409 580 etiam
1438 523 1533 579 est
1572 516 1653 577 de
1678 516 1805 577 fide
1836 518 2038 577 Deum
2067 515 2166 577 di-
2242 516 2394 577 Deo.
2429 517 2719 579 Declarat
2747 520 2867 581 hoc
2911 519 3251 599 Capreolus
3277 522 3548 602 exemplo
3579 528 3742 603 visus,

592 628 733 671 cere
764 613 975 673 omnia
1004 632 1145 693 quae
1184 612 1495 674 credimus
1524 628 1539 669 t
1586 626 1737 670 nam
1776 611 1986 671 omnia
2017 612 2162 671 sunt
2243 628 2318 670 cu
2318 610 2424 689 jus
2455 618 2632 673 actus
2659 630 2788 673 non
2811 618 3016 691 potest
3041 612 3357 675 terminari
3383 616 3462 676 ad
3487 616 3742 695 colorem,

592 704 655 765 in
691 705 1009 785 Scriptura
1046 712 1359 777 contenta,
1395 705 1475 765 ab
1516 702 1793 765 Ecclesia
1834 702 2062 764 tradita
2097 708 2160 764 et
2239 704 2394 781 quin
2425 704 2610 765 simul
2641 722 2758 784 per
2781 704 2937 767 illud
2959 704 3246 767 videatur
3271 707 3498 781 lumen,
3525 711 3656 789 quia
3675 715 3746 777 ita

592 799 869 861 definita.
906 802 1135 876 Tertio,
1174 800 1282 880 qui
1324 804 1586 877 negaret
1630 797 1865 876 aliquid
1908 816 1986 859 ex
2033 798 2153 871 hie,
2239 803 2335 857 est
2374 798 2532 858 ratio
2567 797 2833 861 videndi
2879 799 3178 873 colorem,
3211 806 3279 863 ut
3321 801 3400 862 sit
3425 804 3600 865 etiam
3633 807 3746 869 visi·

592 912 731 973 quae
756 894 1068 956 credenda
1100 899 1245 956 sunt
1274 912 1387 973 per
1410 893 1626 965 fidem,
1656 909 1793 952 esse
1823 891 2059 952 dictum
2095 896 2156 953 et
2235 890 2384 962 bile,
2413 898 2475 952 et
2499 893 2858 953 necessario
2885 894 3070 955 simul
3093 893 3453 969 videndum,
3471 898 3566 958 vel
3589 901 3746 963 etiam

592 986 935 1048 revelatum
981 1006 1017 1047 a
1042 988 1193 1060 Deo,
1230 992 1395 1047 esset
1424 987 1612 1065 plane
1651 984 2009 1058 haereticus,
2049 1002 2156 1047 ne·
2235 984 2430 1063 prius,
2463 985 2686 1047 saltem
2715 992 2953 1047 naturae
2980 987 3222 1048 ordine.
3247 990 3337 1049 Ita
3357 989 3517 1049 enim
3533 1008 3747 1073 compa-

594 1097 716 1158 que
749 1079 960 1141 minus
990 1085 1227 1141 erraret
1252 1080 1360 1159 qui
1394 1079 1473 1140 de
1499 1080 1621 1139 hoc
1654 1078 2000 1139 deliberate
2037 1078 2156 1139 du·
2233 1082 2410 1139 ratur
2443 1078 2633 1139 dictio
2657 1080 2766 1139 Dei
2797 1079 2880 1141 ad
2908 1097 3042 1141 rem
3071 1080 3324 1153 dictam,
3349 1081 3490 1159 quia
3513 1088 3598 1143 est
3619 1086 3747 1146 ratio

592 1172 851 1246 bitaret;
900 1191 1048 1233 nam
1102 1178 1564 1253 consequenter
1608 1171 1895 1232 dubitare
1944 1174 2160 1251 posset
2239 1171 2558 1244 credendi,
2589 1177 2652 1234 et
2671 1172 2836 1247 talis,
2869 1178 2938 1234 ut
2966 1173 3045 1239 sit
3063 1174 3252 1235 etiam
3279 1174 3545 1237 medium
3567 1182 3624 1238 et
3643 1194 3750 1239 mo·

592 1266 672 1329 de
702 1268 959 1329 veritate
989 1268 1080 1329 rei
1109 1267 1287 1330 dictoe
1318 1286 1433 1329 seu
1470 1268 1795 1340 revelatam
1826 1284 1980 1346 ergo
2009 1284 2156 1328 con-

592 1360 781 1421 traria
822 1361 1073 1434 veritas,
1122 1360 1354 1423 scilicet
1374 1406 1388 1434 ,
1421 1362 1620 1421 Deum
1668 1359 1983 1422 revelasse
2024 1361 2160 1421 haec

592 1454 888 1533 mysteria
906 1498 921 1525 ,
980 1453 1351 1516 certitudine
1406 1452 1555 1514 fidei
1612 1452 1831 1515 infusae
1883 1452 2162 1515 tenenda

598 1551 716 1607 cst.

672 1641 735 1702 9.
776 1638 1057 1704 Secunda
1076 1638 1428 1723 propositio.
1454 1671 1537 1685 —
1554 1639 1723 1718 Ejus
1749 1640 1932 1704 ratio.
1963 1624 2046 1685 ὲ-
2071 1640 2166 1702 Et

592 1734 923 1815 exemplum
948 1732 1242 1811 Capreoli.
1262 1766 1343 1781 --
1368 1732 1657 1795 Secunda
1690 1734 2064 1812 propositio:
2095 1732 2162 1794 in

593 1828 767 1888 omni
827 1844 1090 1887 assensu
1140 1825 1287 1887 fidei
1344 1826 1615 1898 infusam
1662 1843 1789 1904 quo
1844 1826 2164 1887 credimus

594 1920 961 2001 mysterium
1014 1920 1268 1999 aliquod
1307 1920 1371 1980 in
1410 1920 1787 1999 particulari,
1840 1925 1926 1993 ut,
1971 1920 2166 1983 Deum

592 2033 715 2077 csse
755 2016 1009 2086 trinum,
1043 2012 1141 2074 vel
1169 2016 1409 2091 sactum
1444 2031 1569 2075 esso
1600 2014 1921 2089 hominem,
1948 2013 2052 2073 vel
2083 2012 2166 2074 si-

592 2108 782 2179 milia,
813 2107 1151 2169 intrinsece
1180 2113 1241 2168 et
1266 2106 1447 2186 quasi
1478 2124 1593 2186 per
1630 2124 1699 2167 se
1727 2106 1933 2185 primo
1961 2105 2159 2167 credi-

590 2219 732 2265 mus
761 2200 983 2262 eadem
1020 2200 1143 2261 fide
1173 2202 1375 2261 Deum
1402 2200 1717 2261 revelasse
1768 2198 1891 2259 tale
1920 2205 2160 2278 myste-

592 2297 774 2356 rium.
810 2296 984 2357 Hanc
1027 2294 1437 2355 assertionem
1468 2292 1676 2372 posuit
1720 2310 2014 2371 expresse
2045 2294 2161 2353 Ca·-

592 2388 847 2467 preolus
882 2388 945 2448 in
975 2387 1319 2467 quaestione
1348 2404 1537 2465 supra
1560 2386 1768 2457 citata,
1798 2403 1991 2464 quem
2021 2385 2160 2446 imi-

594 2486 757 2543 tatus
786 2488 878 2544 est
903 2482 1213 2559 Vasquez,
1248 2484 1275 2541 1
1310 2484 1499 2559 part.,
1530 2479 1691 2557 disp.
1726 2481 1785 2552 3,
1820 2497 1959 2560 cap.
2001 2482 2059 2552 3,
2095 2484 2159 2541 et

601 2580 653 2637 l.
686 2576 749 2649 2,
780 2575 939 2654 disp.
960 2576 1104 2647 201,
1137 2593 1274 2653 cap.
1309 2575 1373 2649 2,
1404 2572 1511 2633 ubi
1537 2572 1623 2633 ait
1654 2572 1927 2651 primum
1959 2580 2020 2634 et
2047 2590 2162 2652 per

593 2686 659 2730 se
696 2668 1082 2731 credendum
1110 2668 1175 2727 in
1213 2684 1475 2727 assensu
1506 2673 1960 2745 cujuscumque
1992 2684 2162 2745 mys-

593 2761 754 2835 terii,
796 2780 959 2834 esse,
988 2761 1151 2825 illud
1184 2760 1416 2823 dimisse
1454 2760 1666 2822 Deum.
1722 2758 2024 2821 Eamdem
2064 2778 2166 2821 as-

593 2856 931 2935 sertionem
970 2872 1149 2915 sumo
1197 2872 1275 2915 ex
1304 2856 1371 2914 D.
1420 2854 1663 2914 Thoma
1692 2854 1751 2913 Ξ.
1790 2854 1866 2926 2,
1904 2870 1967 2931 q.
2021 2856 2157 2928 171,

594 2954 709 3011 art.
754 2950 815 3021 5,
870 2948 976 3009 ubi
1026 2949 1111 3008 ait
1164 2948 1613 3009 revelationem
1668 2945 1980 3019 divinam,
2033 2962 2162 3026 qua

592 3041 759 3103 Deus
782 3039 1017 3120 aliquid
1066 3039 1250 3101 alicui
1292 3040 1552 3112 revelat,
1596 3038 1867 3100 reddere
1918 3046 2162 3100 certum

596 3134 771 3196 illum
814 3134 910 3195 cui
944 3132 1013 3195 fit
1044 3133 1369 3207 revelatio,
1400 3150 1531 3195 non
1564 3133 1767 3192 solum
1796 3132 1878 3193 de
1904 3132 2164 3194 veritate

592 3228 893 3300 revelata,
926 3226 1039 3289 sed
1084 3226 1272 3287 etiam
1313 3227 1511 3286 Deum
1560 3243 1700 3286 esse
1728 3225 1835 3303 qui
1866 3226 2161 3305 loquitur.

596 3322 827 3382 Verum
865 3319 1123 3399 quidem
1172 3323 1269 3380 est
1302 3320 1371 3379 D.
1400 3318 1707 3379 Thomam
1739 3318 1909 3397 loqui
1940 3318 2020 3379 de
2060 3318 2168 3379 illo

598 3415 699 3477 cui
730 3414 801 3476 fit
829 3413 1189 3474 immediate
1228 3412 1552 3486 revelatio,
1596 3416 1667 3474 ut
1690 3418 1871 3473 erant
1896 3412 2168 3491 prophe-

596 3514 711 3580 tae.;
757 3512 1193 3568 verumtamen
1244 3506 1294 3567 si
1332 3506 1491 3567 ratio
1529 3505 1907 3577 attendatur,
1940 3505 2166 3565 eadem

597 3601 677 3663 de
725 3600 1125 3663 credentibus
1160 3599 1451 3661 omnibus
1478 3600 1780 3679 procedit.
1812 3600 1921 3660 Est
1952 3604 2166 3660 autem

598 3696 757 3758 ratio
788 3696 857 3755 D.
890 3696 1169 3767 Themis,
1202 3694 1351 3773 quia
1388 3694 1566 3767 aliae,
1608 3694 1661 3755 si
1694 3694 1826 3773 ipse
1856 3694 2166 3773 propheta

598 3788 677 3851 de
731 3789 850 3849 hoc
900 3787 1337 3849 certitudinem
1390 3806 1521 3847 non
1567 3786 1851 3862 haberet,
1908 3784 2162 3855 scilicet,

598 3884 788 3946 Deum
812 3899 936 3945 esse
955 3882 1059 3963 qui
1082 3882 1375 3963 loquitur,
1406 3880 1564 3942 fides
1592 3879 1982 3942 credentium
2001 3877 2166 3939 dicta

598 3974 1045 4055 prophetarum
1077 3981 1249 4035 certa
1304 3992 1443 4035 esse
1472 3992 1601 4035 non
1651 3978 1901 4052 posset3
1938 3971 2166 4032 eodem

599 4073 811 4129 autem
842 4066 1031 4128 modo
1059 4084 1185 4129 non
1219 4073 1432 4147 posset
1459 4084 1599 4128 esse
1648 4072 1819 4127 certa
1848 4064 2010 4127 fides
2033 4082 2169 4125 cre-

598 4161 903 4236 dentium,
938 4161 1060 4221 nisi
1085 4160 1334 4240 ipsimet
1352 4178 1533 4240 aeque
1562 4160 1715 4222 certi
1742 4164 1954 4223 essent
1971 4159 2168 4220 Deum

600 4274 739 4317 esse
783 4256 889 4335 qui
944 4254 1241 4334 loquitur,
1286 4256 1445 4316 sicut
1494 4256 1683 4315 etiam
1734 4254 1982 4333 ipsimet
2029 4270 2170 4331 pro-

599 4349 803 4428 phetae
832 4366 959 4408 non
993 4354 1251 4427 possent
1296 4366 1435 4409 esse
1467 4348 1619 4409 certi
1652 4347 1733 4409 de
1772 4346 1964 4409 rebus
1992 4364 2170 4407 reve-

596 4443 761 4515 latis,
808 4448 869 4504 et
914 4442 995 4503 de
1024 4443 1285 4505 veritate
1330 4459 1573 4517 earum,
1619 4440 1743 4501 nisi
1772 4446 1983 4501 essent
2017 4439 2170 4500 certi

602 4537 775 4617 quod
799 4538 967 4598 Deus
996 4536 1100 4597 illa
1140 4534 1527 4597 testificetur.
1569 4534 1747 4597 Unde
1790 4534 1972 4595 facile
2005 4533 2172 4595 colli-

600 4628 767 4711 gitur
806 4630 964 4691 ratio
1006 4628 1459 4707 conclusionis3
1498 4646 1647 4689 nam
1686 4628 1795 4708 qui
1822 4646 1937 4709 per
1979 4627 2172 4688 fidem

600 4722 799 4785 credit
826 4722 1105 4801 aliquam
1143 4723 1499 4794 veritatem,
1548 4721 1745 4783 credit
1781 4721 1977 4793 illam,
2025 4720 2171 4799 quia

600 4815 763 4879 dicta
792 4824 887 4879 est
916 4836 951 4879 a
982 4820 1112 4878 Deo
1136 4836 1152 4889 ;
1178 4834 1330 4897 ergo
1360 4816 1719 4878 necessario
1752 4824 1814 4877 et
1836 4816 2170 4877 intrinsece

600 4928 715 4989 per
750 4910 927 4971 illum
967 4917 1175 4972 actum
1228 4910 1425 4972 credit
1465 4908 1622 4970 illud
1668 4926 1809 4971 esse
1862 4909 2096 4970 dictum
2132 4926 2170 4969 a

599 5004 754 5066 Deo.
789 5006 1094 5067 Probatur
1126 5006 1576 5085 consequentia
1598 5050 1613 5075 ‚
1654 5004 1802 5081 quia
1842 5004 1974 5065 haec
2019 5020 2170 5063 cau-

600 5097 749 5159 salis
784 5116 797 5158 :
831 5098 969 5162 Hoc
993 5098 1261 5163 creditur
1297 5099 1441 5181 quia
1466 5099 1695 5161 dictum
1722 5114 1762 5160 a
1786 5096 1931 5171 Deo,
1973 5097 2169 5157 inclu-

598 5190 691 5253 dit
708 5192 1033 5253 veritatem
1064 5192 1253 5270 hujus
1280 5190 1750 5272 propositionis:
1774 5190 1913 5255 Hoc
1931 5194 2022 5253 est
2045 5190 2172 5253 dic·

596 5290 728 5347 tum
776 5305 817 5349 a
853 5286 1000 5361 Deo,
1048 5304 1191 5365 quae
1234 5292 1329 5348 est
1354 5285 1834 5346 fundamentum
1868 5282 2166 5345 credendi

599 5378 824 5451 aliam3
858 5396 1023 5458 ergo
1071 5382 1203 5440 non
1248 5382 1455 5459 potest
1501 5394 1799 5439 assensus
1840 5374 2165 5438 terminari

598 5472 681 5534 ad
708 5474 1034 5536 veritatem
1062 5473 1153 5536 rei
1182 5474 1382 5551 dictae,
1408 5474 1560 5554 quin
1584 5473 1772 5534 simul
1792 5471 2167 5534 terminetur

603 5566 685 5627 ad
736 5566 898 5629 hanc
936 5566 1287 5642 veritatem,
1318 5568 1487 5649 quod
1522 5567 1672 5628 illud
1714 5567 1793 5628 sit
1844 5565 2078 5628 dictum
2125 5584 2162 5627 a

2239 1266 2435 1328 tivum
2469 1264 2788 1340 credendi,
2826 1273 2895 1327 ut
2924 1266 3300 1346 explicatum
3331 1273 3444 1330 est.

2323 1361 2421 1422 10.
2470 1358 2684 1423 Tertia
2729 1360 3090 1441 propositio,
3139 1376 3262 1441 quo
3299 1358 3514 1425 directo
3557 1364 3753 1440 satisfit

2243 1452 2424 1517 titulo
2477 1454 2784 1517 sectionis.
2800 1484 2885 1501 —
2911 1452 3342 1535 comprobatur
3379 1470 3454 1519 ιω
3489 1454 3672 1518 diletis.
3689 1486 3754 1505 -

2243 1546 2624 1609 Declaratur
2641 1546 3016 1626 ampliwe.--
3036 1546 3246 1607 Tertia
3271 1547 3615 1625 propositio,
3641 1567 3754 1628 quoe

2245 1658 2324 1700 ex
2350 1639 2529 1700 dictis
2567 1639 2900 1717 colligitur,
2931 1645 3027 1700 est
3055 1639 3373 1700 conclusio
3395 1639 3613 1702 directe
3653 1660 3754 1703 res-

2247 1734 2534 1814 pondens
2561 1734 2916 1819 quaestioni,
2949 1734 3203 1807 scilicet,
3237 1734 3657 1795 revelationem
3679 1736 3755 1797 di·

2245 1828 2457 1887 vinam
2485 1844 2614 1887 non
2646 1842 2784 1887 esse
2838 1826 3148 1889 mtionem
3201 1826 3518 1887 formalem
3567 1829 3755 1907 objecti

2245 1920 2415 1994 fidei,
2453 1922 2524 1981 ut
2581 1902 2905 1991 creditam,
2951 1920 3052 1980 vel
3099 1919 3480 1981 credendam
3515 1920 3629 1983 fide
3667 1924 3756 1983 hu·

2245 2032 2455 2087 mana,
2481 2013 2591 2074 sed
2621 2020 2690 2074 ut
2719 2011 3103 2085 credibilem,
3129 2020 3194 2074 et
3217 2012 3513 2075 creditam
3541 2013 3652 2075 fide
3681 2016 3755 2075 in-

2241 2108 2382 2169 fusa
2409 2113 2472 2169 et
2497 2107 2728 2168 divina.
2767 2108 2914 2167 Haec
2937 2107 3198 2168 assertio
3224 2108 3358 2186 jam
3387 2114 3480 2169 est
3495 2108 3755 2169 sufficien-

2239 2208 2335 2264 ter
2363 2202 2628 2281 probata
2658 2205 2878 2261 contra
2927 2200 3172 2279 priores
3217 2202 3587 2275 sententias;
3625 2206 3680 2263 et
3699 2220 3757 2263 ex

2238 2295 2443 2374 prima
2477 2292 2904 2373 propositione
2945 2292 3176 2373 posita,
3201 2294 3522 2355 manifeste
3549 2294 3756 2355 conclu-

2239 2386 2406 2448 ditur
2449 2404 2590 2448 esse
2627 2384 2922 2466 possibile
2953 2385 3216 2447 credere
3261 2404 3375 2466 per
3411 2386 3590 2448 fidem
3628 2387 3756 2447 infu-

2241 2498 2400 2554 sam,
2433 2478 2792 2559 hujusmodi
2833 2478 3284 2541 revelationem
3319 2496 3456 2541 esse
3505 2479 3755 2551 divinam,

2242 2592 2385 2636 cum
2415 2579 2736 2634 ostensum
2769 2573 2850 2636 sit
2891 2589 3032 2635 csse
3076 2572 3498 2635 necessarium
3527 2573 3634 2633 hoc
3653 2588 3760 2635 cre-

2243 2668 2416 2729 dere.
2449 2668 2521 2727 In
2555 2666 2832 2728 secunda
2861 2671 3075 2727 autem
3121 2664 3562 2745 propositione,
3592 2664 3760 2726 decla-

2245 2767 2452 2821 ratum
2503 2762 2600 2820 est
2644 2759 2810 2819 hanc
2850 2758 3044 2820 fidem
3080 2759 3421 2820 intrinsece
3473 2754 3684 2819 includi
3709 2756 3758 2817 in

2245 2868 2644 2932 quocumque
2699 2870 2962 2914 assensu
3031 2850 3216 2925 fidei;
3277 2868 3426 2932 ergo
3479 2850 3761 2911 manifeste

2243 2946 2636 3009 concluditur
2679 2946 2850 3006 illam
2901 2946 3376 3018 revelationem,
3409 2950 3478 3005 ut
3509 2943 3760 3015 divinam,

2247 3048 2312 3103 et
2343 3045 2410 3101 ut
2432 3039 2734 3101 creditam
2763 3038 2890 3101 fide
2919 3038 3156 3115 divina,
3181 3056 3324 3101 esse
3349 3038 3642 3099 rationem
3661 3054 3765 3097 cre-

2246 3133 2436 3197 dendi
2465 3134 2610 3207 alia,
2647 3141 2708 3194 et
2734 3133 2856 3194 hoc
2897 3136 2996 3194 est
3024 3150 3166 3194 esse
3210 3134 3522 3213 obiectum
3546 3128 3762 3192 formale

2247 3228 2416 3289 fidei.
2455 3228 2528 3287 Et
2573 3226 2932 3289 declaratur
2966 3226 3250 3299 tandem,
3295 3225 3442 3305 quia
3485 3224 3579 3285 vel
3607 3222 3766 3301 appli-

2251 3323 2414 3385 catio
2459 3322 2626 3382 illius
2683 3321 2912 3400 objecti
2937 3321 3219 3383 formalis
3253 3320 3337 3382 ad
3375 3318 3674 3381 materiale
3695 3316 3768 3375 in·

2245 3416 2546 3494 telligitur
2575 3433 2615 3475 a
2657 3414 2840 3476 nobis
2880 3414 3018 3475 fieri
3054 3432 3169 3493 per
3209 3414 3534 3493 proprium
3575 3411 3770 3472 discur-

2248 3528 2412 3583 sum,
2441 3509 2541 3570 vel
2569 3526 2684 3588 per
2719 3514 2930 3569 actum
2963 3508 3320 3587 simplicem
3359 3504 3642 3568 credendi
3663 3520 3770 3564 rem

2247 3604 2588 3666 revelatam
2637 3602 2754 3663 sub
2793 3602 2915 3664 -tali
2959 3601 3234 3675 ratione;
3287 3606 3547 3680 utroque
3597 3602 3770 3658 autem

2246 3696 2434 3758 modo
2463 3714 2728 3757 necesse
2773 3702 2872 3757 est
2908 3694 3366 3757 revelationem
3407 3694 3598 3773 ipsam
3633 3688 3772 3751 credi

2246 3789 2370 3852 fide
2399 3789 2624 3850 infusa.
2677 3786 2984 3849 Probatur
3023 3787 3232 3849 minor
3281 3786 3490 3867 quoad
3539 3784 3772 3865 priorem

2247 3889 2513 3965 partem,
2545 3883 2695 3962 quia
2725 3882 2775 3942 si
2803 3880 2914 3942 flat
2935 3880 3078 3942 talis
3095 3880 3382 3942 formalis
3395 3876 3772 3947 discursus,iu

2248 3978 2352 4039 illo
2377 3977 2644 4038 sumitur
2667 3974 2771 4036 illa
2795 3974 3140 4055 propositio
3173 3975 3389 4039 :Deus
3431 3976 3534 4038 hoc
3557 3970 3768 4043 revelat,

2249 4090 2362 4134 seu
2409 4071 2578 4147 dicit,
2615 4075 2913 4149 tanquam
2962 4069 3290 4149 praemissa
3341 4068 3673 4129 necessaria
3711 4062 3776 4123 ad

2248 4164 2642 4227 inferendam
2685 4162 3152 4225 conclusionem
3197 4161 3612 4232 credendam;
3652 4174 3778 4237 ergo

2249 4278 2510 4321 necesse
2541 4264 2636 4321 est
2669 4264 2740 4318 ut
2777 4262 3168 4337 supponatur
3197 4256 3460 4330 credita,
3501 4254 3578 4315 ad
3602 4253 3778 4315 minus

2253 4352 2478 4431 aequali
2519 4351 2912 4423 certitudine,
2943 4354 3014 4410 ut
3047 4349 3196 4410 satis
3235 4350 3566 4431 probatum
3613 4345 3672 4407 in
3695 4362 3780 4405 su-

2251 4444 2604 4525 perioribus
2635 4451 2752 4517 est,
2781 4449 2845 4505 et
2868 4443 3040 4523 apud
3075 4442 3476 4505 Aristotelem
3523 4448 3582 4501 et
3607 4435 3780 4517 philo-

2253 4538 2488 4617 sophos
2517 4542 2612 4599 est
2654 4554 2768 4615 per
2809 4554 2878 4597 se
2931 4542 3174 4597 notum.
3231 4536 3445 4598 Altera
3473 4552 3614 4595 vero
3659 4546 3782 4610 pars

2253 4631 2514 4693 minoris
2573 4631 2898 4711 probatur,
2963 4631 3112 4710 quia
3161 4630 3214 4691 si
3267 4636 3446 4693 actus
3499 4634 3588 4689 est
3641 4640 3780 4685 unus

2255 4730 2318 4785 et
2363 4724 2646 4803 simplex,
2695 4724 2914 4785 eadem
2965 4722 3336 4786 certitudine
3379 4716 3780 4800 complectitur

2253 4819 2463 4879 omnia
2495 4836 2636 4897 quae
2675 4818 2793 4879 sub
2829 4816 3005 4877 illum
3037 4816 3303 4889 cadunt3
3331 4822 3643 4878 ostensum
3688 4826 3782 4869 au·

2253 4916 2380 4971 tem
2407 4911 2501 4972 est
2529 4912 2846 4993 pertalem
2869 4916 3079 4975 actum
3101 4910 3294 4983 credi,
3315 4914 3382 4971 et
3397 4926 3530 4970 rem
3555 4904 3780 4967 dictam.

2251 5011 2314 5067 et
2338 5007 2536 5067 Deum
2565 5006 2776 5067 dicere
2791 5028 2808 5080 ;
2839 5024 2990 5085 ergo
3011 5010 3350 5083 utrumque
3379 4998 3646 5063 creditur
3669 5014 3784 5057 cer-

2250 5098 2514 5161 titudine
2543 5099 2690 5161 fidei
2743 5098 2985 5161 infusae.
3021 5097 3277 5160 Accedit
3306 5095 3480 5177 quod
3531 5093 3666 5153 licet
3695 5088 3783 5148 ille

2251 5197 2427 5254 actus
2458 5194 2747 5256 videatur
2775 5191 3062 5272 simplex,
3101 5192 3164 5251 in
3195 5188 3302 5251 illo
3333 5186 3662 5251 includitur
3677 5182 3784 5241 vir-

2253 5284 2436 5347 tualis
2472 5284 2808 5360 discursus,
2851 5290 2914 5347 et
2965 5284 3110 5346 ideo
3163 5300 3291 5345 non
3331 5286 3538 5363 potest
3581 5276 3784 5341 certius

2209 5397 2220 5407 ·
2249 5378 2574 5441 adhaerere
2604 5380 2852 5460 objecto
2873 5378 3185 5441 materiali
3213 5392 3404 5457 quam
3429 5370 3692 5437 formali.

2325 5476 2426 5533 Η.
2496 5474 2760 5537 Dubium
2829 5473 2994 5537 circa
3047 5470 3322 5555 primum
3391 5468 3786 5551 aquinatem

2243 5564 2313 5627 in
2357 5580 2522 5629 num.
2579 5567 2779 5631 tor-tio.
2819 5598 2904 5613 --
2939 5562 3162 5629 Prima
3217 5563 3550 5645 responsio.
3573 5592 3649 5607 --
3689 5554 3782 5619 Se-
