3900 6217
434 396 555 457 714

436 520 565 563 non
611 500 757 561 satis
796 498 1303 561 animadvertunt
1354 497 1547 578 aliqui
1584 503 1810 559 nostroe
1852 516 1999 559 con-

438 595 699 657 clusioni
737 592 1115 654 adhoerentes
1148 638 1169 669 ,
1225 592 1375 653 dum
1429 592 1497 653 in
1554 590 1742 652 allato
1794 608 2002 652 exem-

440 687 541 766 plo
571 694 905 765 utrumque
938 704 1150 747 casum
1198 687 1603 766 aequiparant,
1644 703 1786 745 cum
1813 684 2001 763 longe

440 780 611 842 aliud
650 782 729 841 sit
764 786 1100 859 utrumque
1129 782 1360 859 pariter
1392 780 1746 859 periclitari,
1772 784 1881 839 aut
1910 779 1998 839 al-

440 880 649 935 terum
676 880 946 950 tantum,
977 874 1171 935 altero
1194 875 1327 954 jam
1354 872 1655 934 beneficio
1682 872 1908 934 tabulae
1933 873 2001 934 in

441 972 579 1027 tuto
607 966 981 1028 sufficienter
1006 968 1225 1047 posito·
1249 968 1425 1031 Unde
1452 967 1801 1047 exemplum
1830 966 1999 1028 aliud

443 1060 627 1121 etiam
653 1058 910 1138 vulgare
938 1061 1013 1122 de
1036 1079 1199 1141 pane
1226 1062 1391 1123 inter
1418 1061 1572 1122 duos
1595 1065 1869 1121 extreme
1893 1060 2001 1121 illo

441 1152 817 1231 indigenteS,
852 1154 1041 1233 priori
1066 1161 1319 1217 tantum
1358 1154 1525 1216 casui
1554 1154 1631 1215 de
1657 1153 1998 1231 naufragis„

442 1263 571 1306 non
615 1246 939 1324 posteriori
982 1249 1419 1328 aequiparatur,
1469 1254 1540 1309 ut
1593 1245 2004 1308 consideranti

444 1337 700 1419 patebit,
733 1358 875 1399 cum
908 1341 976 1401 in
1007 1342 1117 1402 tali
1146 1360 1289 1402 casu
1313 1347 1533 1402 neuter
1556 1358 1771 1402 eorum
1792 1340 1871 1402 sit
1896 1340 2004 1400 ad-

442 1432 567 1493 huc
595 1441 769 1495 extra
796 1435 1165 1514 periculum,
1195 1437 1299 1497 sed
1346 1434 1550 1511 ambe,
1595 1440 1665 1496 ut
1710 1435 2004 1516 supponi-

441 1532 567 1602 tur,
594 1540 870 1590 extreme
892 1530 1257 1593 famescunt.
1673 1532 1679 1537 ’

1062 1732 1277 1787 sssc'rlo
1313 1734 1393 1787 tv.

450 1900 743 1973 Quomodo
789 1904 951 1968 inter
992 1908 1299 1987 pros-imos
1347 1908 1434 1972 sit
1474 1908 1805 1971 servandus
1865 1910 2006 1971 ordo

1052 2002 1401 2067 charitatis.

530 2189 587 2247 l.
640 2185 911 2261 Quatuor
967 2189 1423 2270 suppositiones.
1468 2220 1545 2237 ..-
1585 2188 1887 2250 Differunt
1930 2188 2007 2251 de

446 2282 564 2343 hoc
594 2290 821 2363 puncto
843 2285 912 2343 D.
942 2283 1211 2344 Thomas
1228 2286 1291 2345 2.
1323 2286 1385 2361 Ξ,
1417 2303 1479 2362 q.
1502 2285 1605 2359 26,
1628 2291 1691 2345 et
1709 2284 2008 2363 Theologi

446 2376 555 2435 alii
589 2377 655 2436 in
704 2377 765 2451 3,
822 2376 1217 2437 distinctione
1257 2379 1357 2439 29.
1402 2379 1518 2438 Pro
1561 2396 1685 2457 quo
1729 2396 2008 2457 suppono

447 2468 748 2546 primum,
786 2469 1307 2548 comparationem
1358 2470 1493 2531 fieri
1537 2472 1702 2531 inter
1740 2472 2011 2549 privatas

450 2576 762 2638 personae,
786 2578 933 2622 nam
957 2561 1035 2623 de
1063 2562 1225 2623 bono
1250 2564 1566 2623 communi
1590 2564 1719 2642 jam
1742 2564 2012 2625 diximus

446 2672 581 2716 esse
631 2654 1083 2734 praeferendum
1124 2657 1406 2736 proprie,
1456 2662 1519 2716 et
1567 2664 2013 2736 consequenter

450 2751 639 2811 etiam
666 2751 830 2811 bono
869 2752 1139 2830 cujusvis
1188 2750 1454 2831 proximi
1488 2751 1735 2832 privati.
1780 2754 2012 2814 Secun-

450 2844 553 2919 do,
598 2862 877 2924 suppono
925 2844 1079 2904 duas
1120 2861 1251 2905 esse
1296 2844 1363 2905 in
1404 2844 1699 2925 proximis
1736 2844 2011 2905 conside-

450 2938 675 2999 randas
720 2937 1103 3000 conditiones
1119 2983 1139 3013 ,
1189 2956 1325 3017 quse
1374 2938 1451 2999 ad
1504 2938 1675 2999 hunc
1726 2938 2011 2999 ordinem

451 3038 768 3111 spectant,
825 3031 1057 3092 'scilicet
1080 3076 1095 3106 ,
1159 3032 1450 3093 sanctitas
1509 3037 1571 3092 et
1622 3033 1974 3111 conjunctio
1987 3078 2008 3108 ,

450 3142 599 3186 nam
642 3124 909 3185 charitas
938 3125 1231 3204 primario
1258 3126 1516 3185 inclinat
1551 3126 1628 3186 ad
1654 3126 2008 3201 sanctiores„

452 3220 526 3274 ut
563 3216 686 3277 Deo
731 3217 1109 3296 conjunctOS,
1160 3218 1398 3279 ratione
1445 3218 1699 3279 secundi
1750 3219 2016 3279 inclinat

450 3308 525 3369 ad
568 3308 927 3388 conjunctos
948 3310 1109 3387 3sibi
1154 3310 1461 3391 diligenti.
1502 3314 1795 3392 Suppono
1829 3312 2014 3373 tertio

452 3400 615 3461 hanc
642 3401 1142 3479 conjunctionem
1190 3422 1333 3463 cum
1380 3403 1679 3483 diligente
1728 3422 1857 3465 esse
1910 3424 2015 3464 va-

452 3493 634 3553 riam.
682 3493 819 3553 Alia
865 3501 955 3555 est
994 3497 1345 3574 conjunctio
1394 3498 1713 3571 naturaHS,
1749 3497 1864 3557 sub
1892 3516 2016 3576 qua

451 3586 907 3665 comprehendo
938 3606 1187 3648 omnem
1224 3590 1395 3649 illam
1444 3608 1580 3668 quae
1622 3598 1715 3651 est
1760 3609 2019 3651 consan-

455 3678 802 3757 guinitatis,
834 3685 893 3740 et
924 3680 999 3738 ad
1030 3678 1200 3740 illam
1242 3681 1577 3743 reducitur.
1610 3682 1749 3743 Alia
1790 3690 1881 3746 est
1900 3684 2019 3745 hu-

450 3789 661 3847 mana,
694 3772 809 3832 sub
836 3791 957 3852 qua
977 3772 1221 3833 includo
1250 3792 1503 3835 omnem
1536 3793 1673 3836 eam
1701 3794 1838 3855 quae
1878 3777 2020 3839 fun-

458 3866 643 3925 datur
682 3866 749 3924 in
777 3865 1055 3926 humana
1084 3866 1293 3946 aliqua
1320 3869 1633 3944 societate,
1666 3870 1765 3931 vel
1802 3871 2020 3931 amici·

452 3959 564 4032 tia,
599 3965 709 4019 aut
754 3959 975 4038 patria.
1014 3960 1221 4020 Tertia
1264 3968 1357 4021 est
1396 3961 1756 4041 spiritualis,
1788 3964 1856 4024 in
1894 3982 2020 4042 qua

454 4050 756 4131 distingui
785 4052 981 4113 solent
1014 4054 1323 4134 praecipuc
1352 4056 1473 4117 duo
1494 4057 1742 4134 gradus.
1774 4057 2018 4117 Primus

458 4150 551 4205 est
578 4144 745 4206 inter
774 4156 1011 4225 patrem
1043 4157 1106 4208 et
1144 4148 1343 4208 filium
1388 4149 1770 4229 spiritualem
1806 4171 1820 4209 :
1866 4150 2019 4211 dici-

458 4242 561 4296 tur
586 4244 795 4299 autem
824 4238 1163 4318 spiritualis
1192 4246 1389 4320 pater,
1434 4241 1532 4302 vel
1576 4243 1685 4321 qui
1730 4242 1924 4303 alium
1955 4244 2021 4303 in

456 4329 697 4391 Christo
731 4331 949 4409 genuit
993 4350 1104 4411 per
1142 4333 1557 4413 baptismum,
1595 4335 1689 4395 vel
1728 4336 2024 4414 praedica-

456 4426 693 4484 tionem
715 4439 735 4501 ;
766 4431 878 4486 aut
903 4426 1010 4505 qui
1059 4445 1134 4488 ex
1181 4426 1386 4489 officio
1412 4435 1504 4489 est
1532 4435 1737 4508 pastor
1770 4430 2017 4491 animae.

458 4517 633 4578 Alius
661 4519 887 4595 gradus
920 4526 1011 4581 est
1038 4522 1201 4581 inter
1249 4522 1491 4598 fratres,
1540 4524 1649 4602 qui
1699 4523 2025 4585 intercedit

460 4612 625 4670 inter
651 4611 933 4675 homines
968 4614 1177 4675 fideles
1204 4615 1471 4675 rationes
1510 4614 1679 4692 fidei,
1706 4623 1770 4677 et
1792 4618 2022 4697 specia-

460 4705 581 4766 lius
625 4707 787 4765 inter
835 4724 939 4767 eos
994 4708 1101 4786 qui
1142 4707 1358 4769 eodem
1404 4708 1721 4788 religionis
1772 4710 2022 4771 vinculo

464 4805 610 4858 sunt
648 4800 985 4879 conjuncti.
1015 4800 1267 4877 Quart0,
1304 4820 1583 4883 suppono
1610 4802 1884 4865 accidere
1912 4803 2022 4863 ali-

460 4891 711 4969 quando
737 4893 889 4953 duos
927 4894 1245 4973 proximos
1294 4912 1425 4955 sese
1472 4902 1691 4957 mutuo
1730 4895 2024 4957 excedere

464 4987 531 5046 in
558 4985 655 5046 his
684 4987 1259 5066 conjunctionibus,
1306 4988 1405 5050 vel
1433 4992 1501 5049 in
1528 5006 1777 5069 genere,
1830 4990 1927 5051 vel
1957 4989 2025 5049 in

463 5080 689 5157 gradu.
732 5080 887 5140 Item
914 5081 1230 5142 interdum
1265 5082 1331 5142 in
1359 5100 1485 5143 uno
1514 5088 1658 5143 sunt
1697 5083 1907 5143 multoe
1930 5100 2028 5143 ra-

466 5173 665 5233 tiones
692 5171 1015 5251 diligendi,
1046 5175 1113 5234 in
1162 5174 1285 5236 alio
1332 5194 1461 5237 una
1487 5176 1902 5255 aequivalens5
1936 5178 2030 5237 in-

468 5266 715 5328 terdum
752 5267 941 5328 etiam
984 5269 1337 5348 conjunctio
1378 5276 1471 5332 est
1500 5271 1722 5348 maj0r,
1768 5270 1875 5331 sed
1922 5289 2029 5332 ne-

466 5358 715 5419 cessitas
750 5360 975 5421 minor.
1027 5362 1157 5434 Quo
1200 5360 1273 5423 fit
1319 5369 1389 5423 ut
1436 5362 1516 5423 ad
1560 5364 2031 5444 intelligendam

466 5451 909 5530 obligationem
937 5453 1192 5531 ordinis,
1221 5474 1349 5517 non
1376 5474 1503 5519 una
1538 5462 1649 5518 aut
1675 5446 1871 5519 alteri
1896 5464 2032 5518 tan-

466 5552 605 5611 tum
632 5546 926 5624 conditio,
952 5548 1061 5610 sed
1094 5566 1335 5627 omnes,
1356 5567 1496 5631 quae
1526 5549 1881 5629 occurrunt,
1906 5553 2032 5615 sint

878 397 1115 450 DISPUT.
1154 398 1237 449 lx.
1275 398 1355 449 DE
1386 394 1615 449 ORDINE
1648 396 1829 447 ctRcA
1862 394 2176 448 PERSONAS
2207 394 2534 449 SERVANDO
2567 395 2630 449 IN
2662 392 3019 457 PRAEcEP'rQ
3055 386 3189 444 mc.

2079 498 2432 579 pensandae,
2465 502 2527 559 et
2552 496 2692 558 ideo
2723 496 2829 557 vix
2861 500 3061 575 potest
3086 493 3393 573 generalis
3424 493 3654 572 regula

2078 592 2262 668 tradi,
2288 610 2424 671 quae
2459 592 2528 651 in
2559 590 2881 651 individuo
2909 590 2989 649 sit
3013 606 3257 668 semper
3295 587 3600 649 servanda
3625 603 3648 662 3

2080 704 2233 766 quas
2259 703 2408 763 ergo
2433 685 2780 761 trademus,
2813 682 3234 761 intelligendae
3262 686 3410 743 sunt
3433 698 3508 743 ex
3534 696 3654 741 suo

2081 798 2307 859 genere
2333 785 2396 840 et
2417 779 2652 841 caeteris
2675 777 2948 857 paribus.

2160 876 2219 935 2.
2239 874 2460 936 Prima
2488 870 2782 935 conclusio
2813 872 3165 945 communis,
3191 870 3433 951 ejusque
3454 872 3651 934 ratim

2079 1000 2162 1016 -
2183 967 2325 1027 Dico
2379 966 2578 1047 primo
2620 970 2997 1045 praeceptum
3027 963 3346 1025 charitatis
3373 971 3437 1026 et
3461 965 3657 1027 mise-

2081 1060 2362 1122 ricordiae
2397 1058 2674 1139 obligare
2723 1058 2804 1120 ad
2849 1057 3224 1119 servandum
3251 1057 3535 1119 ordinem
3578 1057 3656 1117 in

2084 1152 2436 1229 dilectione,
2483 1171 2592 1214 seu
2632 1152 2700 1213 in
2749 1150 3152 1213 subventione
3193 1152 3650 1231 proximorum.

2086 1250 2188 1307 Est
2212 1246 2560 1308 communis
2588 1263 2730 1307 cum
2761 1246 2828 1305 D.
2860 1245 3082 1306 Thom.
3113 1246 3172 1305 2.
3213 1246 3277 1320 2,
3304 1251 3515 1324 quaest.
3543 1246 3654 1319 44,

2085 1350 2198 1406 art.
2231 1346 2302 1422 83
2331 1349 2395 1405 et
2423 1342 2583 1422 apud
2609 1343 2875 1422 Mag-ist„
2907 1344 2967 1414 3,
2993 1341 3134 1402 dist.
3155 1343 3229 1403 27
3255 1347 3318 1403 et
3343 1344 3447 1417 29,
3469 1360 3658 1403 eam-

2085 1456 2206 1517 que
2239 1438 2462 1499 docent
2491 1437 2721 1511 PatreS,
2751 1436 2902 1496 dum
2937 1434 3092 1496 illud
3125 1436 3357 1497 Cantic.
3389 1439 3430 1497 2
3463 1454 3477 1497 :
3527 1434 3653 1498 Or-

2088 1533 2328 1596 dinavit
2371 1530 2441 1591 in
2469 1548 2561 1593 me
2607 1531 2988 1605 charitatem,
3019 1530 3430 1591 communiter
3455 1547 3655 1609 expo-

2088 1632 2250 1686 nunt
2275 1625 2352 1685 de
2388 1624 2507 1685 hoc
2537 1623 2852 1685 charitatis
2895 1622 3136 1697 ordine,
3173 1622 3474 1702 aiuntque
3523 1641 3658 1683 non

2089 1718 2292 1781 solum
2322 1734 2452 1779 esse
2478 1716 2976 1793 convenientem,
3000 1716 3108 1778 sed
3135 1715 3322 1777 etiam
3341 1716 3652 1777 debitum.

2085 1810 2298 1871 Videri
2351 1814 2612 1889 possunt
2661 1808 3080 1888 AugustinuS,
3134 1811 3210 1870 15
3249 1808 3326 1869 de
3373 1809 3657 1885 Civitat.,

2087 1924 2140 1968 c.
2167 1907 2246 1966 22
2271 1924 2285 1979 ;
2315 1905 2632 1982 OrigeneS,
2657 1904 2914 1964 homilia
2931 1906 2970 1963 ᾖ
2991 1920 3070 1965 ex
3091 1903 3332 1967 duabus
3350 1904 3417 1965 in
3435 1905 3616 1965 Cant.

2087 1998 2354 2074 Nissen„
2382 1998 2554 2059 hom.
2586 2000 2625 2059 4
2642 2014 2662 2075 3
2690 1998 3084 2073 Theodoret.,
3115 1997 3306 2059 Gloss.
3331 2042 3353 2073 ,
3383 2005 3445 2059 et
3471 1998 3662 2059 divus

2086 2092 2311 2153 Thom.
2351 2092 2419 2151 in
2445 2092 2736 2153 eumdem
2764 2090 2988 2153 locum.
3015 2091 3195 2152 Ratio
3231 2096 3346 2163 est,
3375 2093 3527 2169 quia
3555 2090 3662 2152 hic

2088 2184 2238 2246 02do
2273 2190 2365 2245 est
2392 2189 2842 2246 consentaneus
2869 2183 3262 2245 inclinationi
3299 2183 3656 2259 charitatis;

2090 2298 2236 2358 ergo
2283 2278 2448 2340 cadit
2474 2277 2590 2338 sub
2629 2283 3026 2357 praeceptum.
3069 2277 3245 2341 Unde
3283 2277 3664 2356 intelligitur

2089 2372 2250 2435 hanc
2283 2372 2726 2451 obligationem
2764 2388 2990 2450 genere
3039 2390 3150 2432 suo
3195 2388 3450 2451 gravem
3499 2390 3658 2446 esse,

2092 2466 2239 2545 quia
2267 2466 2544 2527 nascitur
2567 2482 2646 2527 ex
2679 2464 3040 2544 gravissimo
3063 2471 3397 2545 praecepte,
3423 2470 3482 2525 et
3511 2466 3663 2543 quia

2091 2560 2352 2621 materia
2379 2577 2622 2640 semper
2649 2565 2744 2621 est
2768 2559 2996 2637 gravis,
3026 2564 3090 2619 et
3112 2558 3287 2621 valde
3311 2559 3662 2621 necessaria

2093 2652 2172 2713 ad
2191 2652 2420 2713 bonam
2448 2652 2975 2713 conservationem
3000 2651 3351 2713 hominum.
3377 2650 3526 2713 Dico
3550 2668 3664 2711 au-

2089 2752 2220 2805 tem
2247 2762 2456 2823 yones-o
2480 2761 2610 2819 suo,
2638 2745 2784 2824 quia
2811 2744 3125 2806 interdum
3157 2751 3361 2825 potest
3389 2762 3526 2807 esse
3552 2763 3660 2806 ve-

2091 2839 2254 2900 niale
2293 2857 2371 2899 ex
2406 2839 2658 2903 levitate
2695 2838 2970 2900 materiae
2987 2854 3008 2915 3
3043 2840 3109 2899 in
3151 2856 3275 2919 quo
3317 2845 3408 2900 est
3436 2846 3662 2900 notan-

2091 2932 2242 2994 dum
2281 2932 2598 2995 levitatem
2635 2932 2912 2993 materiae
2949 2950 3077 2993 non
3115 2951 3246 2994 esse
3273 2931 3660 3012 pensandam

2092 3045 2168 3089 ex
2198 3026 2592 3101 detriment0,
2616 3025 2717 3087 vel
2747 3042 2824 3087 ex
2853 3025 3198 3104 quantitate
3224 3025 3658 3105 eleemosynae,

2092 3122 2265 3185 verbi
2304 3124 2526 3202 gratia,
2567 3139 2706 3203 quoe
2753 3122 2863 3182 uni
2912 3120 3207 3184 adimitur
3249 3128 3321 3183 ut
3355 3120 3544 3182 detur
3574 3120 3662 3181 al-

2093 3217 2236 3287 teri,
2280 3217 2388 3279 sed
2427 3216 2614 3278 etiam
2663 3234 2740 3277 ex
2786 3234 3036 3278 excessu
3081 3215 3148 3275 in
3191 3215 3660 3296 conjunctione,

2095 3311 2334 3371 ratione
2363 3310 2594 3371 ordinis
2608 3332 2626 3386 3
2667 3327 2815 3371 nam
2851 3308 2906 3369 si
2931 3308 3281 3370 differentia
3311 3312 3476 3370 inter
3503 3310 3663 3370 duos

2097 3405 2174 3467 sit
2204 3404 2466 3465 minima
2494 3403 2870 3483 trangressio
2905 3402 3140 3463 ordinis
3157 3448 3178 3479 ,
3217 3403 3336 3464 erit
3369 3402 3660 3479 venialis,

2097 3497 2382 3579 quamvis
2421 3495 2677 3558 fortasse
2723 3514 2797 3557 ea
2824 3496 2900 3555 de
2945 3513 3125 3559 causa
3150 3496 3312 3558 alius
3339 3496 3664 3575 proximus

2098 3609 2287 3669 grave
2315 3590 2616 3651 damnum
2651 3590 2944 3670 patiatur,
2971 3589 3118 3668 quia
3143 3589 3290 3650 licet
3309 3588 3466 3649 illud
3505 3590 3572 3648 in
3599 3606 3667 3649 se

2098 3686 2176 3746 sit
2218 3701 2429 3762 grave,
2465 3700 2593 3743 non
2626 3694 2837 3744 tamen
2864 3688 3290 3762 comparatum
3330 3700 3474 3743 cum
3509 3680 3662 3755 alio,

2097 3785 2162 3839 et
2190 3774 2448 3850 deinde,
2490 3778 2636 3856 quia
2662 3776 2822 3837 ratio
2855 3775 3053 3855 culpae
3093 3774 3181 3835 ibi
3217 3775 3416 3836 oritur
3459 3792 3536 3836 ex
3569 3774 3666 3833 in-

2101 3870 2381 3932 versione
2429 3870 2662 3931 ordinis
2681 3914 2702 3945 ,
2740 3875 2802 3930 et
2829 3868 2939 3929 illa
2979 3866 3382 3947 transgressio
3429 3866 3669 3928 ordinis

2100 3964 2326 4043 exigua
2357 3968 2471 4024 est.

2180 4059 2239 4118 3.
2293 4056 2735 4120 Gouola-sionem
2777 4055 3020 4137 quidam
3050 4054 3198 4117 olim
3222 4071 3340 4116 non
3379 4054 3670 4119 admitte-

2098 4152 2348 4215 bant.—-
2366 4150 2590 4214 Contra
2617 4150 2875 4213 eamdem
2903 4149 3663 4231 opportunam—Diluitur.

2097 4276 2180 4289 -
2206 4245 2431 4304 Contra
2475 4244 2638 4305 hanc
2671 4242 3131 4305 conclusionem
3174 4248 3516 4303 tenuerunt
3561 4244 3673 4303 ali-

2103 4339 2208 4417 qui
2238 4357 2313 4398 ex
2331 4338 2630 4417 antiquiS,
2677 4338 2837 4397 utin
2869 4338 2907 4398 3
2933 4342 3119 4407 sent„
3166 4335 3306 4396 dist.
3349 4338 3454 4412 29,
3481 4338 3672 4399 refert

2103 4431 2424 4509 Magister,
2474 4437 2536 4492 et
2577 4436 2716 4511 post
2751 4429 2930 4490 illum
2975 4430 3154 4490 divus
3193 4428 3464 4489 Thomas
3499 4434 3564 4491 2.
3597 4432 3668 4505 2,

2103 4532 2319 4603 quaest.
2352 4526 2454 4599 26,
2483 4522 2554 4584 in
2587 4524 2863 4603 corpori3
2905 4522 3196 4584 dicebant
3231 4524 3400 4584 enim
3443 4523 3674 4585 debere

2103 4636 2218 4679 nos
2245 4635 2461 4679 omnes
2494 4618 2807 4697 proximos
2835 4618 2901 4677 in
2925 4616 3147 4679 affectu
3175 4635 3350 4697 oeque
3381 4617 3666 4697 diligere,

2103 4713 2390 4792 quamvis
2442 4711 2511 4772 in
2577 4712 2800 4773 effectu
2865 4730 2992 4773 non
3058 4716 3336 4791 oporteat
3377 4712 3670 4771 omnibus

2103 4822 2278 4885 seque
2304 4804 2688 4881 benefacere,
2723 4804 2829 4865 sed
2859 4822 3062 4883 neque
3088 4803 3502 4883 loquebantur
3525 4821 3671 4863 con-

2103 4902 2471 4977 sequenter,
2526 4915 2726 4976 neque
2763 4915 2904 4957 cum
2952 4896 3383 4958 fundamentO.
3431 4898 3671 4975 Argues

2107 4998 2356 5066 tamen,
2396 5008 2545 5051 nam
2585 4990 2637 5049 si
2677 4988 2935 5068 diligam
2964 4989 3316 5068 proximum
3363 4995 3670 5069 quantum

2109 5085 2390 5159 debeam,
2416 5082 2658 5144 etiamsi
2691 5081 2958 5143 alterum
2990 5080 3248 5160 diligam
3299 5081 3438 5163 plus
3479 5100 3670 5161 quam

2109 5179 2328 5254 debe0,
2357 5176 2513 5238 nulli
2543 5194 2762 5237 eorum
2790 5176 2950 5237 facio
2995 5176 3292 5255 injuriam
3301 5220 3322 5251 ,
3349 5194 3464 5239 nec
3491 5176 3673 5237 alicui

2109 5271 2318 5348 alteri;
2351 5288 2498 5350 ergo
2532 5276 2880 5350 pervertere
2908 5268 3189 5331 ordinem
3229 5287 3358 5329 non
3402 5276 3496 5331 est
3544 5289 3673 5333 ma-

2110 5364 2264 5425 lum.
2315 5366 2770 5443 Argumentum
2832 5369 2925 5424 est
2983 5362 3114 5423 divi
3171 5362 3423 5423 Thomas
3471 5366 3534 5424 2.
3593 5368 3632 5425 2
3651 5409 3670 5440 ,

2110 5458 2448 5540 quaestione
2479 5459 2582 5533 44,
2635 5456 2812 5516 artic.
2859 5458 2922 5531 8,
2965 5455 3030 5516 in
3057 5473 3179 5535 quo
3209 5454 3478 5517 multum
3504 5456 3674 5519 labo·

2110 5558 2208 5616 rat
2220 5552 2572 5633 Cajetanus2
2587 5552 2824 5629 Verum
2851 5551 2968 5632 boc
2989 5556 3427 5629 argumentum
3453 5568 3675 5633 proce«
