3900 6217
591 375 710 439 ⁴66

592 485 660 545 in
693 482 1055 563 explicanda
1080 500 1228 545 vero
1250 482 1598 544 differentia
1615 482 1778 543 inter
1795 482 2163 562 propositio·

593 595 734 637 nem
782 576 1132 637 haereticam
1171 582 1233 635 et
1282 594 1630 651 erroneam,
1677 574 1963 637 laborant
2010 591 2160 635 auc-

591 677 752 731 tores
799 670 992 742 citati,
1025 676 1087 729 et
1128 669 1289 730 inter
1327 687 1389 728 sc
1439 688 1566 729 non
1609 669 2007 731 conveniunt.
2041 664 2161 727 Ubi

592 762 1035 821 advertendum
1063 768 1152 821 cst
1173 779 1249 821 ex
1277 760 1644 840 Augustino,
1677 761 1742 819 in
1775 758 2154 834 EnchiridiO,

593 872 645 915 c..
679 858 776 927 17,
809 861 870 913 ct
894 860 1108 913 contra
1129 853 1546 929 Academicos,
1585 871 1640 915 c.
1688 856 1750 929 4,
1798 871 2029 929 errare,
2060 852 2156 911 ni-

593 946 684 1007 hil
714 946 878 1007 aliud
907 964 1035 1007 esse
1066 964 1256 1025 quam
1302 965 1448 1007 vera
1476 965 1590 1025 pro
1613 945 1802 1021 falsiS,
1835 954 1947 1007 aut
2000 945 2155 1006 talsa

591 1058 702 1119 pro
725 1040 886 1101 veris
912 1038 1190 1119 probare.
1231 1041 1296 1099 [n
1340 1058 1462 1119 qua
1493 1037 1938 1117 significatione
1982 1056 2154 1100 error

590 1131 748 1196 nihil
777 1132 944 1193 aliud
975 1138 1065 1193 est
1105 1150 1294 1211 quam
1350 1134 1684 1213 propositio
1728 1132 1880 1192 falsa
1899 1154 1918 1205 ;
1964 1139 2027 1194 et
2064 1132 2153 1193 ita

589 1242 715 1285 non
745 1230 988 1285 tantum
1035 1225 1102 1285 in
1137 1226 1396 1285 materia
1443 1226 1615 1300 fidei,
1639 1243 1748 1285 seu
1771 1224 2148 1305 Theologiae,

589 1318 694 1379 sed
749 1319 937 1379 etiam
989 1318 1056 1379 in
1109 1337 1501 1399 quacumque
1549 1320 1810 1379 materia
1881 1317 2151 1378 naturali

588 1411 686 1472 vel
716 1412 1014 1487 humana,
1045 1412 1312 1472 inveniri
1347 1418 1546 1493 potest
1565 1434 1612 1487 ;-
1647 1412 1826 1491 juxta
1872 1429 2153 1473 commu-

591 1524 732 1566 nem
761 1512 968 1567 autem
999 1506 1290 1586 loquendi
1317 1507 1594 1581 modum,
1624 1524 1796 1567 error
1818 1506 1995 1585 quasi
2042 1522 2153 1586 per

589 1599 1080 1659 antonomasiam
1138 1602 1203 1659 in
1253 1617 1623 1679 unaquaque
1669 1600 1930 1660 materia
1964 1599 2151 1677 signi-

589 1690 773 1752 ficare
800 1690 984 1767 solet,
1043 1710 1167 1751 non
1214 1692 1623 1772 quodcunque
1670 1692 1977 1772 judicium
2036 1692 2152 1753 fal-

589 1804 750 1859 sum,
783 1786 889 1845 sed
917 1804 1027 1865 per
1049 1784 1360 1864 quandam
1384 1786 1947 1865 exaggerationem,
1984 1782 2151 1865 quod

590 1878 937 1938 evidentius
986 1877 1086 1939 vel
1125 1878 1348 1939 certius
1399 1878 1625 1939 falsum
1677 1884 1800 1954 est;
1853 1884 1916 1940 et
1950 1879 2039 1939 ita
2082 1879 2147 1939 in

587 1970 974 2051 philosophia
1000 1976 1255 2032 vocatur
1288 1988 1460 2031 error
1487 1970 1587 2031 vel
1627 1972 1838 2051 opinio
1867 1990 2147 2046 erronea,

588 2080 713 2125 non
739 2064 940 2124 omnis
961 2061 1114 2123 falsa
1143 2062 1352 2141 opinio
1380 2069 1488 2123 aut
1530 2064 1737 2123 minus
1791 2062 2151 2145 probabilis,

589 2156 692 2217 scd
749 2175 886 2237 quae
933 2161 1023 2217 est
1071 2161 1285 2216 contra
1331 2156 1640 2236 principia
1694 2156 1794 2217 vel
1841 2157 2153 2217 axiomata

589 2250 1002 2311 communiter
1033 2250 1102 2309 in
1132 2248 1522 2329 philosophia
1561 2257 1828 2329 recepta.
1876 2248 1976 2311 Sic
2003 2268 2151 2329 ergo

591 2362 762 2404 error
821 2344 887 2404 in
947 2342 1230 2403 doctrina
1292 2360 1464 2403 sacra
1509 2360 1621 2421 per
1659 2344 2150 2405 antonomasiam

591 2435 819 2496 dicitur
859 2434 1196 2515 propositio
1229 2434 1400 2509 falsa,
1433 2442 1494 2495 et
1519 2436 1829 2496 contraria
1855 2436 2152 2496 doctrinae

591 2535 796 2604 certae,
827 2547 897 2588 ac
925 2528 1339 2589 communiter
1368 2533 1629 2607 receptae
1687 2548 1725 2589 a
1781 2528 1966 2589 sacris
2004 2528 2153 2589 Doc-

591 2621 847 2683 toribus.
1713 2692 1722 2701 ,

677 2718 774 2775 12.
823 2714 1078 2777 Primus
1118 2716 1327 2778 modus
1353 2716 1699 2797 &explicandi
1722 2720 1874 2798 quid
1893 2717 1977 2779 sit
2004 2734 2147 2799 pro-

588 2808 806 2891 positio
853 2828 1123 2884 erronea,
1162 2812 1512 2873 revertitur.
1545 2842 1626 2857 —-
1668 2810 1986 2874 Secundus
2026 2828 2147 2872 mo-

591 2904 701 2965 dus
741 2903 923 2967 etiam
940 2904 1264 2977 refellitur.
1289 2935 1372 2947 —
1403 2904 1647 2967 ,Tertius
1671 2904 2034 2984 emploditur.
2068 2939 2146 2949 —-

589 2994 747 3055 Hinc
769 2990 960 3074 igitur
985 2998 1176 3075 aliqui
1204 3014 1328 3056 non
1361 2996 1756 3076 distinguunt
1797 2996 1958 3057 inter
2008 3014 2149 3077 pro—

591 3090 953 3167 positionem
972 3107 1293 3150 erroneam
1327 3096 1387 3149 et
1408 3090 1783 3164 haereticam,
1824 3092 1947 3151 nisi
1991 3095 2149 3151 sicut

586 3186 750 3243 inter
773 3202 992 3263 genuS,
1019 3190 1080 3243 et
1103 3186 1391 3263 speciem;
1413 3202 1559 3245 nam
1585 3186 1785 3245 omnis
1815 3186 2149 3264 propositio

589 3278 959 3338 damnabilis
982 3284 1180 3358 potest
1214 3277 1333 3338 dici
1361 3279 1555 3351 error,
1604 3278 1747 3339 licet
1781 3298 1910 3339 non
1950 3280 2153 3339 omnis

589 3372 668 3431 sit
731 3371 1038 3431 haeretica.
1113 3372 1203 3431 Ita
1265 3373 1453 3434 sentit
1505 3374 1983 3445 Turrecremat.,
2047 3373 2153 3433 secl

591 3466 810 3527 merito
872 3466 1276 3544 impugnatur
1339 3484 1376 3527 a
1430 3466 1597 3527 Cano
1646 3477 1706 3525 et
1772 3466 1955 3542 aliis,
2008 3466 2152 3545 quia

593 3558 934 3619 Concilium
983 3560 1486 3634 Constantiense,
1536 3560 1891 3619 damnando
1937 3577 2154 3638 propo·

593 3653 846 3713 sitiones
869 3651 1199 3729 Wicleph.,
1231 3651 1380 3711 dicit
1401 3653 1637 3730 aliquas
1665 3670 1792 3712 esse
1813 3652 2151 3728 haereticaS,

595 3744 745 3807 alias
776 3764 901 3805 non
937 3744 1289 3818 catholicas„
1323 3745 1426 3805 sed
1461 3764 1770 3817 erroneas
1795 3747 1904 3824 qui
1939 3746 2154 3806 modus

596 3838 888 3917 loquendi
919 3856 1045 3897 non
1072 3837 1261 3897 habet
1307 3838 1513 3898 locum
1567 3838 1730 3899 inter
1779 3840 2047 3918 speciem
2094 3843 2156 3897 et

593 3950 808 4009 genuS,
830 3932 934 3991 sed
959 3932 1121 3991 inter
1135 3950 1204 3991 ea
1231 3949 1366 4009 quae
1381 3938 1678 4010 tanquam
1699 3931 1940 3992 diversa
1961 3948 2155 3991 mem-

595 4025 706 4085 bra
733 4024 1225 4103 distinguuntur.
1260 4026 1336 4083 Et
1373 4024 1490 4084 hac
1539 4025 1781 4085 ratione
1837 4024 2025 4085 etiam
2062 4042 2159 4084 re-

595 4118 831 4179 fellitur
871 4118 992 4179 alia
1031 4117 1264 4197 opinio,
1291 4118 1504 4177 dicens
1544 4118 2027 4197 propositionem
2064 4134 2157 4177 er-

597 4231 854 4274 roneam
923 4213 990 4271 in
1037 4210 1300 4271 materia
1353 4210 1498 4272 fidei
1551 4229 1679 4271 non
1736 4212 2037 4289 distingui
2079 4210 2159 4271 ab

597 4306 906 4377 haeretica,
934 4322 1082 4365 nam
1122 4310 1366 4365 constat
1418 4310 1478 4364 et
1509 4304 1743 4365 dictum
1789 4304 2155 4380 Concilium,

598 4406 662 4459 et
687 4398 1012 4459 Pontifices
1036 4398 1399 4476 Gregorium
1420 4404 1482 4459 et
1499 4396 1678 4458 Pium
1706 4416 1892 4476 supra
1916 4398 2155 4470 citatos,

598 4498 661 4553 et
715 4492 1124 4551 communiter
1166 4492 1471 4565 DoctoreS,
1505 4490 1675 4570 loqui
1725 4490 1806 4551 de
1847 4492 1944 4551 his
2006 4491 2160 4550 duo-

597 4586 714 4646 bus
771 4584 1062 4645 membris
1087 4629 1104 4659 ‚
1151 4589 1450 4661 tanquam
1528 4584 1604 4643 de
1667 4582 1986 4645 distinctis
2046 4584 2160 4644 Ne-

598 4696 716 4759 que
765 4678 966 4738 obstat
1032 4676 1196 4755 quod
1254 4677 1465 4755 oincit
1493 4676 1676 4755 Rojas
1717 4677 1794 4737 de
1837 4676 2155 4753 haereticis,

600 4766 756 4851 part.
817 4775 874 4847 l,
917 4788 980 4831 n.
1029 4772 1130 4845 76,
1171 4771 1336 4849 quod
1389 4770 1454 4830 in
1511 4771 1653 4848 jure
1713 4769 2160 4849 propositiones

597 4864 901 4925 haereticae
931 4880 1088 4941 saepe
1126 4869 1428 4923 vocantur
1479 4880 1735 4937 erroreS,
1777 4868 1848 4922 ut
1892 4864 1959 4922 in
2021 4882 2153 4943 cap.

603 4956 732 5021 Sed
747 4958 1090 5031 abdendum,
1107 4956 1144 5036 ξ
1161 4956 1377 5033 Illum,
1393 4964 1454 5017 et
1480 4958 1547 5015 in
1571 4974 1622 5017 c.
1657 4956 2158 5019 E'woommunica-

596 5069 753 5126 mus,
777 5054 835 5123 2,
856 5050 892 5131 ξ
915 5051 1027 5109 ult.
1051 5052 1127 5110 de
1149 5050 1487 5126 HaereticiS,
1517 5056 1584 5109 et
1611 5050 1676 5109 in
1705 5068 1756 5109 c.
1793 5047 2154 5125 Accusatus,

596 5143 632 5225 ἓ
681 5147 720 5205 2
760 5144 835 5205 de
889 5143 1220 5217 HaereticiS,
1270 5144 1338 5203 in
1386 5144 1426 5203 6
1449 5164 1470 5218 3
1520 5143 1660 5217 hoc,
1713 5143 1993 5221 inquam,
2033 5161 2157 5203 uon

595 5238 814 5310 obstat,
857 5238 1026 5315 quia,
1077 5243 1145 5297 ut
1198 5236 1352 5310 dixi,
1411 5253 1640 5296 nomen
1685 5237 1908 5295 erroris
1962 5236 2038 5295 de
2088 5254 2151 5296 se

595 5332 954 5410 gener-icum
996 5336 1108 5404 est,
1150 5335 1211 5388 et
1255 5330 1371 5389 hoc
1403 5330 1585 5389 modo
1637 5330 1874 5407 optime
1929 5330 2154 5390 dicitur

595 5426 670 5483 de
693 5422 1110 5503 propositione
1129 5422 1454 5499 hieretica3
1499 5422 1902 5483 nihilominus
1939 5429 2155 5484 tamen

587 5518 750 5581 sicut
781 5534 1005 5577 nomen
1041 5515 1286 5595 generis
1313 5516 1464 5575 solet
1519 5516 1862 5594 specialiter
1901 5516 2156 5585 attribui

1187 382 1422 435 mst‘uT.
1457 382 1586 435 xlx.
1622 380 1703 435 DE
1735 378 2123 435 INFIDELIBUS
2154 376 2513 442 APOSTATiS,
2548 378 2665 431 SEU
2697 376 3058 441 BAERETicts,
3096 376 3227 431 ETc.

2240 479 2464 558 speciei
2494 479 2700 539 minus
2729 478 3033 555 perfectae,
3064 478 3151 538 ita
3192 496 3414 540 nomen
3432 486 3726 561 propositio-

2240 571 2340 635 ‘nis
2394 590 2656 636 erroneas·
2718 572 3248 635 accommodatum
3300 580 3391 634 est
3431 576 3501 635 ad
3540 578 3727 656 signifi·
3798 612 3800 627 2

2242 668 2506 727 caudam
2562 667 3045 745 propositionem
3080 714 3095 737 ,
3150 684 3285 745 quae
3342 686 3469 729 non
3526 675 3727 751 attingit
3798 656 3800 689 ÷

2243 760 2504 839 gradum
2546 759 2818 835 haeresiS,
2868 758 3015 819 licet
3091 759 3253 819 infra
3278 758 3451 819 illum
3516 766 3729 827 maxime
3798 762 3800 799 ³

2238 860 2541 932 repugnet
2579 854 2875 915 doctrinae
2914 852 3097 929 fidei;
3130 862 3191 915 et
3216 854 3361 914 hinc
3384 854 3553 915 etiarn
3592 857 3728 921 facilc
3798 846 3800 891 ³

2236 947 2513 1025 rejicitur
2568 948 2785 1007 modus
2836 946 2994 1007 alius
3028 946 3446 1024 distinguendi
3486 947 3727 1013 interilla
3799 1002 3800 1029 3

2234 1040 2379 1115 du0,
2412 1057 2595 1119 quem
2623 1039 2857 1101 indicat
2884 1042 3137 1115 Anton.,
3166 1041 3205 1100 2
3246 1059 3338 1119 p.,
3374 1039 3465 1102 tit.
3510 1044 3595 1113 12,
3618 1062 3659 1105 c.
3682 1048 3726 1119 4,
3799 1054 3800 1119 ξ

2233 1134 2558 1209 nimirum,
2623 1135 2689 1195 in
2748 1132 2967 1193 ordine
3036 1130 3116 1191 ad
3172 1133 3589 1211 pertinaciam3
3618 1154 3730 1198 nam
3799 1122 3800 1193 J

2234 1227 2451 1287 eadem
2496 1226 2831 1307 propositio
2868 1242 3007 1305 quae
3053 1226 3187 1287 sine
3234 1226 3553 1304 pertinacia
3596 1229 3722 1291 dicta

2235 1326 2331 1379 est
2380 1337 2576 1395 error,
2632 1318 2846 1381 addita
2880 1319 3248 1399 pertinacia,
3304 1326 3455 1381 esset
3478 1318 3725 1385 haeretica.
3798 1396 3800 1409 Α

2236 1414 2365 1473 Hoc
2384 1414 2557 1475 enim
2594 1430 2722 1474 non
2750 1418 2969 1492 potest,
3004 1413 3187 1491 juxta
3234 1410 3423 1488 dicta,
3444 1412 3727 1491 subsistere,
3798 1410 3800 1495 ξ

2230 1506 2377 1583 quia
2423 1506 2557 1584 Jam
2607 1506 3035 1585 respondimus
3093 1506 3553 1584 propositionem
3606 1507 3729 1569 suffi-
3799 1554 3800 1575 ³

2230 1600 2460 1659 cienter
2524 1600 2897 1659 contrariam
2974 1598 3120 1660 fidei
3190 1616 3320 1659 esse
3392 1598 3724 1671 haereticam,

2232 1692 2420 1753 etiam
2498 1691 2732 1753 seclusa
2790 1692 3147 1771 pertinacia.
3213 1690 3388 1751 Unde
3430 1709 3462 1751 e
3488 1696 3727 1754 contrario
3799 1694 3800 1749 ἶ

2232 1790 2284 1845 si
2312 1786 2649 1865 propositio
2686 1786 2763 1845 sit
2810 1792 3060 1845 tantum
3089 1802 3372 1860 erronea,
3424 1790 3483 1847 et
3504 1802 3613 1847 non
3642 1787 3723 1847 hae-

2230 1879 2443 1955 retica,
2489 1878 2730 1940 etiamsi
2791 1898 2931 1939 cum
2976 1880 3317 1958 pertinacia
3352 1878 3593 1954 dicatur,
3638 1899 3718 1940 non

2234 1974 2655 2034 committetur
2702 1972 2950 2033 haeresis
2973 2019 2994 2049 ,
3060 1978 3130 2031 ut
3172 1973 3465 2033 dicemus.
3518 1972 3720 2053 Utraque
3799 1972 3800 2035 ξ

2234 2083 2385 2144 ergo
2411 2065 2769 2146 propositio,
2802 2071 2930 2126 tam
2968 2065 3260 2127 haeretica
3292 2082 3476 2145 quam
3510 2084 3722 2140 erronea,
3799 2126 3800 2147 ἢ

2234 2158 2575 2219 secundum
2626 2176 2691 2219 se
2732 2164 2794 2218 et
2866 2159 2997 2219 sine
3046 2157 3413 2219 habitudine
3464 2158 3532 2218 ad
3576 2158 3726 2221 dicen·
3799 2152 3800 2205 ³

2232 2256 2360 2311 tem
2406 2252 2502 2312 vel
2546 2252 2624 2311 ad
2674 2251 3077 2330 pertinaciam
3118 2252 3253 2329 ejus
3290 2250 3596 2330 spectanda
3636 2258 3724 2326 est,

2234 2348 2297 2403 et
2328 2345 2415 2404 sic
2464 2344 2953 2422 distinguuntur,
3010 2345 3163 2423 quia
3210 2363 3383 2405 error
3420 2350 3503 2405 est
3544 2344 3727 2423 aiiquid

2231 2438 2437 2497 minus
2468 2454 2657 2515 qnam
2705 2436 2987 2497 haeresis.
3799 2496 3800 2505 ,

2314 2532 2413 2591 13.
2466 2529 2591 2603 Quo
2621 2536 2801 2610 pacto
2824 2531 3028 2593 minus
3051 2528 3293 2611 aliquid
3318 2532 3429 2607 sit,
3454 2532 3623 2595 variis
3644 2552 3727 2595 mo·
3799 2538 3800 2547 ’

2230 2624 2333 2687 dis
2359 2623 2621 2705 explicat
2653 2625 2925 2688 Can0.—
2937 2625 3057 2685 Sed
3076 2626 3507 2687 declarandum
3519 2633 3727 2705 superest
3799 2674 3800 2681 ,

2228 2717 2294 2777 in
2323 2735 2445 2796 quo
2486 2718 2779 2777 consistat
2818 2718 2929 2779 illa
2955 2718 3313 2794 diminutiO,
3346 2725 3413 2779 ut
3452 2720 3529 2779 sic
3553 2720 3721 2791 dicam,

2228 2830 2352 2890 qua
2380 2812 2717 2890 propositio
2733 2828 2988 2872 erronea
3012 2812 3249 2891 aliquid
3272 2814 3471 2873 minus
3496 2820 3573 2873 est
3584 2830 3725 2891 quam
3799 2810 3800 2883 ζ

2227 2903 2538 2966 haeretica.
2585 2904 2715 2965 Hoc
2746 2905 2984 2965 duobus
3025 2905 3125 2965 vel
3154 2906 3355 2967 tribus
3380 2906 3559 2967 modis
3582 2906 3725 2983 expli·
3799 2898 3800 2947 ἓ

2228 3003 2325 3057 cat
2374 2999 2539 3058 Cano
2582 3016 2791 3077 supra,
2852 3017 2907 3058 c.
2962 3001 3061 3072 11,
3111 3017 3303 3078 quem
3352 3000 3619 3071 Corduba,
3662 2998 3726 3057 Si·

2228 3110 2461 3166 manc,
2489 3096 2551 3151 et
2578 3091 2705 3152 fere
2756 3091 2949 3171 aliqui
2979 3098 3348 3171 sequuntur.
3395 3093 3607 3153 Primus
3642 3096 3723 3163 est,

2230 3201 2499 3245 errorem
2529 3185 2595 3245 in
2623 3184 2740 3243 hoc
2790 3184 3119 3245 convenire
3166 3202 3311 3246 cum
3337 3185 3565 3259 hoeresi‚
3604 3183 3724 3263 quod
3799 3206 3800 3231 ι

2232 3284 2627 3357 opponantur
2645 3276 2955 3337 catholicae
2980 3277 3303 3353 doctrinar,
3344 3279 3405 3339 id
3444 3286 3544 3351 est,
3574 3278 3640 3337 ita
3660 3294 3724 3335 re-

2232 3376 2422 3449 ceptae
2451 3372 2765 3431 communi
2806 3388 3109 3432 consensu
3138 3371 3439 3446 Ecclesiae,
3468 3377 3531 3431 ut
3572 3370 3723 3431 nullus

2234 3463 2371 3543 pius
2393 3481 2464 3523 ac
2495 3482 2635 3523 vere
2686 3462 3016 3523 doctus·de
3066 3464 3177 3525 illa
3216 3463 3493 3524 dubitare
3536 3462 3723 3521 audeat.
3799 3504 3800 3507 η

2234 3556 2453 3616 Differt
2478 3563 2687 3617 tamen
2717 3558 2865 3636 quia
2887 3555 3203 3619 interdum
3231 3558 3437 3637 aliqua
3458 3556 3725 3637 propositio

2234 3656 2325 3711 est
2348 3649 2466 3710 hoc
2488 3650 2669 3711 modo
2696 3656 2941 3729 recepta
2960 3650 3039 3710 ab
3054 3650 3345 3725 Ecclesia,
3367 3650 3620 3729 quamvis
3638 3665 3727 3707 nou

2236 3744 2315 3803 sit
2334 3760 2619 3822 expresse
2647 3742 2920 3805 revelata
2946 3750 3059 3805 aut
3100 3742 3383 3819 definita,
3412 3750 3470 3804 et
3494 3748 3637 3805 tunc.
3662 3741 3728 3798 in-

2236 3837 2482 3914 quiunt,
2516 3836 2847 3916 propositio
2896 3837 3207 3897 contraria
3247 3844 3338 3897 est
3368 3852 3617 3907 erronea,
3640 3848 3729 3901 ηομ

2234 3934 2447 3988 tamen
2486 3918 2799 4002 inei-etica,
2830 3928 2978 4007 quia
3006 3946 3132 3989 non
3180 3936 3276 3989 est
3308 3936 3507 3990 contra
3542 3940 3729 4004 expres·
3799 3916 3800 3991 J

2238 4040 2367 4082 sam
2414 4022 2639 4101 fidem3
2684 4029 2777 4085 est
2824 4030 3033 4085 tamen
3079 4024 3293 4103 aliquo
3343 4024 3515 4085 modo
3568 4024 3729 4081 contra
3799 4010 3800 4067 ἶ

2238 4116 2583 4177 doctrinam
2614 4116 3003 4178 catholicam.
3052 4113 3417 4198 Exemplum
3442 4134 3557 4179 esse
3580 4116 3729 4193 potest
3799 4192 3800 4201 ἶ

2237 4212 2305 4271 in
2352 4212 2768 4291 propositione
2822 4217 3093 4290 negante
3142 4212 3547 4273 Beatissimam
3578 4204 3729 4280 Virgi-

2240 4322 2385 4367 nem
2427 4307 2854 4381 resurrexisse,
2904 4324 3012 4367 seu
3066 4305 3135 4367 in
3178 4322 3431 4385 corpore
3474 4311 3527 4365 et
3569 4301 3729 4363 animo

2240 4418 2370 4459 esse
2416 4406 2830 4478 assumptam3
2862 4416 3011 4459 nam
3052 4400 3363 4460 contraria
3402 4398 3603 4459 veritas
3638 4408 3731 4451 non
3799 4404 3800 4453 1

2240 4492 2554 4553 invenitur
2579 4508 2863 4571 expresse
2888 4491 3163 4554 revelata
3187 4500 3294 4555 aut
3335 4490 3586 4563 definita,
3626 4498 3731 4545 cum

2240 4592 2448 4647 tamen
2502 4586 2583 4645 sit
2620 4584 2993 4647 sufficienter
3047 4584 3365 4647 catholica.
3406 4582 3597 4645 Simile
3632 4580 3733 4637 erat

2240 4686 2383 4741 ante
2410 4678 2751 4740 Concilium
2776 4679 3234 4755 Tridentinum,
3278 4680 3353 4739 de
3388 4678 3494 4739 hac
3515 4666 3731 4755 proposi·
3799 4726 3800 4765 ᾗ

2238 4774 2446 4833 tione:
2482 4772 2681 4835 Beata
2720 4772 2902 4854 Vir-90
2928 4790 3235 4853 nunquam
3256 4770 3513 4853 peccavit
3536 4761 3731 4829 veniali·
3799 4790 3800 4819 1

2242 4872 2355 4942 ter,
2388 4884 2535 4927 nam
2566 4883 2809 4944 semper
2836 4866 2952 4925 fuit
2986 4866 3287 4926 catholica
3308 4866 3369 4925 in
3390 4864 3539 4924 dicto
3567 4870 3727 4936 sensip
3799 4900 3800 4953 ἢ

2238 4960 2481 5019 etiamsi
2510 4977 2637 5020 non
2660 4965 2814 5019 esset
2833 4976 3118 5037 expresse
3132 4957 3399 5032 definita,
3422 4961 3479 5015 et
3492 4952 3608 5013 ideo
3624 4962 3733 5046 con·
3799 4956 3800 4961 ’

2238 5054 2427 5113 traria
2442 5059 2573 5113 erat
2599 5070 2879 5127 erronea,
2900 5068 3024 5111 non
3042 5057 3250 5111 tamen
3266 5052 3328 5111 in
3342 5050 3529 5127 rigore
3540 5043 3732 5103 haereti-

2238 5164 2327 5207 ca.
2354 5146 2525 5207 Alter
2542 5146 2761 5207 modus
2783 5164 2915 5206 rem
2946 5145 3102 5205 lianc
3122 5142 3457 5226 explicandi
3478 5144 3577 5211 est,
3600 5132 3728 5211 quia,
3799 5200 3800 5223 ἶ

2240 5246 2309 5299 ut
2366 5240 2699 5318 propositio
2741 5240 2822 5299 sit
2855 5238 3164 5313 haeretica,
3204 5238 3324 5298 duo
3360 5232 3728 5312 requiruntur:
3799 5298 3800 5301 Ἴ

2234 5350 2429 5391 unum
2453 5338 2566 5406 est,
2590 5337 2659 5391 ut
2681 5334 3011 5410 propositio
3039 5330 3343 5391 contraria
3361 5330 3435 5389 sit
3458 5319 3731 5385 certissime

2234 5430 2300 5487 et
2321 5424 2747 5485 indubitanter
2768 5426 2843 5486 de
2858 5424 2979 5487 fide
2993 5442 3015 5501 3
3042 5425 3210 5486 aliud
3236 5433 3343 5498 est,
3369 5424 3434 5481 ut
3446 5418 3615 5479 altera
3622 5424 3731 5491 pro-

2240 5519 2463 5598 positio
2492 5518 2825 5579 certissime
2849 5524 2910 5579 et
2929 5514 3441 5581 indubitanterilli
3464 5506 3725 5589 repugnet·
