3900 6217
543 548 850 627 Definions
863 542 1215 627 subscripsi.
1235 542 1356 605 Alii
1368 560 1516 602 vero
1537 559 1663 603 non
1685 542 1794 613 ita,
1811 542 1945 618 sed,
1960 541 2108 602 utin

543 640 814 701 Concilio
839 637 1212 699 Arausio-ano
1243 637 1292 698 11
1318 634 1585 697 habetur
1622 634 1698 699 de
1737 634 2109 715 quibusdam

544 734 918 815 presbyteris
945 778 965 808 ,
997 732 1432 796 consentientes
1469 730 1981 811 subscripserunt,
2028 728 2109 789 ad

543 846 728 909 quem
751 828 1003 889 modum
1029 825 1362 906 aliquando
1390 824 1721 886 subscribit
1743 825 2103 903 imperator,

545 932 616 985 ut
665 928 837 1003 patet
881 921 948 981 in
993 926 1166 981 sexta
1217 920 1485 999 Synodo,
1535 920 1776 979 actione
1814 920 1913 978 12.
1952 915 2108 977 Vide

545 1015 902 1089 Eusebium,
923 1014 966 1075 l.
997 1015 1038 1073 4
1063 1012 1318 1086 Histor.‚
1349 1030 1484 1091 cap.
1519 1016 1616 1073 22.
1651 1012 1784 1073 Huc
1807 1009 2110 1071 accedunt

545 1108 899 1171 testimonia
937 1108 1212 1183 Petrum,
1243 1106 1582 1167 Marcellini
1613 1106 1816 1185 Papae,
1848 1103 2108 1182 epistola

543 1203 848 1274 serunda3
880 1200 1096 1264 Leonis
1119 1200 1166 1275 1,
1211 1200 1278 1260 in
1308 1198 1564 1278 epistola
1603 1216 1770 1259 nona
1809 1198 1971 1277 (quus
2000 1215 2105 1276 po-

544 1298 671 1358 tins
690 1302 779 1357 est
799 1294 1125 1372 Flaviani),
1147 1293 1298 1353 etin
1324 1294 1542 1367 13,15,
1567 1292 1666 1364 16,
1691 1292 1792 1364 17,
1809 1291 1887 1351 23
1913 1294 1976 1349 et
2003 1291 2101 1351 53.

545 1390 648 1465 88,
679 1390 752 1459 91
778 1407 793 1461 ;
852 1388 1091 1462 Irenaei,
1139 1385 1248 1445 lib.
1303 1386 1364 1459 3,
1422 1402 1556 1464 cap.
1616 1386 1696 1457 33
1747 1382 2103 1462 Augustini,

545 1489 760 1543 contra
787 1482 1104 1553 Faustum,
1142 1476 1283 1539 libr.
1317 1480 1418 1553 33,
1457 1495 1590 1556 cap.
1637 1478 1701 1551 6,
1746 1476 1888 1536 libr.
1939 1476 1981 1535 6
2032 1475 2109 1535 de

543 1576 868 1655 Baptism„
890 1592 1022 1653 cap.
1067 1575 1169 1648 35,
1203 1578 1264 1633 et
1301 1570 1460 1633 libro
1492 1577 1703 1632 contra
1735 1569 2106 1643 Donatistae,

548 1672 687 1748 post
733 1666 1148 1741 collationem,
1203 1682 1339 1743 cap.
1407 1666 1480 1726 15
1501 1710 1521 1739 ,
1575 1668 1638 1724 et
1677 1664 1744 1724 in
1799 1661 2111 1723 breviculo

548 1760 752 1822 collat.
783 1760 883 1821 dei
911 1762 1131 1836 tertiae,
1177 1766 1238 1820 et
1283 1760 1349 1820 in
1375 1758 1632 1837 epistola
1667 1761 1806 1829 119,
1838 1776 1972 1837 cap.
2009 1760 2109 1833 19,

549 1862 612 1918 et
648 1854 902 1935 epistola
944 1856 1080 1915 152.
1131 1853 1365 1928 Quibus
1411 1852 1562 1913 locis
1605 1850 1882 1913 Concilia
1928 1850 2116 1911 deno-

551 1949 870 2011 minantur
920 1947 1312 2028 episcopalia,
1361 1964 1435 2007 eo
1466 1944 1631 2025 quod
1676 1962 1754 2005 ex
1806 1944 2115 2024 Episcopis

553 2060 665 2123 per
692 2060 759 2105 se
782 2042 1148 2103 coalescant.

636 2138 733 2197 13.
769 2136 1076 2199 Probatur
1100 2135 1353 2199 secundo
1392 2131 1750 2197 rationibus.
1785 2164 1867 2179 -
1894 2132 2117 2196 Prima

552 2231 736 2291 ratio.
770 2260 852 2275 -
877 2228 1157 2292 Secunda
1196 2228 1380 2291 ratio.
1413 2260 1497 2273 —
1520 2226 1812 2287 Rationes
1847 2224 2117 2287 breviter

554 2322 652 2383 hae
681 2336 846 2384 sunt.
882 2322 1112 2396 Prima,
1144 2321 1295 2399 quia
1321 2320 1434 2381 soli
1461 2318 1746 2399 Episcopi
1785 2324 1930 2379 sunt
1975 2321 2117 2381 Pas-

557 2424 721 2477 tores
769 2416 1047 2477 Ecclesiae
1095 2432 1174 2475 ex
1215 2413 1442 2474 officio.
1485 2412 1662 2473 Unde
1708 2412 2113 2490 Augustinus,

553 2510 731 2587 epist.
767 2510 844 2571 59
873 2508 952 2569 ad
973 2507 1243 2583 Paulin„
1271 2507 1337 2567 in
1357 2512 1575 2585 quaest.
1612 2507 1653 2565 4
1685 2551 1705 2580 ,
1735 2504 2029 2569 Pastore-5
2060 2513 2118 2571 et

557 2604 843 2665 Doctores
862 2648 881 2677 ,
918 2602 995 2663 ad
1029 2601 1252 2681 Ephes.
1280 2602 1343 2676 4,
1374 2600 1538 2659 idem
1570 2598 1775 2659 valere
1797 2599 2111 2679 intelligit.

557 2696 732 2770 Quod
764 2696 815 2756 si
851 2695 1301 2774 distinguemus
1333 2694 1626 2756 Pastoree
1657 2710 1696 2755 a
1732 2694 2112 2771 Dat-toribus,

561 2796 630 2850 ut
659 2790 764 2851 alii
793 2789 1208 2864 distinguunt,
1237 2794 1400 2849 certe
1431 2786 1758 2847 dicendum
1789 2793 1946 2847 esset
1970 2789 2123 2851 Doc-

561 2890 720 2945 tores
740 2902 864 2943 non
890 2882 1130 2956 docere,
1171 2880 1292 2941 nisi
1326 2897 1405 2940 ex
1439 2878 1870 2940 commissione
1897 2880 2125 2943 Pasto-

561 2996 723 3051 rum,
749 2978 930 3056 juxta
953 2975 1107 3036 illud
1139 2974 1424 3035 Jeremiae
1452 2974 1521 3034 31
1569 2994 1586 3033 :
1626 2972 1797 3035 Dabo
1817 2980 2117 3054 pastores,

560 3072 668 3153 qui
695 3075 948 3149 pascant
989 3087 1090 3131 vos
1118 3067 1376 3132 scientia
1418 3073 1476 3131 et
1507 3067 1803 3131 doctrina.
1837 3068 2013 3129 Unde
2042 3070 2120 3130 ad

563 3164 851 3226 Doctores
878 3162 1174 3243 spectabit
1201 3162 1546 3223 doctrinam
1573 3160 1816 3222 tradere
1837 3179 1875 3222 a
1909 3164 2124 3224 Pasto-

563 3256 735 3319 ribus
765 3256 1084 3319 definitam
1109 3272 1131 3333 ;
1163 3257 1486 3316 Pastorum
1529 3261 1742 3315 autem
1771 3260 1862 3316 est
1897 3255 2123 3317 discer-

565 3368 714 3411 nere
739 3367 984 3429 pascua,
1032 3348 1316 3428 quamvis
1353 3347 1612 3409 consilio
1657 3350 1987 3410 Doctorum
2028 3350 2122 3410 uti

563 3442 853 3505 debeant.
883 3443 1037 3504 Vide
1061 3444 1322 3517 Canum,
1353 3440 1430 3501 de
1451 3440 1647 3517 Locis,
1670 3440 1781 3501 lib.
1813 3444 1874 3516 4,
1895 3458 2032 3521 cap.
2061 3443 2121 3501 4.

567 3538 871 3610 Secunda,
903 3538 1049 3615 quia
1076 3536 1360 3616 Episcopi
1384 3541 1534 3597 sunt
1558 3536 1792 3615 proprii
1819 3554 2125 3598 successo-

567 3650 668 3694 res
690 3630 1144 3711 Apostolorum,
1175 3636 1238 3691 et
1277 3630 1456 3709 qnasi
1489 3629 1779 3708 primates
1815 3647 1888 3689 ac
1924 3630 2129 3709 capite

567 3724 884 3796 Ecclesiae;
921 3724 988 3784 in
1034 3722 1208 3784 omni
1251 3729 1460 3784 autem
1505 3722 1661 3782 bene
1701 3722 1983 3783 instituta
2029 3741 2126 3783 re·

567 3816 814 3898 publica
834 3816 913 3879 ad
951 3816 1278 3895 optimates
1319 3816 1585 3895 pertinet
1623 3832 1762 3898 eam
1799 3831 2038 3894 regere,
2065 3822 2129 3876 et

568 3910 742 3990 qnasi
771 3909 848 3969 ad
883 3909 1132 3971 comitia
1180 3908 1426 3987 publica
1463 3906 1862 3986 congregari3
1910 3906 2129 3967 iidem-

569 4022 691 4084 que
717 4007 1045 4064 censentur
1071 4000 1519 4081 rempublicam
1565 4006 1758 4062 totam
1789 4016 2128 4080 repraesen-

571 4103 724 4158 tare.
760 4094 936 4160 Unde
979 4094 1336 4158 Aristoteles
1363 4097 1452 4156 ait
1489 4096 1804 4156 civitatem
1833 4094 1898 4155 id
1931 4095 2128 4154 maxi-

568 4208 670 4253 me
701 4208 853 4264 esse,
881 4188 1046 4267 quod
1077 4188 1264 4249 estin
1290 4207 1365 4250 ea
1389 4187 1726 4267 principale
1757 4209 1774 4247 ε
1805 4188 1892 4249 sic
1935 4188 2129 4265 igitur

569 4282 966 4362 congregatio
979 4282 1344 4343 universalis
1362 4282 1803 4361 Episcoporum
1823 4280 2130 4341 sufficien-

569 4383 663 4440 ter
695 4375 1106 4438 universalem
1132 4374 1468 4437 Ecclesiam
1484 4380 1908 4455 repraesentat,
1941 4376 2125 4453 juxta

567 4469 723 4531 illud
752 4468 971 4531 Matth.
1023 4469 1098 4531 18
1127 4468 1287 4531 :Dio
1334 4468 1682 4539 Eochsioe;
1725 4468 1778 4528 si
1825 4467 1991 4529 enim
2037 4466 2128 4528 ibi

566 4562 845 4643 privatus
873 4565 1080 4638 pastor
1095 4561 1320 4622 dicitur
1341 4558 1612 4621 Ecclesia
1629 4560 1872 4639 privata
1894 4566 1961 4622 et
1985 4578 2127 4639 par-

565 4654 871 4725 ticularis,
895 4653 1066 4734 quia,
1106 4652 1364 4729 scilicet,
1413 4658 1544 4714 tota
1588 4652 1860 4715 Ecclesia
1905 4652 1975 4713 in
2018 4670 2128 4713 suo

567 4749 889 4829 Episcop0,
913 4747 1088 4829 quasi
1111 4746 1180 4807 in
1197 4746 1418 4825 capite,
1443 4746 1796 4806 continetur
1819 4752 1884 4807 et
1901 4764 2128 4825 reprae-

569 4847 873 4916 sentatur,
903 4840 1070 4920 quod
1097 4841 1284 4901 etiam
1311 4849 1478 4902 recte
1519 4840 1885 4919 Cyprianus,
1919 4838 2029 4900 lib.
2062 4843 2127 4915 4,

565 4936 745 5017 epist.
775 4936 840 5009 9,
882 4933 1176 5009 inculcat,
1213 4939 1277 4994 et
1305 4934 1630 5012 scripserat
1679 4932 1819 4994 Pius
1851 4934 1872 4994 1
1901 4933 1969 4993 in
2018 4950 2131 4993 sua

568 5028 826 5109 epistola
873 5031 912 5091 2
962 5026 1274 5102 decretali,
1321 5026 1400 5087 ad
1427 5026 1652 5102 finem,
1700 5026 1890 5087 simili
1947 5026 2131 5106 plane

566 5123 748 5184 modo
767 5121 1130 5183 universalis
1151 5121 1548 5200 congregatio
1571 5120 2010 5201 Episcoporum
2038 5125 2132 5179 to-

565 5224 696 5277 tam
717 5214 1043 5279 Ecclesiam
1063 5212 1472 5275 universalem
1497 5212 1874 5273 sufficienter
1899 5230 2132 5291 reprae-

565 5308 856 5371 sentabit.
888 5307 1062 5370 Unde
1091 5306 1500 5385 Augustinus,
1549 5306 1750 5386 primo
1779 5306 1857 5366 de
1889 5305 2129 5385 Baptis-

569 5420 672 5463 mo
701 5406 917 5471 contra
939 5400 1269 5475 Donatist„
1300 5418 1433 5479 cap.
1468 5403 1567 5475 18,
1599 5398 1940 5479 plenariam
1972 5400 2129 5461 Con-

565 5495 692 5555 cilii
719 5495 1093 5557 sententiam
1126 5499 1303 5555 vocat
1331 5492 1522 5553 totius
1559 5492 1846 5555 Ecclesiae
1873 5510 2130 5555 consen-

562 5590 798 5650 sionem
833 5610 850 5661 3
909 5594 971 5651 et
1023 5586 1397 5651 Athanasius
1424 5632 1442 5661 ,
1487 5585 1744 5666 epistola
1798 5587 1875 5649 de
1924 5586 2123 5647 Gestis

1736 442 1971 494 msPUT.
2002 442 2085 494 Xl.
2124 437 2203 494 DE
2236 440 2553 493 conamus.

2188 540 2425 621 Synodi
2462 540 2754 614 Arimin.,
2784 545 3093 600 asseverat
3128 538 3470 605 universnm
3508 550 3687 613 orbem

2188 634 2254 695 in
2278 634 2551 697 Concilio
2580 632 2831 693 Nicaeno
2878 638 3157 695 coactum
3196 633 3410 713 fuisse,
3448 658 3577 703 cum
3614 664 3693 705 30-

2187 727 2319 788 lnm
2350 726 2469 788 318
2498 726 2765 806 episcopi
2806 726 3271 803 convenissent3
3318 734 3377 790 et
3412 730 3543 806 Leo,
3566 736 3694 815 epis-

2188 820 2315 881 tola
2346 822 2427 882 24
2467 826 2530 882 et
2578 820 2681 895 26,
2716 819 2881 881 idem
2938 820 3280 881 Concilium
3330 832 3497 886 vocat
3538 831 3695 892 totius

2188 913 2440 988 mundi3
2476 916 2629 975 etin
2657 914 3016 994 8·Synodo,
3069 913 3305 976 actione
3354 918 3414 990 5,
3458 917 3691 982 dicitur:

2186 1006 2471 1088 Loquere,
2496 1007 2707 1082 photi,
2738 1011 2901 1071 totus
2926 1008 3186 1069 mundus
3210 1007 3306 1071 hio
3328 1014 3455 1083 esu
3486 1011 3699 1076 similis-

2187 1118 2307 1179 que
2332 1107 2426 1161 est
2451 1100 2673 1163 modus
2695 1100 2989 1181 loquendi
3020 1101 3381 1181 Scripturse;
3409 1104 3586 1166 Exod.
3616 1110 3697 1183 19,

2187 1194 2336 1255 dicit
2358 1195 2656 1256 Dominus
2682 1194 2880 1275 Moysi
2913 1215 2929 1255 z
2965 1194 3121 1257 Hoec
3162 1196 3535 1261 annuntiabis
3573 1200 3701 1281 filiis

2186 1286 2429 1361 Israel;
2474 1294 2537 1349 et
2565 1287 2726 1350 infra
2760 1302 2777 1348 ε
2824 1288 2997 1355 Venit
3028 1290 3295 1369 Moyses,
3326 1295 3385 1353 et
3410 1294 3702 1356 convocavit

2185 1382 2446 1461 majo-res
2465 1382 2682 1463 papuli
2701 1429 2717 1456 ,
2756 1387 2901 1460 etc.;
2934 1383 2971 1443 3
3008 1382 3252 1461 Regum
3280 1384 3362 1445 8:
3395 1382 3705 1469 Coum-effati

2188 1480 2331 1537 eunt
2358 1492 2556 1538 omnes
2578 1478 2839 1557 majores
2850 1502 2875 1547 ,·
2900 1493 2973 1536 ac
3008 1475 3193 1554 paulo
3216 1481 3355 1556 post
3384 1496 3397 1538 :
3426 1478 3547 1542 Rom
3570 1484 3706 1542 omni

2188 1568 2487 1631 Ecclesia·
2513 1570 2717 1631 Israel
2742 1570 3063 1645 benedixit,
3104 1570 3299 1633 omnis
3344 1571 3493 1633 onim
3526 1570 3707 1636 Eccle-

2192 1664 2291 1724 sia
2320 1664 2525 1725 Israel
2553 1664 2776 1735 stabat,
2804 1668 2921 1725 etc.
3831 1714 3832 1747 ³

2280 1759 2378 1817 11.
2418 1758 2637 1829 Tertia,
2658 1758 2842 1821 ratio.
2876 1788 2957 1803 —-
3000 1756 3237 1831 Quarta
3266 1758 3445 1821 ratio.
3484 1792 3557 1803 —
3588 1760 3709 1821 Ter·

2194 1848 2285 1910 tia
2313 1851 2491 1913 ratio,
2526 1850 2868 1911 Concilium
2890 1851 3177 1930 generale
3225 1849 3479 1930 requirit
3504 1852 3711 1913 univer-

2196 1942 2387 2004 salem
2430 1942 2949 2023 jurisdictionem,
3006 1962 3155 2005 nam
3200 1942 3313 2025 qui
3356 1945 3709 2021 conveniunt,
3831 1924 3832 1995 Ῠ

2188 2026 2429 2117 judices
2455 2036 2601 2098 fidei
2622 2043 2767 2097 sunt
2790 2043 2852 2097 et
2882 2053 3129 2097 morum
3155 2055 3170 2109 ;
3200 2037 3308 2098 sed
3331 2037 3579 2116 episcopi
3602 2056 3713 2117 pro·
3831 2100 3832 2103 ,

2196 2131 2329 2211 prie
2366 2130 2599 2191 habent
2622 2130 2784 2190 hanc
2810 2128 3301 2209 jurisdictionem
3339 2130 3405 2190 in
3430 2130 3705 2190 Ecclesia:
3831 2198 3832 2207 2

2196 2241 2367 2301 erg0.
2406 2222 2601 2301 Major
2626 2222 2994 2297 ostenditur,
3030 2222 3177 2303 quia
3230 2220 3559 2283 Concilium
3590 2221 3714 2281 defi·

2197 2317 2291 2379 nit
2319 2324 2381 2377 et
2411 2317 2655 2395 judicat
2680 2315 2831 2395 quid
2858 2316 2938 2376 sit
2986 2314 3329 2377 tenendum
3372 2316 3431 2375 in
3460 2313 3709 2376 Ecclesia.
3831 2308 3832 2333 ¹

2199 2410 2373 2471 Unde
2400 2427 2615 2470 omnes
2642 2410 2965 2488 Episcopi,
3010 2408 3119 2487 qui
3168 2408 3559 2482 conveniunt,
3601 2405 3713 2465 suh-

2198 2504 2475 2564 scribuut
2503 2510 2798 2581 tanquam
2847 2502 3104 2582 judice-S,
3146 2507 3221 2561 ut
3250 2506 3418 2581 patet
3450 2501 3619 2560 etiam
3654 2516 3715 2557 ex

2199 2595 2383 2655 modo
2401 2593 2695 2674 loquendi
2716 2595 3127 2656 Consiliorum
3146 2614 3158 2657 :
3176 2594 3594 2673 Proecipimus‚
3608 2610 3715 2654 oon·

2196 2686 2535 2761 satuimus,
2564 2696 2714 2763 etc„
2754 2684 3132 2761 mandamus,
3176 2688 3560 2759 decernimus,
3588 2691 3713 2765 etc-..3
3831 2706 3832 2711 ¹

2202 2778 2269 2838 in
2299 2780 2568 2841 Concilio
2596 2782 2871 2853 Nicaeno,
2912 2799 3049 2861 cap.
3096 2784 3156 2853 3,
3202 2788 3269 2842 et
3308 2781 3377 2841 in
3422 2780 3714 2843 Chalcedo-

2203 2874 2403 2946 nensi,
2441 2874 2693 2953 epistola
2719 2874 2797 2935 ad
2829 2876 3097 2936 Leonem
3126 2896 3140 2933 :
3168 2872 3445 2938 Decretis
3478 2877 3592 2939 tais
3612 2896 3718 2940 nos-

2205 2971 2367 3028 trum
2398 2966 2621 3030 honora
2633 2968 2987 3046 judicimu-
3024 2984 3087 3029 et
3126 2968 3192 3027 in
3236 2968 3504 3046 epistolis
3544 2970 3719 3031 Leonis

2204 3062 2280 3120 57
2308 3065 2371 3119 et
2388 3061 2466 3121 59
2480 3082 2497 3134 ;
2524 3061 2600 3121 de
2620 3079 2743 3139 quo
2763 3060 2901 3122 vide
2924 3062 2991 3123 D.
3020 3060 3355 3137 Thomam,
3384 3062 3641 3135 Quodlib.
3669 3067 3714 3139 5,

2202 3160 2319 3214 art.
2355 3155 2415 3228 3,
2450 3159 2513 3214 et
2552 3154 2834 3229 Quodlib.
2882 3156 2943 3229 6,
2994 3162 3111 3215 art.
3157 3154 3237 3231 63
3286 3155 3469 3229 Cano,
3516 3154 3639 3217 libr.
3669 3158 3711 3231 5,

2202 3263 2335 3323 cap.
2360 3248 2435 3318 ὃς
2468 3248 2637 3321 Soto,
2666 3247 2734 3307 in
2762 3250 2824 3321 4,
2856 3248 3130 3308 distinct.
3163 3250 3269 3325 20,
3301 3254 3512 3329 quaest.
3542 3254 3596 3324 1,
3624 3258 3714 3309 art.

2200 3340 2263 3414 4,
2294 3340 2373 3399 ad
2398 3340 2737 3401 secundum
2754 3362 2773 3416 3
2799 3342 3290 3417 Turrecremata,
3321 3349 3383 3403 et
3421 3342 3523 3403 alii
3550 3358 3715 3419 supra.

2206 3434 2409 3495 Minor
2445 3452 2593 3497 vero
2594 3440 2822 3537 Ratet,
2865 3441 2996 3495 tum
3048 3454 3124 3497 ex
3151 3444 3330 3498 sexta
3362 3436 3619 3516 Synodo,
3644 3454 3722 3497 ac·

2205 3528 2375 3588 tione
2414 3532 2510 3603 11,
2536 3524 2597 3589 et
2623 3529 2885 3609 septima
2914 3528 3187 3608 Synodo,
3220 3548 3364 3609 cap.
3402 3532 3499 3606 19,
3524 3536 3580 3591 et
3600 3530 3723 3589 Con-

2206 3619 2348 3681 cilio
2376 3620 2609 3681 Coloni.
2648 3622 3031 3702 provinciali,
3066 3624 3231 3702 quod
3260 3622 3387 3685 alia
3414 3624 3587 3699 citat3
3618 3628 3725 3683 tum

2206 3715 2395 3775 etiam
2416 3732 2495 3775 ex
2520 3717 2816 3777 Actorum
2846 3719 2945 3792 15,
2975 3716 3083 3777 ubi
3106 3716 3373 3779 Jacohus
3396 3716 3725 3780 senteutiam

2206 3826 2381 3869 suam
2432 3807 2666 3887 profert
2716 3815 3015 3889 tanquam
3060 3808 3259 3886 judex
3284 3830 3299 3886 ;
3351 3828 3425 3871 ae
3469 3816 3727 3890 praeterea

2208 3907 2447 3964 constat
2476 3920 2553 3963 ex
2592 3902 2795 3979 dictis,
2825 3904 2985 3964 solos
3018 3906 3352 3985 Episcopos
3380 3922 3507 3966 esse
3530 3920 3726 3964 succes-

2209 4015 2373 4057 sores
2406 3995 2865 4074 Apostolorum,
2897 4004 3079 4077 atque
3114 3996 3275 4059 adeo
3300 3998 3369 4059 in
3396 3999 3515 4059 illis
3548 3997 3729 4077 praeci-

2209 4107 2330 4169 pue
2366 4088 2631 4151 residere
2661 4088 3153 4167 jurisdictionem
3176 4090 3258 4152 ad
3286 4091 3609 4152 Ecclesiam
3636 4106 3726 4167 gu-

2207 4181 2613 4243 bernandam.
2665 4183 2897 4244 Ultimo
2938 4190 3345 4261 argumentor
3391 4200 3410 4246 ε
3457 4185 3507 4244 si
3545 4188 3730 4262 praeter

2206 4276 2557 4355 EpiscopOS,
2582 4274 2687 4336 alii
2718 4292 2961 4353 prorsus
2984 4278 3449 4355 requirerentur
3464 4278 3525 4336 in
3548 4272 3729 4335 Conci·

2205 4371 2313 4445 lio,
2346 4370 2443 4431 vel
2480 4369 2574 4431 illi
2606 4377 2811 4431 essent
2848 4387 3063 4431 omnes
3099 4371 3361 4431 omnino
3394 4368 3727 4439 Sacerdotes,

2210 4465 2311 4527 vel
2351 4464 2629 4538 Parochi,
2677 4464 2779 4524 vel
2827 4463 3079 4523 fortasse
3132 4463 3264 4522 alii.
3308 4463 3437 4523 Hoc
3475 4460 3729 4521 ultimum

2211 4558 2541 4619 dicendum
2576 4574 2705 4617 non
2736 4566 2850 4630 est,
2888 4574 3028 4617 cum
3066 4555 3243 4615 nulla
3274 4557 3510 4616 ratione
3556 4570 3731 4612 mons-
3831 4596 3832 4599 η

2209 4652 2362 4713 trari
2406 4650 2610 4711 valeat
2646 4668 2756 4709 cur
2800 4648 2869 4709 hi
2904 4648 3113 4727 potius
3162 4665 3351 4727 quam
3380 4646 3471 4708 illi
3508 4643 3730 4705 omnino

2210 4743 2535 4805 necessarii
2560 4744 2719 4813 siut3
2756 4742 3026 4821 primum
3054 4748 3265 4801 autem
3296 4746 3387 4800 est
3410 4734 3733 4800 absurdissi-

2212 4856 2386 4898 mum
2410 4853 2429 4913 3
2461 4844 2594 4899 tum
2628 4839 2775 4915 quia
2802 4834 3177 4914 impossibile
3200 4839 3294 4894 est
3316 4851 3527 4894 omnes
3550 4831 3731 4892 Sacer-

2211 4932 2382 4993 dotes
2424 4937 2487 4992 et
2518 4928 2843 5003 parochos,
2880 4930 3011 4989 imo
3060 4946 3175 4988 nec
3204 4926 3503 5006 majorem
3543 4938 3731 4987 eorum

2210 5033 2449 5105 partem
2466 5022 2547 5085 ad
2566 5020 2905 5083 Concilium
2930 5019 3219 5099 generale
3242 5020 3597 5095 convenire3
3618 5022 3730 5075 tum

2210 5118 2421 5192 etiam,
2443 5118 2591 5196 quia
2617 5115 2984 5194 regulariter
3006 5112 3215 5174 idonei
3241 5131 3369 5174 non
3398 5119 3539 5173 sunt
3556 5108 3627 5169 ad
3658 5108 3732 5185 ju-

2209 5212 2541 5273 dicandum
2566 5211 2642 5271 de
2664 5208 2849 5270 rebus
2874 5208 3043 5281 fidei,
3077 5226 3193 5269 nec
3232 5206 3485 5268 idoneos
3520 5220 3639 5265 esse
3667 5199 3729 5259 ad

2210 5322 2439 5365 munus
2465 5303 2561 5365 vel
2588 5302 2957 5382 dignitatem
2974 5318 3191 5362 eorum
3220 5305 3470 5381 spectat,
3502 5297 3599 5358 sed
3626 5293 3731 5354 suis

2210 5398 2509 5479 episcopis
2526 5397 2754 5458 obnixe
2782 5414 3022 5475 parere,
3047 5400 3547 5473 sacramentaque
3581 5402 3731 5469 posse

2209 5490 2597 5573 parochianis
2625 5489 2998 5551 ministrare.
3666 5470 3688 5495 ⁸

2291 5586 2387 5647 15.
2424 5582 2725 5665 Objioe'tur
2745 5582 3222 5665 quadrupliciter
3242 5585 3453 5645 contra
3482 5574 3733 5641 assertio·
