3900 6217
1528 403 1723 457 tubex
1752 403 1985 461 RERUU.

222 512 453 575 possunt
480 505 679 563 directe
704 509 901 577 privari
941 510 1184 567 dominio
1224 509 1279 563 in
1320 521 1506 565 servos
1544 510 1719 563 chria-

222 584 419 644 tianOS.
442 581 594 645 ibid..
618 598 675 637 n.
706 590 784 637 10.

218 661 451 713 Possunt
477 660 749 724 indirecte,
782 676 835 715 ιι.
866 667 944 715 11.

216 736 367 861 {dem
397 736 466 789 de
496 744 753 803 potestate
782 739 1179 805 patrisfamilias
1222 740 1275 793 in
1320 738 1550 793 famulos
1594 737 1719 793 fide·

239 826 317 870 es.
344 812 471 865 ibid.

146 890 235 938 18.
278 887 525 942 inlideles
584 888 678 941 iiiii
732 902 801 941 an
854 891 1093 955 possint,
1145 890 1323 943 invitis
1376 888 1718 956 parentibus,

216 962 497 1027 baptizari,
532 963 681 1027 ibid.,
707 966 1000 1021 remissive.
1634 978 1650 991 ·

145 1043 239 1089 19.
276 1038 525 1093 infideles
556 1040 763 1105 judices
802 1055 899 1093 seu
924 1043 1309 1109 gubernatores
1336 1042 1427 1107 qui
1460 1041 1563 1095 sub
1600 1052 1725 1107 rege

220 1114 521 1167 christiano
554 1116 756 1177 vivunt,
794 1124 1018 1182 possunt
1064 1119 1221 1171 etiam
1269 1117 1470 1169 directe
1520 1114 1719 1182 privari

220 1196 486 1253 potestate
514 1190 567 1242 in
591 1192 935 1251 Christianos,
965 1192 1083 1245 ead.
1110 1198 1237 1247 sect.
1264 1198 1312 1254 8,
1344 1206 1397 1247 ιι.
1421 1196 1501 1243 18.

216 1266 355 1317 item
378 1272 430 1317 et
458 1265 701 1319 infideles
726 1267 931 1320 domini
962 1276 1220 1334 potestate
1256 1267 1411 1321 herili
1449 1267 1503 1319 in
1546 1264 1722 1320 cbris-

220 1344 401 1394 tianos
430 1354 631 1399 servoS.
659 1356 711 1395 ιι.
745 1346 823 1395 14.

146 1420 240 1467 20.
278 1417 357 1469 Ab
394 1416 683 1471 infidelium
714 1424 967 1472 servitute
986 1432 1097 1485 quo
1117 1420 1237 1485 jure
1258 1419 1556 1473 eximantur
1578 1417 1717 1469 servi

218 1490 434 1555 fideles,
455 1493 575 1545 eod.
604 1507 657 1545 u.
684 1497 763 1544 14.

147 1571 243 1619 81.
280 1572 325 1621 Α
354 1568 609 1624 tamulatu
639 1569 954 1629 infidelium,
995 1570 1087 1637 qui
1124 1570 1383 1631 Ecclesiae,
1424 1578 1517 1622 aut
1547 1568 1726 1621 ebria-

224 1644 375 1698 tiano
420 1644 646 1711 principi
693 1644 1029 1705 subduntur,
1074 1647 1359 1699 Christiani
1409 1645 1719 1705 liberantur,

226 1720 383 1782 ibid„
413 1734 467 1773 n.
494 1726 572 1775 18.

219 1798 357 1849 Item
407 1796 499 1851 tilii
548 1798 795 1863 baptizati
836 1810 869 1851 a
900 1804 1161 1865 potestate
1207 1804 1485 1863 parentum
1528 1795 1721 1849 inlide-

225 1872 381 1933 lium,
402 1871 530 1925 ibid.

148 1952 246 2000 22.
282 1948 411 2001 Cum
434 1948 741 2003 infidelibus
757 1951 809 2001 in
836 1950 1059 2003 crimine
1082 1948 1481 2003 communicare
1504 1953 1585 2001 est
1608 1947 1723 2010 ipso

217 2026 344 2089 jure
373 2025 597 2077 naturali
624 2025 973 2091 prohibitum,
1008 2024 1195 2077 eadem
1228 2022 1369 2089 disp.
1395 2027 1476 2083 18,
1511 2028 1637 2075 sect.
1672 2024 1722 2085 6,

226 2114 281 2151 ιι.
314 2104 362 2152 2.

148 2180 247 2227 23.
283 2176 414 2227 Cum
453 2175 755 2230 infidelibus
802 2176 981 2229 omnis
1032 2174 1238 2241 species
1272 2180 1327 2228 et
1364 2173 1632 2237 suspicio,
1670 2179 1723 2223 et

228 2252 396 2304 multo
426 2251 595 2317 magis
629 2252 745 2316 ipsa
778 2252 1087 2317 cooperatio
1130 2250 1197 2303 ad
1234 2250 1599 2303 infidelitatem
1638 2248 1723 2301 vi-

232 2328 391 2380 tanda
422 2336 519 2389 est,
554 2327 679 2379 ibid.

149 2408 246 2455 2⁴.
284 2406 411 2455 Cum
442 2404 746 2455 intidelibus
774 2403 1175 2455 communicare
1220 2402 1273 2453 in
1317 2401 1517 2454 divinis
1542 2400 1725 2465 operi-

232 2480 333 2532 bus
366 2485 561 2532 nostrae
599 2478 871 2546 religionis
894 2486 975 2531 est
996 2478 1287 2543 aliquando
1315 2490 1433 2542 Jure
1469 2474 1651 2529 divino
1677 2483 1730 2529 et

234 2556 459 2609 naturali
485 2554 831 2621 prohibitum.
857 2568 909 2605 ιι.
941 2559 989 2605 8.

230 2631 529 2696 Aliquando
554 2642 661 2683 non
698 2629 786 2691 ita,
818 2629 947 2681 ibid.

160 2710 255 2759 25.
293 2704 713 2758 communicatio
744 2704 917 2756 civilis
942 2716 1065 2757 eum
1096 2702 1400 2755 infidelibus
1422 2716 1518 2768 pet·
1536 2716 1595 2756 se
1618 2714 1727 2755 non

233 2786 315 2833 est
344 2780 482 2831 mala
513 2792 613 2831 nec
654 2781 772 2844 jure
810 2779 995 2832 divino
1032 2777 1317 2842 prohibita.
1354 2778 1457 2830 nisi
1492 2777 1725 2843 quando,

232 2855 317 2907 vel
352 2856 667 2920 periculum,
702 2856 783 2906 vel
808 2852 1119 2907 scandalum
1148 2851 1358 2912 inserat,
1382 2866 1433 2904 n.
1470 2857 1515 2903 ⁴.

156 2936 251 2983 26.
288 2930 502 2982 Civilem
546 2929 1085 2981 communicationem
1126 2940 1251 2980 eum
1288 2926 1592 2980 infidelibus
1628 2938 1728 2993 po-

234 3015 333 3059 test
357 3006 586 3057 Ecclesia
618 3005 919 3071 probibere,
954 3003 1063 3056 ibid
1090 3042 1102 3067 ,
1131 3017 1183 3055 n.
1212 3010 1257 3056 5.

232 3082 343 3134 imo
374 3082 441 3135 de
464 3082 601 3133 sacto
625 3080 901 3147 prohibuit
926 3080 1339 3133 familiaritatem
1366 3092 1488 3131 eum
1513 3077 1725 3137 Judaeis.

234 3174 284 3212 n.
309 3165 358 3218 6,
384 3159 505 3211 vide
522 3173 735 3211 sunaus.

156 3239 247 3285 27.
286 3238 365 3286 An
400 3234 515 3286 haec
538 3232 829 3300 probibitio
871 3231 937 3285 ad
970 3243 1158 3284 omnes
1190 3230 1433 3283 infideles
1473 3228 1729 3283 extenda-

237 3318 340 3370 tur,
377 3322 431 3361 n.
456 3313 535 3367 1ο,
559 3308 680 3361 vide
704 3322 913 3369 ιιιιιυι,
944 3320 999 3359 ιι.
1022 3312 1085 3359 26
1112 3312 1165 3359 et
1185 3310 1244 3357 27

232 3391 285 3437 et
314 3384 497 3446 verbo,
526 3382 851 3445 Praedicatio,
874 3395 905 3435 a
928 3396 980 3435 n.
1008 3387 1053 3435 5.

834 3512 1065 3549 nimicus.

162 3614 217 3665 1.
254 3610 461 3665 inimici
506 3625 575 3664 an
603 3610 761 3663 amici
811 3610 1026 3663 dilectio
1056 3608 1225 3675 magis
1257 3608 1547 3670 meritoria,
1577 3614 1726 3661 tract.

232 3693 283 3745 3,
307 3686 445 3753 disp.
466 3691 516 3746 2,
540 3694 669 3739 sect.
694 3692 741 3745 3,
772 3700 805 3739 ιι
848 3690 895 3737 6.
1058 3698 1077 3712 ·

158 3768 215 3815 2.
255 3764 506 3817 inimicos
540 3778 651 3817 non
686 3764 866 3817 odisse
898 3775 963 3815 ex
997 3769 1263 3827 praecepto
1283 3760 1561 3815 eharitatis
1586 3760 1727 3815 obli-

230 3852 443 3905 gamur,
461 3847 613 3893 tract.
634 3845 681 3903 8,
712 3840 849 3905 disp.
882 3842 928 3899 ts,
952 3844 1079 3891 sect.
1107 3843 1158 3900 b,
1179 3850 1233 3888 n.
1260 3840 1307 3887 1.

230 3918 346 3968 imo
374 3921 429 3967 et
462 3916 583 3968 illos
615 3915 841 3981 positive
860 3912 1101 3980 diligere.
1126 3926 1179 3965 ιι.
1212 3916 1259 3965 8.

160 3994 215 4042 3,
252 3990 577 4055 Praeceptum
608 3991 675 4043 de
716 3988 987 4056 diligendo
1028 3987 1247 4041 inimico
1284 3992 1367 4039 est
1410 3984 1649 4039 divinum
1677 3992 1731 4038 et

230 4065 489 4127 naturale,
512 4078 567 4117 ιι.
592 4069 635 4117 4.

232 4144 403 4205 Atque
434 4141 679 4207 obligans
712 4140 766 4191 in
794 4138 910 4205 lege
932 4136 1118 4197 veteri,
1152 4150 1205 4189 n.
1239 4143 1285 4189 5.

164 4220 215 4267 4.
252 4216 491 4271 inimicis
512 4216 817 4269 desiderare
840 4215 1041 4267 malum
1058 4214 1285 4279 qualiter
1308 4212 1481 4270 liceat,
1508 4208 1723 4269 ibidem,

233 4304 288 4343 n.
325 4294 372 4343 2.

168 4374 219 4421 6.
254 4369 505 4421 inimicos
556 4366 781 4435 diligere
831 4371 1077 4419 tenemur
1121 4376 1216 4430 per
1256 4376 1315 4417 se
1364 4362 1634 4429 loquendo
1662 4373 1727 4415 eo

234 4450 473 4509 tempore
506 4450 559 4496 et
588 4442 767 4503 modo,
798 4456 903 4507 quo
930 4442 1065 4494 alios
1094 4452 1203 4493 non
1239 4438 1503 4493 inimicos.
1536 4450 1588 4489 n.
1615 4442 1660 4488 6.

168 4524 218 4573 6.
258 4520 533 4573 Inimicum
573 4532 605 4570 a
638 4516 1019 4571 communibus
1045 4514 1397 4573 orationibus,
1432 4512 1725 4573 beneficiis,

234 4592 533 4656 desideriis,
575 4592 799 4655 auxiliiS,
841 4601 931 4645 aut
958 4591 1343 4644 benevolentiae
1384 4588 1552 4655 signis
1584 4588 1727 4641 exci-

234 4682 381 4735 pere,
406 4677 489 4723 est
510 4677 779 4735 peccatum
804 4681 867 4720 ex
888 4680 1083 4733 genere
1112 4666 1352 4726 mortale,
1392 4679 1444 4719 n.
1473 4669 1519 4715 7.

168 4750 217 4797 7.
256 4744 537 4798 inimicum
566 4744 878 4810 simpliciter
910 4743 1143 4795 salutare
1176 4753 1287 4794 non
1328 4748 1605 4803 tenemur,
1648 4748 1728 4791 te·

236 4833 429 4873 nemur
451 4828 627 4872 autem
656 4819 965 4881 resalutare,
988 4830 1040 4868 ιι.
1073 4822 1119 4868 8.

168 4902 218 4951 8.
256 4896 479 4949 inimico
520 4894 767 4961 injuriam
791 4894 1060 4947 remittere
1098 4898 1286 4945 teneor
1315 4903 1408 4957 per
1434 4890 1728 4956 depositio-

236 4983 360 5025 nem
392 4970 659 5024 interioris
680 4968 806 5031 odii,
833 4983 887 5021 n.
912 4973 961 5019 9.

234 5048 315 5098 An
346 5046 505 5099 etiam
536 5058 631 5111 per
659 5051 930 5097 externam
962 5040 1463 5103 manifestationem,
1487 5040 1613 5093 ibid.

236 5124 317 5173 Αιι
352 5134 447 5187 per
468 5120 919 5175 condonationem
944 5118 1121 5172 omnis
1152 5115 1543 5175 satisfactionis,
1569 5128 1624 5166 n.
1648 5118 1727 5166 1ο.

828 5294 1081 5335 1111106818.

172 5431 223 5480 1.
261 5428 523 5480 Innocens
551 5430 605 5479 et
643 5435 844 5477 nocens
880 5424 937 5475 in
966 5421 1109 5477 bello
1137 5419 1277 5487 quis,
1312 5426 1462 5473 tract.
1504 5422 1551 5483 8,
1588 5417 1727 5483 disp.

240 5506 319 5564 13,
344 5508 469 5555 sect.
500 5506 546 5564 7,
573 5515 626 5554 ιι.
658 5504 717 5551 1ο
744 5504 795 5551 et
817 5502 893 5551 15.

174 5584 225 5633 2.
262 5580 467 5633 Damna
490 5574 863 5630 innocentibus
898 5574 1040 5627 illata
1082 5573 1139 5625 in
1176 5572 1317 5625 bello
1350 5570 1395 5625 si
1418 5570 1486 5624 ad
1512 5570 1729 5625 restitu-

3239 402 3354 463 787

1866 504 2069 557 tionem
2099 504 2396 573 sufficiant,
2437 518 2713 579 nequeunt
2756 512 2899 578 juste
2939 510 3008 563 ad
3047 510 3358 565 innocentes

1862 579 2094 642 extendi,
2117 594 2170 633 n.
2205 586 2282 635 11.

1863 654 2026 707 Secus
2049 657 2092 709 si
2124 668 2232 709 non
2261 658 2539 725 sufficiant,
2565 676 2619 715 n.
2641 666 2718 715 18.

1803 729 2381 859 a.·})ngocen.tes1;iutia
2409 740 2614 792 ratione
2649 744 2877 805 possunt
2921 752 3019 804 per
3060 752 3120 791 se
3167 738 3356 800 occidi,

1866 820 1881 857 ι
1926 820 1937 856 ι
1984 846 2018 867 .,
2045 820 2078 859 a
2107 821 2157 860 ιι.
2255 848 2268 861 .

1867 883 2092 967 Possunt
2123 896 2234 1010 υἷι-7
2246 884 2516 951 accidens,
2537 889 2582 942 si
2609 889 2677 942 stt
2711 889 3072 943 necessarium
3107 889 3176 943 ad
3197 890 3364 944 vieto-

1866 970 2021 1019 riam,
2044 971 2076 1010 a
2097 973 2148 1011 n.
2241 1002 2253 1014 .

1807 1036 1852 1084 4.
1890 1035 2233 1087 innocentem
2265 1037 2444 1090 nullus
2485 1044 2692 1092 tenetur
2737 1040 3024 1094 defendere
3068 1041 3364 1096 occidendo

1870 1116 2074 1174 patrem
2104 1124 2284 1175 suurn,
2305 1120 2454 1166 tract.
2477 1119 2524 1177 a,
2549 1114 2689 1180 disp.
2715 1121 2762 1177 9,
2788 1124 2918 1169 sect.
2944 1120 2991 1179 ⁴,
3025 1130 3076 1169 ιι.
3107 1120 3188 1169 18.

1865 1191 1947 1237 An
1976 1186 2272 1241 occidendo
2295 1189 2458 1243 alium
2489 1192 2814 1257 quempiam,
2841 1192 2973 1245 ibid.

2437 1321 2728 1367 montalto!-

1805 1420 1854 1467 1.
1890 1417 2241 1483 inquisitores
2269 1426 2476 1473 secreto
2513 1420 2702 1473 audire
2740 1428 2793 1473 et
2834 1422 3114 1476 absolvere
3142 1432 3368 1489 possunt

1868 1492 2148 1546 lioereticos
2185 1494 2442 1554 occultos,
2491 1502 2683 1561 sponte
2725 1496 2977 1551 delictum
3027 1500 3362 1563 contuentes,

1866 1574 2020 1621 tract.
2043 1573 2092 1629 1,
2115 1567 2254 1634 disp.
2287 1574 2370 1629 at,
2405 1578 2532 1623 sect.
2559 1574 2606 1632 ⁴,
2634 1584 2687 1624 ιι.
2725 1576 2802 1626 16.

1804 1646 1851 1693 a.
1888 1644 2002 1696 imo
2027 1650 2080 1696 et
2109 1652 2322 1709 recepta
2358 1645 2694 1710 abjuratione
2729 1655 2782 1700 et
2815 1650 3154 1702 convenienti
3193 1650 3366 1717 impo-

1866 1719 1968 1771 sita
1999 1718 2306 1783 poenitentia
2333 1732 2428 1773 eos
2465 1720 2534 1773 ad
2567 1721 2936 1775 confessorem
2979 1726 3271 1790 remittere,
3311 1733 3370 1779 ut

1868 1793 1937 1846 ab
1965 1807 2059 1847 eos
2088 1793 2451 1853 absolvantur,
2485 1796 2614 1849 ibid.

1804 1872 1853 1921 8.
1888 1869 2238 1933 inquisitores
2272 1878 2398 1923 tnnc
2421 1884 2532 1925 non
2557 1873 2842 1927 absolvunt
2879 1886 2975 1940 per
3012 1875 3169 1927 aliam
3203 1876 3369 1939 juris-

1868 1943 2156 1999 dictionem
2200 1947 2270 1998 ab
2305 1960 2370 2002 ea
2411 1961 2570 2013 quatu
2604 1948 2802 2002 babent
2837 1950 2892 2002 in
2923 1950 3040 2003 soro
3067 1955 3288 2005 externo
3317 1958 3372 2004 et

1864 2020 2122 2085 judiciali.
2149 2021 2298 2083 ibid..
2318 2027 2396 2075 17.

1806 2100 1854 2147 4.
1891 2095 1988 2147 illa
2013 2096 2278 2150 absolutio
2313 2099 2382 2150 ab
2427 2098 2840 2164 inquisitoribus
2867 2100 3002 2155 sacta
3035 2101 3176 2155 valet
3209 2101 3370 2154 etiam

1868 2184 1966 2237 pro
1989 2173 2104 2225 soro
2123 2184 2340 2227 externo
2361 2180 2410 2226 et
2429 2174 2687 2239 judiciali,
2711 2188 2764 2228 ιι.
2792 2179 2870 2228 18.

1808 2254 1853 2299 ti.
1892 2251 1949 2301 ln
1973 2248 2116 2299 dicta
2153 2249 2490 2303 consessione
2520 2252 2707 2302 saltem
2749 2264 2874 2303 eum
2904 2264 3026 2305 uno·
3050 2252 3370 2317 inquisitore

1867 2324 2057 2377 adesse
2079 2324 2240 2377 debet
2259 2325 2520 2385 notarius,
2549 2334 2604 2379 et
2631 2327 3002 2392 premittenda
3037 2334 3119 2381 est
3151 2327 3369 2395 abjura-

1872 2399 1943 2469 tio
1964 2400 2195 2463 Juridioe
2217 2406 2340 2453 ante
2361 2400 2772 2463 absolutionem,
2803 2402 3024 2455 ibidem.

1806 2480 1856 2527 6.
1893 2474 2116 2537 Quando
2147 2476 2262 2529 baec
2289 2476 2553 2529 confessio
2593 2489 2702 2530 non
2731 2488 2796 2529 ex
2830 2479 3014 2531 animo
3041 2478 3100 2531 nt
3127 2478 3363 2544 inquisi-

1872 2550 1994 2611 tori,
2021 2563 2194 2615 neque
2221 2551 2488 2605 absolutio
2519 2558 2602 2604 est
2627 2551 2821 2613 valida,
2855 2564 2954 2607 nec
2983 2561 3158 2606 cessat
3189 2566 3368 2607 reser-

1869 2627 2032 2683 vatio.
2061 2638 2112 2677 n.
2145 2630 2224 2678 18.

1871 2704 1921 2755 Si
1946 2712 2124 2755 tamen
2152 2710 2335 2768 postea
2357 2715 2420 2754 ex
2449 2702 2630 2755 animo
2665 2702 2873 2757 absolvi
2913 2704 3040 2756 velit
3071 2704 3362 2768 poenitenS,

1875 2779 2066 2844 poterit
2092 2777 2378 2843 inquisitor
2405 2777 2524 2830 sine
2545 2778 2738 2831 notarii
2767 2778 3050 2843 pmentia
3072 2778 3369 2833 ahsolutio-

1872 2866 1994 2905 nem
2020 2861 2224 2905 secreto
2250 2850 2455 2911 iterare,
2487 2851 2618 2904 ibid.

1808 2933 1855 2979 7.
1892 2928 1971 2979 Ad
1992 2928 2340 2993 inquisitores
2363 2927 2481 2979 libri
2508 2927 2875 2981 baeoeticorum
2919 2928 3192 2981 deserendi
3227 2937 3369 2993 sunt,

1872 3016 1984 3055 non
2015 3003 2229 3068 propria
2253 3003 2564 3057 auctoritate
2584 3002 2962 3067 comburendi,
3001 3011 3149 3057 tract.
3177 3008 3225 3065 1,
3255 3006 3370 3057 dis-

1876 3086 1986 3143 put.
2013 3082 2096 3140 20,
2119 3083 2248 3130 sect.
2279 3081 2328 3136 ἰ.
2357 3090 2410 3129 n.
2435 3080 2515 3131 2³.

1810 3159 1857 3207 8.
1895 3154 2244 3220 inquisitores
2264 3161 2536 3218 nequeunt
2556 3152 2684 3205 dare
2705 3154 2972 3207 licentiam
3001 3154 3069 3206 ad
3093 3155 3368 3222 legendos,

1874 3233 1956 3283 vei
1983 3229 2290 3283 retinendos
2323 3230 2693 3284 baereticorum
2721 3230 2888 3283 libros
2923 3231 2978 3283 in
3007 3230 3154 3285 Bulla
3196 3230 3372 3285 Goenae

1874 3311 2174 3359 contentos.

1872 3382 1988 3433 imo
2009 3392 2182 3445 neque
2210 3379 2312 3445 ipsi
2349 3392 2444 3433 eos
2478 3380 2674 3447 legere.
2696 3388 2792 3435 aut
2825 3382 3054 3436 retinere
3091 3382 3210 3435 sine
3238 3396 3368 3448 spe-

1872 3456 1993 3508 ciali
2023 3455 2288 3508 pontificis
2311 3454 2571 3518 facultate,
2606 3455 2754 3519 ibid„
2780 3470 2833 3509 n.
2853 3462 2913 3507 26
2933 3464 2986 3510 et
3009 3461 3088 3510 87.

1810 3535 1857 3582 9.
1895 3530 2242 3595 inquisitores
2281 3542 2562 3596 quousque
2602 3531 2892 3595 inquirere,
2937 3540 3027 3584 aut
3081 3532 3372 3596 procedere

1873 3614 2098 3671 possunt
2133 3612 2320 3659 contra
2361 3606 2656 3671 principem
2699 3606 3007 3659 saecularem
3030 3608 3362 3671 haereticum,

1872 3688 2023 3734 tract.
2055 3685 2103 3743 1,
2133 3680 2272 3745 disp.
2305 3684 2386 3742 at,
2423 3689 2554 3735 sect.
2584 3686 2640 3741 6,
2661 3694 2716 3733 ιι.
2741 3685 2822 3733 84.

1870 3763 1951 3809 An
1975 3766 2166 3811 contra
2184 3755 2503 3822 Episcopum
2537 3757 2864 3818 haereticum,
2892 3769 2946 3810 ιι.
2976 3758 3060 3808 ab.

1868 3840 1949 3887 An
1983 3842 2172 3887 contra
2194 3834 2448 3887 otiicialea
2474 3832 2760 3894 Poutiticis,
2787 3846 2842 3885 n.
2875 3836 2957 3884 2⁸.

1871 3915 1949 3962 Αιι
1975 3916 2162 3963 contra
2189 3909 2492 3975 religiosos,
2513 3922 2565 3961 n.
2591 3912 2670 3961 87.

2485 4039 2670 4077 ittvtnu
2677 4063 2689 4075 .

1809 4132 2017 4189 invidia
2045 4131 2192 4199 quid,
2212 4137 2363 4187 tract.
2387 4136 2436 4197 8,
2459 4131 2598 4196 disp.
2631 4136 2679 4195 6,
2704 4137 2832 4189 sect.
2857 4134 2904 4193 4,
2927 4144 2984 4185 ιι.
3007 4134 3054 4184 4.

1872 4211 1964 4261 Est
1995 4216 2272 4275 peecatum
2299 4221 2364 4261 ex
2389 4220 2585 4275 genere
2631 4208 2852 4260 mortale
2881 4214 2934 4261 et
2953 4206 3198 4273 capitale,
3231 4206 3363 4261 eba-

1872 4283 2014 4337 ritati
2043 4284 2389 4347 contrarium,
2417 4298 2474 4335 n.
2499 4288 2546 4345 8,

1868 4360 1984 4415 Non
2005 4360 2166 4417 unius
2197 4360 2396 4425 speciei
2425 4358 2640 4420 intimae.
2669 4358 2802 4415 ibid.

2393 4488 2788 4527 mamistanus,

1808 4584 2191 4652 irregularitas,
2218 4581 2340 4637 vide
2371 4598 2517 4635 ml
2556 4592 2932 4644 umrieoauu,
2961 4594 3018 4635 n.
3049 4585 3130 4644 11,
3163 4588 3216 4634 et
3249 4594 3364 4633 nm

1875 4672 2247 4719 ιιιιιιιτιοοιιιιι,
2275 4672 2330 4711 ιι.
2367 4662 2394 4709 7
2417 4666 2470 4711 et
2485 4662 2536 4715 8.

2568 4821 2608 4896 J

2454 5014 2555 5053 'UH
2561 5014 2720 5054 amnt.

1812 5122 1859 5169 1.
1898 5116 2100 5169 Virtute
2116 5113 2318 5181 jubilaei
2341 5126 2500 5179 posse
2525 5112 2836 5179 quempiam
2858 5110 3062 5167 absolvi
3085 5112 3154 5167 ab
3189 5112 3362 5165 bore-

1874 5191 1951 5243 sis
1978 5190 2206 5243 crimine
2225 5188 2436 5243 occulto
2465 5202 2560 5255 per
2581 5188 2830 5243 accidens
2849 5189 3002 5243 multi
3021 5188 3368 5254 probabiliter

1877 5265 2159 5325 affirmant,
2197 5272 2328 5320 tract
2368 5267 2415 5325 1,
2445 5264 2582 5329 disp.
2617 5268 2698 5325 21,
2729 5272 2842 5317 sect
2885 5266 2932 5328 ⁴,
2959 5278 3012 5316 n.
3035 5268 3115 5315 2⁰.

1877 5340 2062 5395 Verior
2079 5341 2342 5393 sententia
2363 5346 2536 5405 negat,
2572 5352 2627 5392 n.
2657 5343 2738 5396 81.

1813 5420 1859 5467 2.
1899 5416 2098 5467 virtute
2117 5414 2319 5480 jubttoei
2346 5420 2515 5479 potest
2537 5415 2657 5479 quis
2679 5414 2881 5467 absolvi
2904 5413 2974 5466 ab
2997 5413 3366 5467 excommnni-

1874 5490 2084 5544 catione
2105 5490 2208 5541 lata
2229 5490 2282 5541 in
2305 5490 2538 5544 fautores
2563 5490 2954 5550 boereticorum,
2980 5497 3128 5542 tract.
3153 5494 3200 5552 1,
3221 5490 3362 5555 disp.

1872 5570 1955 5633 2⁴,
1979 5571 2107 5620 sect.
2133 5569 2180 5631 t,
2206 5578 2261 5617 ιι.
2287 5570 2366 5617 11.
