3900 6217
1082 763 1666 944 INDEX
1773 765 2458 944 RERUM

862 1098 1063 1171 011AE
1116 1100 1210 1161 IN
1270 1100 1441 1163 Hoc
1496 1100 1949 1164 VOLUMINE
2015 1100 2662 1164 CONTINENTUR.

1660 1360 1865 1383 ¹¹¹³*-

862 1533 1031 1571 Ama.

157 1608 418 1670 Abbates.
442 1620 513 1659 an
526 1607 715 1659 saltem
746 1618 811 1659 cx
830 1606 1217 1659 consuetudine
1234 1614 1289 1659 et
1307 1608 1575 1661 pontificis
1594 1620 1728 1662 con-

226 1686 475 1737 cessione
518 1683 630 1734 sini
660 1682 727 1733 ad
760 1682 1053 1734 Concilium
1084 1684 1335 1750 generale
1378 1684 1727 1749 convocandi,

230 1767 381 1812 tract.
415 1763 463 1822 1,
490 1758 687 1824 disput.
718 1762 796 1820 11,
821 1759 1043 1810 section.
1071 1762 1118 1819 1,
1149 1770 1297 1810 num.
1327 1762 1404 1811 13.

823 1884 1069 1923 numu.

156 1975 285 2027 Non
305 1971 555 2039 cognovit
575 1971 867 2031 evidenter.
902 1974 999 2025 sed
1026 1986 1119 2037 per
1144 1973 1315 2025 solam
1348 1972 1525 2033 iidem.
1564 1975 1727 2027 Deum

228 2062 353 2101 csse
404 2047 497 2112 qui
537 2048 949 2101 sacrificandum
979 2048 1147 2101 filium
1183 2049 1453 2114 praecepit,
1494 2056 1641 2103 tract.
1676 2056 1723 2112 1,

224 2126 366 2191 disp.
414 2129 461 2187 3,
484 2132 612 2176 sect.
638 2128 685 2185 8,
714 2137 862 2187 num,
888 2128 965 2176 11.

809 2254 928 2293 Auso
934 2254 1091 2293 Lutto.

160 2356 243 2407 De
262 2352 596 2407 absolutione
634 2353 705 2407 ab
734 2354 919 2409 liaeresi
951 2361 1006 2407 et
1025 2336 1589 2418 excommunicatione,
1608 2354 1729 2409 vide

228 2444 462 2491 naama,
482 2436 535 2481 et
560 2442 1002 2482 neon-umento.

844 2558 1057 2597 Accion.

158 2656 211 2704 1.
256 2652 472 2705 accidia
495 2652 657 2719 quid,
685 2658 829 2706 tract.
857 2658 903 2713 3,
927 2654 1063 2721 disp.
1101 2659 1149 2715 6,
1177 2661 1304 2706 sect.
1332 2658 1381 2718 3,
1408 2667 1555 2706 num.
1580 2657 1627 2707 1.

230 2731 319 2781 Est
349 2737 621 2792 peccatum
643 2738 830 2781 contra
855 2730 1189 2791 charitatem,
1218 2728 1348 2780 ibid.

230 2806 321 2857 Est
339 2805 545 2857 tristitia
564 2805 631 2857 de
660 2806 801 2859 bono
822 2807 911 2859 Dei
944 2806 1258 2869 extrinseco,
1286 2813 1341 2859 ut
1363 2818 1395 2858 a
1416 2804 1571 2859 nobis
1594 2817 1731 2871 prae-

233 2882 449 2939 stando.
478 2894 623 2931 num.
662 2885 709 2931 2.

169 2961 222 3006 Β.
260 2958 474 3008 accidia
502 2957 751 3021 specialis
782 2963 952 3023 potest
972 2958 1129 3009 etiam
1162 2956 1361 3011 versari
1390 2956 1533 3010 circa
1556 2956 1732 3022 proxi-

234 3046 401 3091 nium.
434 3044 581 3084 num.
606 3036 654 3083 3.

232 3110 323 3159 Est
356 3120 633 3172 peccatum
666 3120 731 3159 ex
760 3120 859 3161 suo
888 3120 1085 3175 genere
1116 3108 1358 3171 mortale,
1390 3114 1511 3174 post
1549 3106 1732 3161 odium

234 3182 343 3245 Dei,
368 3182 677 3246 maximum,
712 3196 863 3237 num.
898 3187 944 3235 ⁴.

172 3258 477 3384 3.ὓ.;ιίιὲοἰᾱίιι
504 3258 649 3311 circa
674 3264 871 3311 statum
906 3258 1267 3323 perfectionis,
1292 3272 1361 3311 an
1396 3267 1464 3311 sit
1485 3258 1731 3320 mortale,

164 3414 217 3460 ⁴.
255 3410 472 3462 accidia
500 3408 639 3482 inter
660 3418 867 3473 septem
890 3410 1139 3475 capitalia
1158 3410 1287 3463 vitia
1318 3410 1509 3463 merito
1538 3422 1731 3462 nnme-

236 3494 399 3547 ratur,
431 3498 561 3537 nutu
616 3489 645 3535 3

867 3594 1037 3634 ACTUS.

112 3765 137 3783 ‚
172 3718 223 3764 1.
257 3718 417 3767 Actus
440 3726 647 3775 omnes»,
675 3710 1089 3764 tamintellcetus
1105 3723 1265 3777 quam
1287 3712 1591 3769 voluntatis.
1614 3714 1729 3766 uui·

236 3804 359 3843 cum
378 3790 574 3843 babent
597 3796 892 3853 respectum
923 3789 992 3839 ad
1014 3790 1277 3852 objectum
1303 3789 1523 3841 formale
1540 3797 1593 3841 et
1614 3802 1731 3841 ma-

238 3870 439 3929 teriate,
471 3875 619 3918 tract.
644 3870 691 3925 1,
717 3864 853 3930 disp.
887 3869 935 3925 6,
962 3874 1091 3917 sect.
1115 3869 1163 3927 1,
1194 3878 1346 3918 num.
1382 3870 1411 3915 6

172 3948 225 3993 2.
261 3948 421 3995 Actus
453 3941 646 3993 interni
676 3941 951 4006 quomodo
969 3942 1161 3993 cadere
1182 3942 1385 4006 possint
1420 3943 1525 3996 sub
1546 3943 1729 3995 Eccle-

238 4024 331 4071 siae
365 4026 703 4085 praeceptum,
743 4026 891 4070 tract.
925 4023 970 4080 1,
1006 4019 1145 4085 disp.
1168 4024 1216 4081 3,
1245 4030 1373 4072 sect.
1405 4026 1450 4083 ⁴,
1475 4034 1624 4073 num.
1649 4024 1726 4072 14.

181 4098 230 4145 3.
266 4101 424 4145 Actus
448 4094 588 4157 fidei,
616 4092 737 4145 vide
761 4108 890 4144 einai
914 4107 1089 4147 Actus.

182 4174 231 4221 ⁴.
267 4176 429 4223 Actus
460 4182 593 4232 spei,
632 4169 752 4221 vide
779 4183 909 4222 sats.

175 4252 223 4297 5.
258 4250 420 4299 Actus
440 4244 739 4309 charitatiS,
764 4246 885 4299 vide
906 4260 1196 4299 cassin-ris
1221 4262 1392 4301 acron.

871 4378 1023 4416 ΑΒΔ..

177 4481 224 4530 1.
263 4478 318 4529 ln
335 4478 541 4532 Adamo
562 4478 755 4543 incepit
775 4477 1007 4531 Ecclesia
1028 4477 1268 4544 produci,
1290 4483 1441 4531 tract.
1458 4482 1505 4535 1,
1522 4477 1661 4543 disp.
1685 4482 1733 4529 3.

240 4561 368 4605 sect.
393 4558 439 4618 2,
466 4568 611 4607 num.
641 4559 685 4607 3.
1186 4566 1211 4593 ·

174 4636 225 4681 2.
262 4630 497 4684 Adamus
517 4644 791 4697 nunquam
816 4631 973 4684 tidem
994 4632 1190 4694 amisit,
1215 4631 1344 4684 ibid.

817 4762 1093 4800 suumne.

178 4860 201 4906 1
266 4856 379 4909 Non
415 4862 495 4908 est
532 4856 816 4909 intrinsece
846 4857 1002 4919 mala,
1035 4862 1185 4909 tract.
1208 4860 1254 4920 3,
1285 4853 1423 4921 disp.
1448 4860 1497 4916 6.
1525 4861 1653 4907 sect.
1688 4855 1734 4916 ⁴,

242 4946 392 4985 num.
418 4936 463 4984 1.

178 5012 225 5058 2.
244 5084 254 5093 ι
262 5008 547 5135 1ἓῐζὶίιιιιιιιιιιίο
576 5007 629 5059 in
660 5006 818 5060 bonis
840 5006 1207 5073 spiritualibus
1230 5014 1403 5073 potest
1434 5019 1555 5059 esse
1575 5005 1737 5067 bona,

301 5096 315 5134 ι
360 5121 373 5136 .

242 5096 479 5213 {affectus
513 5158 653 5224 fidei,
682 5160 803 5215 vide
832 5175 1082 5214 vomitus
1113 5174 1371 5212 canotum.

826 5292 904 5329 Ab!
911 5291 1103 5329 muto.

178 5384 427 5436 Alienare
464 5383 607 5437 bona
647 5396 745 5437 sua
768 5384 945 5437 valide
980 5392 1035 5438 et
1074 5385 1230 5444 licite,
1265 5397 1333 5436 an
1370 5390 1539 5449 possit
1570 5382 1740 5435 baerc-

246 5460 385 5512 ticus
425 5467 549 5513 ante
596 5462 915 5514 sententiam
956 5461 1381 5522 declaratorlam,
1420 5461 1541 5514 vide
1574 5458 1741 5513 verbo

246 5549 371 5587 BONA
378 5576 388 5586 .

2367 1538 2566 1583 ΔΙΙΕΠΒ,
2589 1536 2802 1577 multu
2811 1566 2824 1578 .

1809 1615 1855 1664 1.
1891 1610 2057 1661 Amici
2083 1621 2150 1661 an
2175 1609 2376 1663 inimici
2399 1610 2612 1665 dilectio
2637 1613 2805 1681 magis
2827 1614 3116 1679 meritoria,
3143 1623 3289 1670 tract.
3315 1622 3363 1683 3,

1872 1686 1977 1737 dis.
2010 1690 2056 1745 2,
2085 1694 2211 1737 secl.
2240 1692 2286 1747 3,
2311 1694 2458 1751 num,
2489 1694 2537 1740 6.

1811 1764 1861 1812 Ξ.
1894 1762 1994 1813 l‘ro
2034 1762 2206 1814 amico
2233 1764 2368 1816 mori
2404 1776 2473 1815 an
2521 1764 2693 1828 liceat,
2735 1765 2856 1820 vide
2893 1782 3178 1822 collaturis
3218 1782 3367 1836 onno,

1874 1850 2022 1889 num.
2055 1842 2132 1889 10.

1809 1915 1855 1962 3.
1892 1912 2138 2037 Amicitia
2188 1914 2504 1980 quotuplex,
2544 1921 2692 1969 tract.
2739 1920 2794 1980 3,
2835 1918 2974 1983 disp.
3019 1924 3074 1979 3,
3127 1930 3256 1974 sect.
3309 1927 3368 1985 2,

1870 2000 2020 2039 num.
2081 2026 2092 2039 .

1870 2063 2054 2114 Divina
2081 2062 2149 2114 ab
2184 2063 2419 2117 humana
2444 2064 2497 2117 in
2527 2078 2634 2131 quo
2655 2066 2882 2129 differat,
2915 2076 3063 2123 tract.
3093 2074 3137 2134 3,
3170 2069 3365 2139 disput.

1869 2143 1915 2200 1,
1940 2145 2069 2191 sect.
2097 2145 2142 2197 1,
2168 2152 2316 2191 nuni.
2339 2144 2385 2190 ⁴.

1808 2217 1852 2265 4.
1891 2214 2135 2267 Amicitia
2185 2216 2322 2267 inter
2362 2218 2532 2281 justos
2575 2224 2628 2269 ct
2673 2219 2840 2270 Deum
2887 2232 3016 2272 vcra
3055 2220 3364 2287 intercedit,

1872 2296 2022 2342 tract.
2049 2295 2095 2351 3,
2129 2290 2266 2356 disp.
2291 2296 2342 2354 3,
2363 2300 2476 2344 sect
2520 2297 2569 2349 2.
2595 2306 2626 2345 a
2649 2306 2794 2345 num.
2822 2300 2871 2347 2.

1811 2370 1856 2417 3.
1892 2365 2136 2416 Amicitia
2161 2366 2465 2418 hominisad
2492 2369 2662 2420 Deum
2684 2377 2765 2421 cst
2794 2368 2908 2436 ipsa
2932 2370 3181 2433 charita5‚
3210 2374 3363 2437 ibid..

1874 2451 2021 2493 num.
2046 2448 2090 2493 5.

1807 2520 1853 2566 6.
1891 2516 2134 2568 Amicitia
2165 2517 2424 2581 acquisita
2458 2518 2692 2570 hominis
2712 2520 2780 2571 ad
2807 2520 2969 2573 Deum
3003 2530 3059 2574 ιιι
3093 2530 3366 2577 auctorem

1870 2599 2089 2652 natum,
2115 2605 2212 2645 nec
2235 2593 2303 2645 dc
2323 2593 2459 2646 sacto
2478 2594 2650 2651 datur.
2675 2608 2775 2647 nec
2805 2596 2858 2647 in
2881 2604 3018 2649 statu
3051 2610 3198 2663 purae
3215 2608 3365 2653 natu·

1870 2680 1943 2720 rae
1962 2668 2197 2728 daretur,
2221 2668 2358 2732 disp.
2384 2674 2431 2730 3,
2457 2678 2584 2721 sect.
2611 2675 2658 2728 5,
2697 2684 2844 2723 num.
2870 2675 2917 2722 ⁴.

1814 2746 1859 2794 7.
1898 2744 2144 2794 Amicitia
2169 2744 2401 2795 bumana
2423 2754 2504 2796 est
2553 2746 2720 2798 virtus
2758 2748 3004 2813 specialis
3045 2748 3184 2802 inter
3211 2760 3372 2805 caete-

1879 2832 1964 2871 ras
1993 2821 2221 2871 morales
2242 2822 2546 2885 acquisitas,
2567 2829 2696 2874 sect.
2720 2828 2768 2883 2,
2798 2838 2942 2875 ηιιιιι.
2969 2830 3014 2877 2.

1874 2896 1987 2946 Non
2007 2900 2188 2947 tamen
2214 2896 2460 2948 distincta
2487 2898 2559 2948 ab
2580 2910 2640 2949 ca
2667 2911 2761 2963 per
2787 2910 2944 2962 quam
2974 2902 3199 2953 honeste
3220 2914 3374 2954 ama-

1876 2977 1962 3022 tur
1991 2972 2260 3035 proximus
2283 2984 2466 3024 amore
2495 2974 2741 3034 naturali,
2767 2974 2916 3036 ibid.,
2943 2988 3090 3028 num.
3126 2982 3171 3029 5.

2408 3102 2558 3151 Αιοιι,
2594 3103 2777 3141 sirint.

1816 3185 1862 3230 1.
1899 3185 2062 3235 Amor
2095 3180 2183 3233 Dei
2216 3183 2634 3247 supernaturalis
2662 3191 2714 3237 et
2741 3185 2999 3237 naturalis
3029 3198 3136 3240 non
3169 3201 3372 3256 negan-

1876 3256 2000 3316 dus,
2024 3264 2170 3309 tract.
2197 3261 2244 3312 3.
2278 3258 2416 3323 disp.
2445 3263 2491 3319 1,
2513 3268 2642 3311 sect.
2669 3265 2717 3319 2,
2750 3274 2897 3313 uum.
2933 3265 2980 3314 4.

1814 3335 1863 3383 2.
1900 3332 2193 3385 amabilius
2219 3333 2327 3386 alio
2373 3342 2546 3399 potest
2573 3335 2850 3400 tripliciter
2888 3337 3166 3402 quidpiam
3205 3352 3362 3393 csse:

1878 3406 2156 3471 objective,
2184 3410 2548 3473 apprensum,
2585 3409 2866 3473 intensive,
2902 3412 3040 3478 disp.
3081 3418 3134 3476 1,
3157 3422 3286 3467 sect.
3319 3420 3368 3479 ⁴,

1874 3495 1907 3534 a
1928 3497 2076 3536 num.
2103 3488 2150 3536 1.

1812 3563 1859 3611 3.
1896 3563 2062 3612 Amor
2105 3559 2487 3627 appretiativus
2520 3561 2792 3628 quomo&
2823 3562 3183 3631 dignoscatur.
3221 3567 3370 3633 ibid„

1876 3648 2026 3688 num.
2048 3639 2095 3687 ⁴.

1816 3715 1862 3761 4.
1898 3715 2026 3763 fisse
2052 3711 2283 3764 amabile
2307 3712 2560 3778 primario
2579 3716 2850 3767 confertur
2869 3728 2903 3767 a
2929 3718 3117 3782 gratia,
3136 3730 3174 3769 a
3193 3719 3374 3771 cbari-

1872 3793 1978 3839 tate
1997 3788 2326 3850 secundnm,
2351 3795 2501 3841 tract.
2533 3794 2582 3852 3,
2611 3790 2747 3855 disp.
2771 3795 2819 3851 2.
2843 3799 2970 3844 sect.
3007 3796 3053 3854 1,
3087 3806 3234 3847 num.
3258 3798 3306 3847 2.

1808 3867 1856 3915 ὅ.
1888 3868 2051 3915 Amor
2077 3865 2160 3916 uei
2191 3872 2242 3915 et
2273 3866 2495 3929 ploximi
2527 3878 2596 3917 an
2627 3866 2918 3931 procedant
2945 3868 3015 3918 ab
3051 3869 3242 3923 eodeni
3275 3872 3376 3923 ba-

1870 3938 1984 3990 bitu
2013 3940 2305 3999 charitatis,
2331 3939 2469 4006 disp.
2492 3944 2542 4000 1,
2567 3949 2694 3993 sect.
2729 3947 2774 4002 3,
2801 3955 2834 3995 a
2859 3956 3010 3995 num.
3043 3949 3089 3995 5.

1871 4019 1951 4064 An
1993 4013 2100 4065 sint
2141 4022 2290 4066 actus
2315 4015 2554 4076 eiusdem
2582 4017 2797 4081 speciei,
2849 4018 2932 4069 vel
2976 4030 3096 4070 csse
3149 4018 3373 4083 possint,

1873 4089 2012 4154 disp.
2039 4093 2086 4149 2,
2111 4096 2240 4142 sect.
2268 4094 2316 4153 Ξ,
2339 4103 2485 4142 num.
2521 4094 2567 4152 7,
2595 4092 2720 4144 vide
2743 4106 2996 4155 cuatus,
3018 4104 3066 4145 et
3091 4108 3346 4149 nonnus.

1812 4168 1842 4214 6
1900 4166 1999 4217 Per
2023 4174 2171 4217 actus
2207 4167 2408 4217 amoris
2445 4166 2534 4217 Dei
2571 4168 2806 4219 auctoris
2849 4176 3050 4220 naturae
3085 4171 3378 4234 acquiritur

1877 4240 2092 4293 habitus
2125 4241 2399 4304 naturalis,
2424 4250 2572 4293 tract.
2600 4247 2650 4303 3,
2679 4243 2802 4309 disp
2845 4248 2891 4305 3,
2916 4250 3044 4296 sect.
3075 4250 3125 4305 ὅ,
3151 4258 3299 4297 num.
3327 4253 3372 4297 1.

1874 4323 1955 4368 An
1979 4316 2046 4368 sit
2071 4318 2157 4369 ille
2185 4316 2394 4369 babitus
2417 4317 2648 4381 virtutis,
2667 4325 2718 4370 ct
2741 4330 2904 4383 quam
2934 4319 3194 4384 perfectae,
3223 4320 3373 4383 ibid..

1880 4406 2029 4444 num.
2057 4398 2104 4445 2.

1817 4472 1864 4520 7.
1903 4470 1997 4522 illo
2025 4469 2214 4522 codem
2245 4470 2532 4532 habituqui
2562 4474 2806 4534 respectu
2837 4468 2928 4521 Dei
2948 4482 3057 4521 una
3079 4472 3246 4522 virtus
3271 4478 3372 4534 est,

1881 4552 2055 4609 potest
2117 4557 2282 4598 amari
2347 4547 2620 4610 proximus
2673 4552 2890 4611 propter
2943 4548 3109 4598 Deum
3133 4585 3146 4609 ‚
3194 4546 3322 4599 ibid.
3357 4586 3377 4611 ,

1878 4632 2025 4672 num.
2051 4625 2098 4672 3.

1847 4736 1859 4748 .
1896 4698 1994 4749 Per
2035 4706 2184 4749 actus
2227 4696 2494 4749 naturales
2537 4698 2740 4749 amoris
2783 4696 2993 4750 honesti
3029 4708 3157 4763 erga
3197 4698 3376 4763 proxi-

1881 4784 2048 4834 mum,
2076 4773 2364 4837 acquiritur
2386 4772 2602 4825 babitus
2627 4772 2908 4837 cujusdam
2938 4772 3148 4825 virtutis
3167 4782 3379 4825 natura-

1880 4848 1964 4911 lis,
1991 4848 2141 4910 ibid„
2174 4862 2320 4901 num.
2348 4854 2393 4901 5.

1878 4926 1972 4975 Est
1995 4924 2276 4976 distinctus
2299 4925 2367 4976 ab
2391 4924 2575 4976 babitu
2611 4923 2814 4976 amoris
2846 4924 2951 4989 uei,
2983 4931 3040 4977 ut
3076 4930 3264 4977 auctor
3296 4932 3379 4977 est

1884 5008 2104 5065 naturae,
2127 5000 2342 5053 ibidem.

1821 5079 1869 5127 9.
1904 5079 2099 5129 Amore
2122 5076 2344 5129 natur-aii
2366 5082 2614 5128 amantur
2634 5088 2822 5129 omnes
2840 5073 3086 5127 nomines
3109 5088 3202 5139 pcr
3218 5086 3376 5127 cum-

1882 5152 2006 5203 dem
2041 5153 2276 5205 habitum
2311 5152 2625 5212 naturalem,
2663 5160 2810 5203 tract.
2836 5155 2884 5213 3,
2915 5150 3055 5216 disp.
3079 5155 3130 5212 3,
3157 5158 3286 5204 sect.
3325 5154 3374 5213 3,

1885 5239 2034 5278 num.
2071 5231 2119 5279 ⁴.

1821 5306 1899 5354 1ο.
1934 5306 2098 5354 Amor
2129 5302 2215 5354 Dei
2240 5315 2405 5368 super
2435 5302 2634 5363 omnia,
2668 5300 2722 5352 in
2751 5313 2860 5365 quo
2899 5302 3159 5353 consistat
3184 5340 3196 5363 ,
3223 5308 3376 5355 tract.

1884 5384 1932 5441 3,
1977 5378 2114 5443 disp.
2142 5382 2192 5442 1,
2211 5386 2337 5431 sect.
2365 5382 2387 5428 ⁴
2423 5391 2456 5431 a
2488 5391 2638 5431 num.
2662 5379 2739 5441 103
2779 5384 2833 5428 et
2859 5374 2996 5441 disp.
3022 5382 3068 5442 3,
3092 5384 3222 5430 sect.
3252 5382 3302 5440 8,
3324 5389 3376 5441 a,

1884 5468 2034 5507 num.
2059 5459 2106 5505 1.

1888 5533 1911 5578 t
1929 5530 2015 5581 ide
2038 5543 2292 5581 cunii-its.
