3900 6217
568 316 646 373 70

606 422 706 482 21.
741 420 832 482 De
851 415 994 483 aliis
1011 420 1255 501 proposi
1259 417 1512 481 tionibus
1535 417 1973 481 damnabilibus
2000 434 2089 479 re-

524 512 1132 577 missiva—Observa
1139 512 1218 575 tio
1234 512 1434 592 prima
1449 514 1611 575 circa
1624 531 1814 595 supra
1827 512 2010 575 diota.
2060 544 2091 557 -

533 606 880 671 Obsertatio
893 609 1172 671 seomoeda.
1189 614 1484 685 -Atque
1507 606 1585 667 ad
1609 608 1721 667 hos
1754 607 1982 686 gradus
1997 625 2088 669 re-

527 702 844 763 ducuntur
857 699 990 773 alii,
1015 707 1086 759 ut
1099 702 1166 763 de
1180 699 1578 781 propositione
1591 702 1902 773 seditiosa,
1923 701 2089 779 inju-

529 796 720 869 riom,
738 794 954 875 impia,
975 794 1065 856 vol
1091 794 1453 873 blasphema,
1478 794 1553 855 de
1573 795 1794 874 quihus
1813 801 2093 857 auctores

531 888 698 949 citati
729 886 923 947 videri
947 894 1218 964 possunt,
1245 888 1584 967 praesertim
1603 887 1906 962 Corduba,
1927 887 2093 947 dicta

532 1000 594 1061 q.
623 983 718 1043 17.
751 981 964 1041 Solum
992 980 1146 1043 mihi
1173 989 1502 1060 supersunt
1531 982 1654 1042 duo
1672 981 2087 1042 advertenda:

533 1092 732 1135 unum
757 1080 870 1147 est,
900 1073 1260 1152 hujusmodi
1294 1094 1580 1137 censuras
1613 1093 1738 1137 non
1767 1074 1967 1135 solum
1996 1093 2094 1135 ca-

533 1168 677 1229 dere
699 1185 868 1247 posse
895 1169 1070 1246 quasi
1100 1166 1324 1228 directe
1373 1169 1438 1229 in
1469 1168 1910 1249 propositiones
1951 1168 2096 1229 sim-

533 1260 746 1341 pliccS,
809 1260 914 1323 sed
979 1262 1166 1321 etiam
1233 1260 1458 1323 reflexa
1523 1261 1592 1321 in
1646 1261 2095 1341 propositiones

536 1356 710 1434 quasi
752 1354 1060 1417 modales:
1107 1356 1256 1435 quia
1291 1356 1450 1418 sicut
1479 1362 1680 1435 potest
1717 1374 1869 1430 esse,
1919 1354 2095 1415 verbi

534 1450 757 1529 gratia,
777 1449 1487 1527 temerarium,·aliquam
1511 1448 1854 1527 simplicem
1877 1464 2095 1528 propo-

537 1543 826 1603 sitionem
855 1559 1144 1609 asserere.
1186 1541 1274 1603 ita
1305 1542 1425 1603 erit
1453 1541 1854 1603 temerarium
1879 1559 2095 1601 censu-

537 1654 669 1697 ram
700 1636 1064 1697 temeritatis
1087 1635 1359 1696 tiibuere
1393 1635 1526 1696 sine
1566 1634 1999 1707 fundamenta,
2034 1639 2099 1696 et

537 1729 786 1809 quando
814 1728 1148 1809 propositio
1195 1728 1366 1790 illam
1395 1748 1522 1789 non
1551 1734 1860 1803 meretur3
1901 1728 2099 1789 idem-

537 1842 656 1903 que
685 1822 1014 1883 dicendum
1043 1822 1119 1881 de
1170 1821 1404 1883 caeteris
1449 1821 1724 1881 censuris
1769 1838 1914 1881 cum
1959 1839 2099 1899 pro-

423 1927 428 1937 ·
541 1916 842 1997 portione.
886 1916 962 1975 Et
1011 1915 1170 1975 ratio
1222 1921 1314 1975 est
1343 1915 1694 1988 manifesta,
1725 1915 1874 1993 quia
1909 1915 2097 1977 etiam

541 2008 873 2087 propositio
909 2007 1012 2069 illa
1041 2007 1304 2067 modalis
1346 2006 1536 2069 habet
1569 2026 1745 2069 suam
1782 2008 2099 2087 propriam

539 2102 861 2164 veritatem
901 2099 997 2161 vel
1039 2100 1396 2174 falsitatem,
1449 2101 1862 2179 pertinentem
1893 2100 1973 2161 ad
2008 2120 2101 2161 sa-

540 2212 710 2257 cram
751 2200 812 2255 et
847 2193 1282 2271 Theologicam
1323 2194 1666 2255 doctrinam
1677 2211 1698 2272 3
1759 2201 1820 2255 et
1851 2194 1991 2257 ideo
2036 2195 2103 2255 in

543 2288 900 2363 assentione,
947 2287 1042 2347 vel
1081 2287 1494 2356 attributione
1515 2288 1654 2349 talis
1691 2306 1967 2349 censum
1994 2307 2103 2367 po·

548 2388 660 2443 test
687 2398 816 2441 esse
835 2399 961 2441 non
995 2380 1202 2441 minor
1229 2399 1508 2441 excessus
1533 2399 1721 2460 quam
1752 2382 1820 2441 in
1837 2381 2103 2461 simplici

543 2473 1000 2555 propositione3
1054 2473 1183 2533 imo
1219 2474 1373 2539 tales
1415 2493 1688 2535 censuras
1715 2475 1847 2536 sine
1875 2476 2101 2537 discre-

543 2569 711 2629 tione
768 2564 1024 2645 prolatae
1072 2565 1433 2627 scandalum
1484 2574 1806 2646 generant,
1843 2574 1904 2628 et
1932 2568 2101 2646 inju-

541 2660 718 2719 riosae
747 2664 914 2733 suut,
945 2658 1092 2736 quia
1120 2664 1181 2719 et
1221 2658 1541 2719 infamiam
1586 2660 1870 2734 inurunt,
1908 2668 1971 2722 et
2007 2661 2104 2721 in·-

543 2752 787 2813 terdum
833 2750 1138 2811 inducunt
1177 2750 1301 2811 alia
1349 2752 1748 2813 incommoda
1805 2759 1868 2813 et
1916 2753 2105 2815 detri-

543 2851 778 2919 menta,
812 2858 874 2905 et
916 2844 1056 2905 ideo
1084 2842 1352 2921 prudens
1385 2844 1733 2924 Theologus
1756 2864 1824 2907 ac
1852 2847 2106 2908 timora-

547 2947 648 2999 tus
708 2936 1181 3017 diligentissime
1225 2936 1549 2999 observare
1604 2937 1822 3013 debet,
1871 2946 1941 2999 ut
1994 2940 2106 3001 has

545 3049 834 3093 censuras
857 3030 990 3091 sine
1014 3048 1244 3107 magno
1254 3030 1484 3109 judicio
1505 3050 1630 3091 non
1651 3030 1895 3093 efficiat.
1923 3032 2109 3095 Aliud

546 3125 997 3187 observandum
1019 3137 1128 3199 est,
1155 3124 1438 3203 quamvis
1467 3125 1554 3187 illi
1585 3126 1810 3203 gradus
1839 3128 2111 3206 proposi-

546 3219 788 3279 tionum
815 3216 1159 3282 formaliter
1187 3217 1672 3295 distinguantur,
1711 3225 1778 3279 ut
1815 3220 2111 3298 explicui·

548 3330 710 3388 mus,
769 3309 1175 3373 nihilominus
1224 3310 1430 3391 plures
1481 3310 1733 3372 illorum
1789 3330 1963 3391 posse
1998 3314 2111 3375 ali-

548 3406 797 3487 quando
835 3406 903 3466 in
931 3404 1213 3471 eamdem
1239 3405 1716 3485 propositionem
1755 3406 2107 3483 convenire,

551 3500 714 3563 utin
758 3500 921 3559 dicto
951 3498 1224 3561 Concilio
1253 3498 1465 3573 Basil„
1505 3517 1652 3561 sess,
1687 3501 1790 3575 22,
1821 3500 1928 3561 illa
1973 3518 2112 3581 pro-

551 3595 804 3677 positio:
859 3590 1136 3659 christus
1183 3592 1446 3673 quotidie
1501 3596 1709 3672 peccat
1727 3638 1762 3673 ³„
1805 3611 2064 3655 erronea
2083 3639 2104 3670 ‚

549 3686 926 3759 scandaloso,
975 3694 1036 3745 et
1077 3686 1320 3763 piarum
1362 3686 1612 3747 aurium
1655 3686 1950 3747 offensiva
1998 3707 2109 3749 no·

549 3782 846 3845 minatur.
881 3780 952 3849 In
978 3796 1100 3857 quo
1124 3777 1382 3839 observo
1409 3778 1744 3857 aliquando
1783 3780 1946 3841 inter
1974 3781 2111 3844 illos

547 3874 776 3954 gradus
803 3870 1068 3935 inveniri
1093 3870 1539 3950 oppositionem
1565 3873 2111 3937 contradictoriam

552 3986 658 4029 seu
682 3966 1053 4046 privativam
1083 3964 1284 4025 solum
1312 3962 1681 4040 virtualiter,
1713 3971 1776 4027 et
1804 3974 1955 4028 tunc
1982 3987 2109 4029 non

553 4065 842 4141 poterunt
895 4058 1080 4121 simul
1117 4057 1321 4118 eidem
1361 4058 1766 4139 propositioni
1813 4061 2107 4138 attribui,

549 4160 802 4235 propter
826 4152 1340 4233 repugnantiam3
1371 4151 1722 4232 exemplum
1752 4152 1988 4215 clarum
2018 4162 2111 4217 est

551 4248 620 4309 in
641 4261 899 4310 censura
933 4246 1200 4320 haeresiS,
1226 4244 1326 4310 vel
1352 4246 1575 4307 erroris
1610 4246 1816 4308 stricte
1848 4248 1948 4309 vel
1967 4267 2109 4329 spe·-

551 4340 725 4403 cifice
752 4340 1020 4419 sumpti;
1051 4338 1171 4401 illae
1194 4339 1360 4403 enim
1379 4338 1518 4400 duae
1538 4358 1808 4400 censurae
1829 4359 1955 4401 non
1976 4359 2110 4419 pos-

556 4440 704 4495 sunt
736 4431 922 4493 simul
961 4432 1165 4493 eidem
1199 4432 1598 4511 propositioni
1629 4432 1920 4509 attribui,
1962 4435 2111 4513 quia

551 4524 876 4587 includunt
910 4526 1356 4605 oppositionem
1379 4524 1454 4589 ad
1473 4524 1656 4586 fidem
1689 4544 1830 4587 cum
1856 4528 2110 4588 certitu-

550 4619 719 4694 dine,
751 4618 847 4679 vel
890 4638 1032 4679 eum
1071 4618 1279 4697 aliqua
1308 4617 1768 4693 incertitudine,
1801 4638 1942 4699 quae
1984 4622 2109 4683 duo

549 4731 678 4773 non
707 4720 959 4792 possunt
987 4731 1115 4775 esse
1143 4712 1329 4773 simul
1345 4734 1362 4787 ;
1388 4712 1718 4792 aliquando
1743 4732 1888 4775 vero
1907 4715 2108 4777 solum

550 4807 1016 4885 distinguuntur
1057 4806 1179 4867 illae
1223 4824 1496 4868 censurae
1532 4807 1870 4869 secundum
1909 4809 2109 4871 diver-

551 4918 647 4961 sas
675 4898 1098 4973 habitudines,
1132 4908 1198 4960 ut
1231 4918 1358 4960 esse
1387 4901 1802 4977 temerariam,
1855 4902 1955 4963 vel
1976 4921 2107 4965 esse

549 4991 995 5069 scandalosam,
1031 4992 1130 5053 vel
1166 4992 1629 5073 blasphemam3
1682 5000 1743 5054 et
1777 5001 1925 5055 tunc
1949 4996 2107 5075 opti-

548 5106 652 5148 me
691 5093 945 5166 possunt
971 5086 1123 5149 tales
1165 5106 1438 5151 censurae
1470 5088 1672 5149 eidem
1700 5090 2109 5169 propositioni

545 5179 733 5241 simul
762 5180 1038 5241 attribui.

630 5275 732 5338 22.
767 5272 1152 5337 concluditur
1171 5293 1286 5353 pro
1309 5275 1526 5338 ultima
1547 5274 1924 5357 periclitati
1947 5297 2107 5359 pra·-

548 5368 738 5431 sentis
767 5368 1071 5431 sectionis.
1103 5399 1185 5414 —
1214 5368 1468 5443 Ultimo,
1501 5388 1577 5429 ex
1608 5369 1786 5429 dictis
1812 5369 2103 5431 omnihus

546 5458 968 5523 concludimus
994 5479 1136 5541 quas
1163 5461 1242 5522 sit
1273 5464 1519 5543 propria
1545 5469 1603 5524 et
1619 5460 1942 5542 adaequata
1972 5482 2101 5524 ma-

1105 314 1338 366 DlSPUT.
1375 316 1503 369 XlX.
1543 316 1620 367 DE
1657 316 2039 369 mmm-:Linus
2070 312 2426 376 APOSTA‘rts,
2460 316 2576 367 SEU
2608 311 2971 377 nAEREthts,
3002 312 3135 366 ETC.

2168 416 2322 477 toria
2348 416 2601 477 haeresis
2634 431 2651 475 ε
2678 421 2768 477 est
2810 414 2978 477 enim
3004 413 3337 495 propositio
3378 417 3599 494 proprie
3628 427 3679 481 et

2168 510 2438 587 rigorose
2472 508 2801 583 haeretica,
2848 526 3049 587 neque
3088 508 3293 569 minor
3331 508 3563 569 sufficit.
3608 512 3680 573 lta
3799 500 3800 547 ἶ

2170 602 2443 663 sentiunt
2468 602 2599 665 fere
2634 619 2848 663 omnes
2876 601 3049 663 citati
3089 606 3391 675 auctores,
3426 608 3485 665 et
3504 602 3565 663 in
3582 603 3683 668 hoc

2171 713 2353 755 sensu
2376 695 2801 774 accipiendum
2830 702 2921 757 est
2947 694 3111 774 quod
3134 694 3295 753 dixit
3312 693 3681 773 Hieronymus
3798 716 3800 727 ⁴

2171 789 2249 850 ad
2276 788 2477 849 Galat,
2504 791 2566 864 5,
2594 806 2845 849 omnem
2870 787 3159 849 haeresim
3178 785 3407 847 habere
3430 788 3687 866 conjunc·
3799 856 3800 861 γ

2174 888 2307 943 tum
2333 881 2583 960 aliquod
2617 896 2973 960 perversum
3004 880 3235 959 dogma
3266 897 3283 941 ε
3311 898 3455 941 nam
3478 900 3659 963 pov-m
3799 938 3800 943 ,

2173 995 2305 1040 sum
2335 976 2667 1057 appellavit
2692 976 3080 1047 hoereticum‚
3112 974 3291 1055 quasi
3330 992 3434 1053 per
3464 982 3685 1039 antono-
3798 976 3800 1015 l

2176 1072 2453 1131 mesiam.
2506 1070 2769 1131 Ratione
2804 1069 3173 1143 ostenditur,
3202 1085 3355 1127 nam
3404 1067 3555 1146 quod
3598 1070 3689 1131 illa

2174 1164 2509 1243 propositio
2534 1182 2611 1225 ex
2636 1170 2811 1243 parte
2837 1162 3119 1225 materiae
3138 1160 3403 1223 sufficiat
3426 1159 3495 1221 ad
3524 1160 3684 1225 haere·

2172 1257 2313 1332 sim,
2344 1257 2739 1323 manifestum
2766 1263 2881 1329 est,
2915 1256 3062 1335 quia
3085 1254 3258 1315 nulia
3278 1255 3609 1335 propositio,
3634 1262 3693 1316 ut

2172 1352 2573 1426 ostendimus,
2590 1357 2788 1431 potest
2810 1368 2940 1414 csse
2960 1350 3157 1429 magis
3182 1348 3491 1410 contraria
3502 1348 3690 1409 doctri-

2175 1463 2275 1505 nae
2303 1443 2474 1513 fidei.
2500 1446 2600 1507 cui
2626 1445 2872 1507 haeresis
2899 1444 3275 1523 opponitur3
3312 1442 3477 1521 quod
3516 1448 3691 1505 autem

2176 1539 2383 1600 minor
2399 1539 2626 1617 gradus
2648 1557 2775 1599 non
2790 1536 3077 1609 sufficiat,
3100 1534 3421 1615 probatur,
3436 1536 3568 1614 quia
3582 1554 3691 1615 pro-

2176 1632 2399 1711 positio
2444 1632 2883 1709 eujuscumque
2922 1630 3177 1691 alterius
3206 1628 3435 1708 gradus
3477 1646 3588 1688 non
3620 1636 3689 1689 est
3799 1670 3800 1711 3

2177 1726 2323 1786 satis
2348 1725 2657 1786 contraria
2684 1726 2927 1785 veritati
2957 1724 3140 1800 fidei3
3166 1740 3317 1801 ergo
3348 1740 3537 1801 neque
3560 1722 3689 1783 suffi·
3799 1792 3800 1797 η

2180 1818 2264 1879 cit
2292 1818 2371 1878 ad
2392 1818 2703 1893 haeresim,
2724 1836 2867 1896 quae
2894 1824 2985 1878 aet
3006 1816 3319 1877 contraria
3340 1814 3505 1876 fidei.
3530 1816 3595 1875 Et
3613 1817 3685 1877 de·

2181 1911 2467 1999 claretur,
2514 1913 2663 1991 quia
2696 1928 2969 1973 asserere
3004 1910 3484 1990 propositionem
3528 1910 3685 1987 cujus·
3799 1924 3800 1985 3

2182 2024 2445 2084 cumque
2509 2005 2759 2067 alterius
2824 2005 3049 2083 gradus
3084 2050 3100 2075 ‚
3172 2010 3691 2083 quantumcumque

2182 2100 2319 2179 quis
2360 2100 2441 2158 sit
2468 2100 2775 2177 pertinax,
2806 2118 2937 2161 non
2974 2098 3310 2178 opponitur
3338 2097 3543 2176 prima]
3570 2098 3692 2157 veri-
3799 2076 3800 2133 ἶ

2180 2194 2319 2267 tati,
2352 2193 2449 2254 vel
2496 2193 2848 2254 auctoritati
2889 2192 3196 2267 Ecclesiae,
3238 2191 3473 2269 aliquid
3512 2191 3691 2253 falsum

2184 2290 2239 2349 ei
2261 2287 2651 2349 attribuendo
2676 2302 2696 2364 3
2738 2304 2887 2364 ergo
2917 2305 3043 2347 non
3082 2292 3175 2346 est
3206 2284 3513 2345 sufficiens
3541 2302 3695 2345 asser·

2184 2382 2269 2441 tio
2307 2381 2415 2441 illa
2440 2381 2519 2441 ad
2558 2380 3003 2443 excludendam
3045 2380 3279 2457 fidem3
3318 2396 3441 2439 non
3474 2384 3557 2439 est
3576 2397 3695 2455 ergo

2182 2474 2457 2549 haeresis,
2496 2490 2695 2552 neque
2726 2472 3057 2533 infidelitas
3068 2488 3088 2549 ;
3124 2490 3279 2551 ergo
3306 2470 3435 2533 sola
3472 2472 3695 2550 proposi·

2182 2568 2273 2628 tio
2314 2567 2607 2628 haeretica
2660 2572 2751 2626 est
2800 2566 3123 2645 adaequata
3170 2565 3437 2625 materia
3462 2564 3691 2624 haeresis.

2265 2663 2366 2723 23.
2429 2660 2690 2739 obsectio
2725 2662 2935 2739 prima
2976 2666 3189 2723 contra
3222 2659 3497 2741 proxime
3546 2658 3695 2719 dicta.

2183 2788 2266 2801 -—
2316 2756 2672 2836 Responsio.
2708 2788 2789 2799 -
2841 2754 3013 2815 Dices
3046 2770 3063 2813 z
3094 2750 3433 2831 aliquando
3486 2750 3695 2811 haercsis
3799 2820 3800 2833 3

2184 2856 2466 2909 versatur
2513 2847 2867 2908 immediate
2898 2846 3057 2907 circa
3086 2845 3415 2912 materiam
3442 2842 3589 2917 fidei,
3618 2841 3697 2901 vel
3799 2838 3800 2871 ³

2187 2941 2473 3020 negando
2527 2942 2721 3017 illam,
2773 2940 2873 3002 vel
2924 2939 3265 3001 dubitando
3296 2938 3373 2999 de
3410 2937 3542 3012 illa;
3581 2952 3697 3012 crgo
3799 2994 3800 3023 3

2188 3054 2313 3095 non
2360 3034 2484 3095 sola
2525 3034 2860 3114 propositio
2906 3033 3217 3107 haeretica,
3266 3030 3373 3093 sed
3415 3030 3585 3091 etiam
3622 3046 3698 3088 ca·
3799 3060 3800 3075 ι

2187 3128 2415 3189 tholica
2444 3133 2641 3208 potest
2672 3146 2801 3190 esse
2830 3127 3091 3188 materia
3128 3124 3405 3201 haeresiS,
3436 3123 3587 3203 quasi
3612 3138 3695 3199 per
3799 3190 3800 3197 ἵ

2188 3239 2519 3296 recessum,
2550 3240 2675 3281 non
2708 3240 2819 3301 per
2855 3238 3185 3297 accessum,
3230 3238 3339 3281 seu
3381 3235 3486 3297 per
3510 3217 3696 3275 dissen-

2190 3332 2352 3389 sum,
2398 3332 2527 3375 non
2558 3332 2671 3395 per
2706 3332 3041 3375 assensum.
3090 3314 3511 3392 Respondetur
3544 3308 3693 3369 hoere-

2189 3410 2307 3470 sim
2326 3410 2629 3471 committi
2648 3426 2757 3487 per
2784 3408 3033 3486 aliquod
3056 3405 3363 3485 judicium
3378 3404 3693 3475 intensam,
3799 3400 3800 3403 ’

2190 3508 2261 3563 ut
2289 3503 2453 3565 infra
2480 3503 2773 3567 dicemus.
2804 3505 2937 3565 Non
2980 3508 3181 3582 potest
3198 3508 3408 3565 autem
3430 3516 3549 3561 esse
3566 3495 3696 3575 judi·
3799 3562 3800 3571 χ

2190 3596 2355 3657 cium
2383 3597 2607 3659 falsum
2638 3605 2704 3659 et
2742 3596 3121 3668 haereticum‚
3168 3594 3327 3675 quin
3368 3589 3699 3673 particulari-

2187 3697 2283 3751 ter
2306 3708 2465 3753 versz⁴
2480 3697 2584 3751 tur
2626 3691 2792 3751 circa
2836 3689 3321 3771 propositionem
3350 3685 3694 3747 haereticam:

2190 3802 2339 3845 nam
2366 3784 2477 3863 qui
2520 3782 2804 3845 dissentit
2838 3801 2877 3845 a
2915 3782 3063 3859 fide,
3116 3782 3459 3843 necessario
3506 3776 3699 3857 judicat
3799 3826 3800 3833 ,

2189 3879 2671 3958 propositionem
2726 3876 3261 3939 contradictoriam
3320 3892 3445 3935 esse
3502 3886 3692 3940 veram,
3799 3898 3800 3961 }

2188 3972 2391 4051 utqui
2440 3971 2717 4032 dissentit
2756 3970 2903 4031 uuio
2950 3969 3352 4049 propositioni
3393 3988 3407 4027 ε
3444 3967 3593 4029 Deus
3628 3966 3697 4023 est
3799 3946 3800 3989 ³

2194 4065 2449 4140 Trium,
2502 4064 2842 4127 necessario
2884 4064 3121 4142 judicat
3170 4062 3336 4123 hanc
3392 4063 3693 4137 negativam

2190 4177 2317 4221 esse
2354 4176 2565 4219 veram
2599 4174 2615 4217 ε
2648 4159 2811 4222 Deus
2842 4175 2962 4220 non
3010 4163 3100 4220 est
3146 4156 3415 4227 142·an
3444 4163 3503 4214 et
3516 4170 3547 4211 e
3582 4166 3695 4210 oon·

2186 4270 2386 4326 verm,
2413 4252 2521 4331 qui
2546 4252 2827 4313 dissentit
2860 4250 2939 4311 ab
2983 4250 3103 4311 hac
3150 4250 3405 4310 veritate
3452 4242 3693 4321 negativa
3799 4268 3800 4301 ι

2188 4345 2331 4407 fidei
2366 4361 2381 4406 :
2414 4347 2497 4408 In
2545 4345 2785 4409 Christo
2836 4344 3074 4407 nullwm
3109 4343 3237 4419 fuit
3270 4346 3581 4423 peccatum,
3614 4352 3695 4395 ne-
3799 4374 3800 4435 3

2188 4440 2453 4500 cessario
2497 4441 2732 4519 judicat
2780 4438 3218 4500 affirmativam
3276 4454 3403 4497 esse
3452 4447 3635 4494 veram
3678 4446 3691 4485 τ

2194 4531 2473 4597 Christus
2500 4531 2821 4614 aliquando
2841 4534 3116 4613 peccavit
3135 4554 3163 4603 ,·
3198 4539 3263 4591 ct
3302 4526 3584 4598 similiter,
3608 4520 3693 4600 qui

2189 4625 2523 4687 deliberate
2545 4625 2809 4701 dubitat,
2850 4625 3089 4705 judicat
3106 4640 3243 4685 rem
3290 4638 3419 4683 esse
3456 4616 3690 4684 dubiam,
3799 4680 3800 4683 ,

2188 4718 2255 4779 in
2287 4736 2409 4797 quo
2454 4719 2789 4799 propositio
2816 4720 3003 4780 etiam
3042 4718 3331 4779 haeretica
3364 4710 3687 4777 includitur3
3799 4708 3800 4753 5

2189 4812 2333 4892 quia
2378 4831 2527 4892 ergo
2564 4813 2899 4893 propositio
2940 4810 3230 4873 haeretica
3256 4822 3349 4871 est
3380 4805 3543 4888 quasi
3592 4811 3693 4861 ter·
3799 4824 3800 4895 3

2186 4905 2419 4981 minus,
2450 4905 2527 4966 ad
2568 4922 2755 4983 quem
2796 4904 2997 4966 tendit
3022 4904 3290 4979 haeresis,
3328 4901 3457 4962 ideo
3498 4893 3691 4959 dicitur
3799 4940 3800 4971 3

2188 5016 2320 5059 esse
2368 5000 2629 5059 materia
2674 4998 3015 5079 adaequata,
3064 4999 3223 5059 circa
3261 5010 3439 5075 quam
3480 4984 3691 5051 haeresis
3799 5042 3800 5077 3

2187 5096 2489 5166 versatur,
2536 5091 2781 5152 etiamsi
2822 5092 3012 5171 possit
3066 5092 3253 5152 etiam
3302 5082 3567 5166 explicari
3600 5094 3687 5157 per
3799 5104 3800 5115 ³

2186 5184 2611 5247 habitudinem
2634 5183 2715 5244 ad
2738 5184 3216 5264 propositionem
3242 5182 3403 5256 fidei,
3432 5184 3684 5253 tanquam

2184 5276 2263 5338 ad
2295 5278 2632 5339 terminum
2660 5296 2699 5338 a
2726 5296 2851 5357 quo
2890 5277 3144 5339 haeresis
3174 5276 3412 5338 recedit.

2262 5373 2363 5433 24.
2398 5368 2653 5445 obiectio
2686 5373 2961 5435 conada.
2984 5404 3068 5419 —-
3087 5370 3383 5436 Solvitur.
3408 5366 3681 5426 -uerum

2180 5482 2327 5530 vero
2371 5465 2678 5531 dubitabit
2721 5465 2965 5552 aliquis,
3006 5467 3153 5551 qnia
3182 5464 3473 5527 interdum
3510 5456 3677 5544 potest
