3900 6217
537 352 658 417 330

536 459 816 541 obligent
829 476 850 540 3
875 459 1006 523 haec
1033 460 1202 523 enim
1228 463 1488 541 proprie,
1519 468 1582 525 et
1617 482 1728 545 per
1749 484 1814 525 se
1840 464 2095 545 loquen-

537 554 638 627 do,
675 562 822 615 stmt
859 555 1130 616 Concilia
1165 556 1562 635 universalia,
1607 557 1798 637 idque
1831 557 1991 634 dice,
2027 565 2099 620 ut

537 649 1006 726 praetermittam
1027 656 1284 711 eventus
1311 649 1558 730 quibua,
1581 652 1955 730 proecedenti
1977 651 2097 713 dis-

537 741 877 819 putatione,
902 741 1172 802 diximus
1195 760 1364 821 posse
1397 745 1762 825 congregari
1792 746 2097 807 universas

538 834 818 895 Ecclesiae
846 837 1173 916 Episcopos
1203 837 1336 897 sine
1365 839 1543 917 Papae
1571 840 1958 915 auctoritate,
1991 857 2097 899 ve·

535 928 654 989 luti
706 929 758 991 si
799 930 971 993 sedes
1011 937 1280 1003 vacaret,
1304 931 1778 1013 Cardinalcsquc
1822 933 2098 1013 neglige-

533 1029 676 1085 rent
709 1026 1040 1087 convenire
1085 1025 1164 1088 ad
1209 1025 1611 1102 electionem3
1675 1025 1775 1089 vel
1825 1027 1878 1088 si
1932 1030 2099 1107 Papa

532 1120 862 1181 haereticus
895 1121 1093 1197 fieret,
1124 1121 1597 1201 admonitusque
1623 1140 1752 1184 non
1780 1122 2098 1203 resipisce-

532 1221 651 1290 ret,
681 1234 752 1277 ac
777 1215 970 1277 nollet
1009 1215 1353 1277 Concilium
1406 1218 1540 1295 cogi
1562 1215 1705 1292 ;·vel
1735 1216 2004 1295 denique
2043 1218 2093 1279 si

479 1364 490 1375 ,
533 1308 884 1371 universale
911 1308 1174 1371 schisma
1200 1316 1603 1387 grassaretur,
1621 1315 1685 1371 et
1711 1308 1918 1369 nullus
1937 1314 2095 1371 esset

536 1402 820 1465 Pontifex
863 1407 1068 1465 certus
1082 1418 1104 1479 3
1138 1419 1288 1463 nam
1341 1403 1490 1465 talia
1531 1404 1808 1465 Concilia
1841 1404 2095 1466 nonnisi

533 1496 874 1559 secundnm
926 1496 1075 1575 quid
1118 1495 1434 1574 generalia
1481 1503 1648 1575 sunt,
1693 1514 1834 1558 cum
1892 1497 2093 1575 capite

533 1596 802 1653 careant.
851 1591 1029 1655 Unde
1057 1608 1168 1671 per
1194 1608 1259 1653 se
1284 1608 1416 1652 non
1463 1590 1698 1653 habent
1725 1596 2093 1671 potestatem

532 1684 597 1746 in
649 1686 1006 1748 nniversam
1046 1684 1400 1763 Ecclesiam,
1449 1704 1564 1745 nec
1613 1702 1860 1747 causam
1900 1683 2090 1746 aliam

533 1784 801 1840 tractare
828 1784 1106 1859 possunt,
1134 1796 1322 1859 quam
1371 1779 1549 1857 cujus
1588 1778 1788 1857 gratia
1835 1796 2092 1855 congre-

534 1884 787 1950 gantur,
815 1873 1070 1949 scilicet,
1101 1878 1172 1933 ut
1200 1874 1429 1951 Papam
1479 1873 1738 1950 eligant,
1767 1871 1866 1933 vel
1902 1871 2094 1933 haere-

533 1967 726 2027 ticum
753 1966 1102 2045 declarent;
1131 1967 1296 2045 quod
1341 1966 1394 2027 si
1421 1965 1591 2027 aliud
1633 1965 1955 2045 quidpiam
1986 1984 2096 2045 ag-

533 2059 916 2139 grediantur,
939 2066 1002 2121 et
1027 2078 1234 2121 errare
1267 2064 1542 2139 possunt,
1573 2064 1636 2121 et
1662 2060 2091 2121 auctoritatem

533 2171 660 2215 non
703 2153 936 2215 habent
971 2152 1326 2232 obligandi;
1356 2171 1494 2233 quae
1531 2152 1766 2227 omnia,
1797 2160 1859 2213 et
1883 2169 1961 2214 ex
1992 2172 2094 2214 su·

533 2248 878 2327 perioribus
905 2247 1051 2307 satis
1069 2246 1318 2326 probari
1343 2254 1618 2327 possunt,
1641 2253 1800 2307 etex
1823 2246 1922 2308 his
1954 2265 2093 2326 quse

530 2342 660 2420 jam
685 2341 982 2402 dicemus.
998 2340 1154 2401 Vide
1173 2342 1556 2420 Cajetanum,
1585 2340 1876 2419 opusculo
1892 2340 2095 2419 primo

534 2434 612 2494 de
643 2434 1018 2495 Auctoritate
1046 2435 1248 2513 Papae,
1295 2434 1629 2513 capite163
1663 2435 2096 2495 Tui-recrema-

534 2532 688 2605 tam,
729 2526 886 2589 libro
918 2530 977 2602 3,
1015 2528 1214 2607 capite
1241 2529 1318 2604 83
1357 2527 1668 2605 Pighium,
1697 2526 1859 2587 libro
1899 2528 1963 2603 6,
1992 2546 2095 2589 ca-

538 2614 666 2701 pite
717 2622 796 2683 18
815 2644 833 2696 3
887 2620 1296 2695 Jacobatium‚
1341 2620 1502 2681 libro
1556 2624 1770 2696 tertio,
1829 2621 2093 2682 articulo

531 2716 759 2795 primo.
803 2715 1052 2777 Omissis
1093 2732 1242 2793 ergo
1284 2714 1384 2775 his
1409 2714 1917 2776 extraordinariis
1946 2732 2099 2777 con-

534 2808 1020 2889 gregationibus,

616 2904 675 2963 Ξ.
723 2902 944 2964 Prima
973 2900 1228 2965 assertio
1269 2899 1612 2983 tripartita.
1627 2936 1711 2947 --
1735 2898 2093 2967 ostenditur

527 2997 738 3077 prima
765 3012 916 3073 pars
963 3012 1038 3056 em
1083 2994 1512 3074 coum-nontin.
1531 3026 1614 3040 —
1639 2994 1786 3056 Dico
1835 2996 2086 3074 primo:

533 3095 802 3169 potestas
829 3088 1143 3150 ordinaria
1157 3088 1415 3166 cogendi
1433 3088 1775 3149 Concilium
1801 3089 2091 3165 generale

532 3184 602 3243 in
625 3200 752 3243 uno
775 3182 980 3261 aliquo
999 3182 1282 3261 Principe
1300 3180 1584 3243 Ecclesiae
1601 3181 1782 3243 debet
1800 3182 2087 3257 residere,

529 3276 636 3354 qui
665 3293 794 3336 non
823 3282 916 3335 est
940 3275 1298 3353 imperator,
1327 3274 1431 3335 vel
1465 3273 1620 3335 alins
1667 3275 1948 3354 princeps
1974 3292 2089 3337 sae-

527 3368 775 3442 calaris,
831 3367 937 3429 sed
979 3368 1296 3429 Romanus
1347 3368 1649 3429 Pontifex.
1706 3368 1908 3428 Prima
1947 3386 2088 3447 pars

528 3461 728 3523 solum
779 3480 854 3522 ex
889 3461 1309 3540 congruentiis
1353 3461 1596 3522 ostendi
1645 3467 1848 3541 potest
1865 3484 1882 3537 ς
1936 3478 2083 3523 nam

529 3554 974 3617 efficacioribus
987 3556 1372 3633 argumentis
1401 3555 1772 3635 disputanda
1787 3562 1878 3617 est
1899 3556 2086 3616 simul

529 3668 674 3711 cum
699 3650 904 3711 tertia.
928 3647 1227 3709 Probatur
1253 3666 1425 3727 ergo,
1446 3648 1594 3727 quia
1619 3666 1761 3709 cum
1787 3648 2087 3709 Concilio-

527 3761 670 3805 rum
719 3740 1116 3819 congregatio
1145 3742 1230 3801 sit
1277 3741 1550 3819 maxime
1606 3742 1947 3802 necessaria
1976 3742 2090 3802 Ec-

529 3836 750 3909 clesiae,
781 3841 852 3896 ut
881 3841 944 3895 et
967 3854 1114 3895 usus
1137 3840 1199 3895 et
1224 3836 1384 3895 ratio
1403 3835 1550 3895 satis
1578 3834 1871 3909 ostendit,
1907 3854 2086 3915 opor·

529 3928 651 3989 tuit
679 3928 840 3989 hanc
859 3927 1274 3990 Conciliorum
1323 3928 1701 3988 ordinariam
1745 3944 2089 4006 congrega-

527 4022 763 4084 tionem
781 4039 958 4102 posse
985 4022 1222 4102 optima
1249 4022 1489 4083 ratione
1517 4028 1580 4082 et
1607 4022 1886 4081 ordinate
1925 4020 2059 4081 fieri
2065 4037 2086 4099 3

527 4134 676 4193 ergo
711 4115 984 4190 oportuit
1011 4120 1373 4194 potestatem
1393 4113 1656 4175 vocandi
1683 4114 1764 4175 ad
1788 4114 1904 4175 hoc
1931 4115 2089 4175 Con-

529 4208 742 4285 cilium
793 4208 862 4269 in
907 4226 1034 4267 uno
1091 4208 1298 4287 aliquo
1337 4206 1627 4282 residere,
1677 4205 1829 4266 alias
1859 4222 2091 4283 magna

528 4308 686 4363 esset
731 4301 1032 4375 confusio,
1075 4302 1127 4361 si
1163 4300 1516 4381 huiusmodi
1549 4316 1648 4360 res
1701 4297 2089 4377 singulorum

531 4394 884 4474 principum
931 4394 1213 4457 Ecclesiae
1251 4393 1490 4473 judicio
1548 4392 2049 4471 relinquerentur
2066 4408 2087 4468 ;

527 4493 937 4566 sequerentur
963 4488 1132 4548 enim
1174 4487 1356 4548 facile
1405 4485 1716 4559 scandala,
1761 4485 2090 4546 seditiones

527 4586 590 4641 ct
621 4580 870 4654 similia,
907 4596 1046 4657 quae
1073 4580 1366 4639 accidisse
1401 4580 1536 4656 Jam
1576 4578 1804 4639 scimus
1832 4579 1897 4639 in
1928 4578 2087 4639 mul-

525 4672 606 4732 tis
634 4671 1072 4733 conciliabulis
1113 4672 1192 4731 ab
1237 4672 1538 4733 hereticis
1579 4690 1650 4733 ac
1688 4670 2090 4733 schismaticis

526 4766 774 4827 coactis.
823 4767 944 4827 Nec
989 4784 1136 4826 vero
1181 4772 1422 4845 poterat
1475 4765 1912 4826 convenienter
1954 4764 2090 4825 haec

525 4864 792 4939 potestas
825 4859 1038 4920 multis
1066 4860 1411 4935 committi3
1445 4878 1590 4920 nam
1621 4859 1716 4921 vel
1741 4860 2089 4919 committe-

1725 366 1963 421 msPtJ'r.
1997 366 2083 421 xl.
2118 366 2199 421 mi:
2228 366 2543 423 conLuS.

2178 466 2363 545 plane
2390 466 2601 547 inepta
2630 472 2804 538 esset,
2848 467 2995 547 quia
3035 486 3107 531 ea
3158 474 3419 549 potestas
3456 478 3689 545 residere

2180 558 2362 621 debet
2404 560 2473 621 in
2518 579 2646 623 uno
2681 561 2911 641 aliquo,
2955 562 3064 642 qui
3104 565 3389 627 omnibus
3414 568 3691 653 Episcopis

2180 652 2443 732 imperet
2469 670 2490 732 3
2546 654 2941 735 congregatio
3004 662 3211 719 autem
3290 660 3686 741 Episcoporum

2176 746 2395 824 nequit
2422 747 2681 826 singulis
2700 747 3017 828 Episcopis
3038 749 3363 829 imperare,
3398 754 3513 814 nisi
3549 759 3693 835 prius

2176 839 2309 919 ipsa
2336 841 2416 900 sit
2458 840 2733 919 legitime
2758 848 3148 921 congregata.
3176 843 3377 923 Atque
3396 846 3508 907 hoc
3532 851 3691 913 etiam

2176 932 2545 995 confirmant
2584 935 2798 1007 omnia
2844 953 3033 1017 supra
3058 936 3318 999 adducta
3339 938 3417 1001 de
3449 940 3695 1005 Ecclesin

2176 1028 2563 1089 monarchia.

2256 1124 2317 1182 3.
2364 1120 2647 1187 Secunda
2686 1140 2837 1203 pars
2882 1122 3217 1211 ostenditur
3252 1124 3469 1205 primo.
3488 1162 3559 1173 -
3600 1130 3693 1193 Se·

2174 1216 2377 1277 cunda
2400 1234 2545 1279 vero
2572 1216 2983 1279 conclusionis
3013 1234 3157 1298 pars
3204 1225 3441 1281 constat
3475 1240 3549 1283 cx
3584 1242 3697 1285 om-

2173 1309 2381 1386 nibus,
2414 1328 2526 1390 per
2550 1328 2691 1390 quae
2711 1330 2898 1391 supra
2938 1310 3323 1373 ostendimus
3348 1314 3697 1393 spiritualem

2172 1408 2537 1481 potestatem
2568 1403 2955 1482 gubernandi
2977 1404 3313 1467 Ecclesiam
3350 1422 3473 1467 non
3498 1408 3697 1470 reside·

2172 1514 2242 1557 re
2290 1494 2359 1556 in
2396 1494 2567 1557 laicis
2612 1513 2815 1577 neque
2860 1497 3245 1577 principibus
3292 1498 3697 1579 saecularibns3

2171 1596 2437 1671 potestas
2494 1596 2703 1652 autem
2762 1592 3183 1671 congregandi
3230 1592 3561 1655 Concilium
3596 1600 3697 1675 spi-

2171 1683 2412 1745 ritualis
2466 1688 2576 1758 cst,
2606 1689 2671 1744 et
2721 1684 2952 1746 directe
2992 1692 3277 1765 spectans
3328 1686 3406 1745 ad
3450 1686 3699 1749 Ecclesioe

2170 1777 2477 1854 regimen.
2512 1778 2807 1850 Secundo,
2835 1777 3084 1859 probari
3116 1784 3321 1858 potest
3342 1781 3703 1845 confessioni·

2172 1870 2289 1931 bus
2316 1876 2379 1933 et
2400 1871 2767 1931 testimoniis
2789 1871 3064 1951 ipsorum
3087 1872 3555 1951 imperatorum,
3584 1894 3699 1955 qum

2173 1983 2361 2046 supra
2412 1964 2814 2039 adduximus3
2876 1970 2939 2025 et
3000 1982 3078 2027 ex
3138 1965 3568 2027 Valentiniano
3621 1988 3703 2029 re·

2171 2059 2294 2121 fert
2325 2060 2629 2139 optimum
2658 2060 3083 2121 testimonium
3119 2060 3519 2131 Sozomenus,
3540 2061 3641 2121 lib.
3666 2066 3699 2123 6

2172 2152 2427 2227 Biston,
2459 2169 2592 2231 cap.
2611 2153 2673 2212 7.
2694 2152 2900 2213 Tertio
2928 2170 3005 2213 ex
3034 2171 3173 2229 usu,
3207 2158 3272 2214 et
3294 2155 3705 2217 consuetudine

2172 2244 2479 2307 Ecclesiae.
2533 2244 2832 2307 Videatur
2892 2246 3205 2307 Sanderus
3223 2292 3241 2321 ,
3309 2246 3451 2308 libr.
3511 2250 3549 2309 2
3594 2249 3702 2309 Mo-

2172 2340 2416 2416 narch.,
2444 2359 2577 2420 cap.
2614 2342 2657 2403 2
2692 2345 2757 2401 et
2782 2342 2820 2400 3
2836 2356 2857 2417 ;
2889 2340 3167 2419 Pighius,
3200 2341 3315 2402 lib.
3348 2344 3415 2405 5.

2255 2438 2313 2497 4.
2358 2436 2742 2517 Explicatur
2776 2452 2925 2516 pars
2958 2437 3165 2499 tertia.
3193 2468 3278 2484 --
3306 2436 3435 2499 Est
3472 2437 3538 2499 do
3572 2437 3702 2515 fide.

2174 2534 2231 2593 et
2274 2531 2566 2593 suadem·
2609 2546 2685 2593 ιω
2722 2529 2927 2591 dictis.
2957 2530 3268 2591 —Tertia
3308 2546 3453 2608 pars
3495 2529 3708 2589 conclu-

2174 2623 2363 2683 sionis
2402 2622 2742 2702 explicatur
2771 2628 2815 2696 ¹,
2846 2639 3057 2683 sensus
3078 2622 3255 2683 enim
3292 2621 3463 2683 illius
3494 2628 3600 2697 est,
3628 2642 3708 2683 so-
3829 2670 3830 2673 η

2170 2715 2303 2777 lum
2354 2716 2709 2777 Romanum
2762 2714 3125 2777 Pontificem
3168 2732 3349 2795 posse
3402 2714 3702 2795 praecipere

2170 2809 2461 2871 omnibus
2494 2808 2779 2871 Ecclesiae
2808 2808 3145 2889 Episcopis,
3180 2815 3254 2869 ut
3282 2815 3450 2871 certo
3490 2808 3615 2869 loco
3652 2816 3704 2871 et

2170 2909 2447 2982 tempore
2482 2902 2557 2963 ad
2594 2902 2936 2964 Concilium
2988 2902 3281 2980 generale
3333 2903 3699 2977 conveniant,

2170 2995 2444 3075 itemque
2502 2994 2704 3055 solum
2754 2995 2909 3055 illud
2952 2995 3301 3056 Concilium
3328 3040 3349 3070 ,
3388 2995 3551 3074 quod
3592 2996 3704 3072 ejus

2172 3094 2478 3168 praecepto
2532 3092 2595 3147 et
2647 3087 2963 3148 voluntate
3014 3087 3260 3165 cogitur
3289 3133 3310 3163 ,
3364 3104 3493 3149 esse
3530 3087 3705 3166 legiti-

2170 3199 2368 3256 mum,
2394 3188 2581 3261 atque
2601 3180 2831 3241 habere
2858 3182 3293 3241 auctoritatem
3325 3182 3619 3243 tractandi
3642 3181 3704 3241 de

2166 3274 2351 3335 rebus
2378 3274 2547 3349 fidei,
2574 3279 2637 3335 et
2664 3292 2909 3335 morum
2938 3274 3309 3336 universalis
3335 3274 3635 3349 Ecclesiae;
3654 3275 3706 3333 in

2166 3368 2284 3429 hoc
2332 3386 2515 3429 sensu
2560 3367 2870 3429 conclusio
2916 3374 3010 3429 est
3056 3367 3135 3427 de
3180 3367 3311 3431 fide
3348 3367 3700 3445 simpliciter,

2168 3480 2353 3543 quam
2416 3468 2698 3523 auctores
2735 3480 2922 3541 supra
2968 3461 3141 3522 citati
3181 3460 3311 3522 late
3352 3460 3625 3540 probant,
3656 3463 3705 3519 ct

2168 3576 2305 3619 eam
2334 3556 2510 3617 docet
2536 3558 2605 3617 D.
2626 3556 2893 3617 Thomas
2918 3556 3191 3617 secunda
3202 3554 3515 3631 secundas,
3536 3572 3705 3633 quaes-

2168 3652 2337 3713 tione
2382 3654 2587 3730 prima
2613 3695 2631 3724 ,
2672 3650 2933 3711 articulo
2983 3650 3246 3725 decimo,
3288 3656 3353 3710 et
3402 3649 3707 3729 quaestione

2168 3746 2407 3807 decima
2432 3744 2509 3804 de
2538 3744 2841 3817 Potentia,
2873 3743 3133 3805 articulo
3172 3750 3427 3823 quarto,
3460 3743 3533 3805 ad
3572 3740 3711 3801 deci·

2168 3856 2339 3899 mum
2376 3838 2630 3898 tertium
2665 3852 2684 3913 3
2730 3837 2806 3897 ad
2838 3837 3265 3916 probationem
3318 3854 3469 3897 vero
3494 3835 3709 3897 suffice-

2166 3936 2306 3993 rent
2328 3948 2423 4006 ea,
2455 3930 2679 4009 quibus
2706 3948 2895 4009 supra
2920 3930 3309 3991 ostendimus
3351 3931 3549 3991 solum
3572 3930 3708 3989 Pon-

2167 4022 2396 4085 tificem
2448 4024 2775 4085 Summum
2824 4022 3055 4085 habere
3086 4042 3126 4083 a
3168 4024 3414 4086 Christo
3478 4021 3709 4083 Domino

2170 4122 2530 4195 potestatem
2566 4117 2634 4177 in
2667 4116 3021 4177 universam
3051 4115 3433 4192 Ecclesiam3
3464 4132 3605 4177 nam
3630 4114 3711 4174 in·

2168 4210 2246 4271 de
2291 4210 2607 4271 evidenter
2638 4210 2917 4289 seqnitur
2942 4216 3007 4270 et
3038 4209 3216 4269 illum
3259 4209 3493 4271 habere
3536 4212 3711 4287 potes·

2171 4308 2386 4377 tatem,
2420 4308 2485 4363 et
2522 4302 2763 4363 nullum
2790 4302 3020 4364 habere
3049 4308 3273 4382 praetcr
3301 4305 3530 4383 ipsum.

2250 4398 2309 4457 5.
2354 4398 2513 4459 Item
2556 4414 2629 4458 σω
2675 4395 3050 4471 Pontificem
3106 4394 3473 4459 testimonii-r
3512 4392 3711 4474 proba-

2171 4496 2297 4555 tur.
2322 4522 2407 4535 —-
2450 4488 2568 4551 Sed
2611 4488 2909 4568 probatur
2937 4495 3237 4567 praeterea
3282 4488 3513 4567 primo,
3543 4486 3708 4547 variis

2169 4582 2561 4657 testimoniis,
2591 4581 2932 4643 Marcellini
2981 4582 3178 4660 Papae,
3208 4581 3484 4661 Epistola
3532 4580 3710 4661 prima

2169 4676 2243 4738 ad
2266 4674 2663 4736 Antiochense
2682 4674 2967 4735 Ecclesiae
2990 4676 3343 4754 Episcopus,
3367 4674 3478 4735 ubi
3494 4675 3579 4735 sic
3598 4673 3703 4733 ait:

2174 4766 2384 4831 Simul
2427 4765 2705 4848 Apostoli
2739 4772 2795 4829 et
2825 4784 3213 4840 successores,
3242 4768 3581 4849 inspiranto
3603 4768 3710 4829 Do-

2166 4860 2352 4934 mino,
2384 4861 2828 4924 constituerunt
2861 4863 2935 4921 ut
2978 4860 3152 4923 nulla
3211 4860 3503 4941 synodus
3556 4860 3713 4937 fieret

527 4958 698 5013 retur
717 4952 986 5028 divisim,
1031 4957 1094 5013 et
1121 4950 1236 5013 hoc
1265 4952 1653 5015 manifestam
1679 4957 1922 5033 pareret
1939 4969 2083 5011 con·
2158 4960 2388 5033 praeter
2410 4954 2674 5019 Romani
2706 4954 3037 5031 Pontificis
3074 4955 3495 5019 auctoritatem
3513 4978 3539 5026 ,·
3562 4950 3711 5031 quod

525 5045 831 5107 fusionem
851 5063 926 5105 ac
951 5043 1422 5120 dissensionem,
1443 5047 1590 5124 quia
1617 5046 1914 5107 darentur
1931 5062 2085 5123 qua-

527 5140 581 5199 si
605 5139 728 5199 duo
767 5139 972 5218 capita
995 5138 1064 5197 in
1097 5156 1224 5198 uno
1263 5155 1548 5219 corpore3
1589 5140 1686 5199 vel
1736 5139 2085 5200 committe-

523 5240 698 5295 retur
717 5232 1123 5311 conjunctim,
1155 5232 1321 5316 quod
1351 5233 1538 5294 etiam
1557 5233 1678 5295 dici
1697 5251 1821 5293 non
1861 5239 2083 5312 potest,

523 5343 665 5385 cum
709 5325 884 5387 nulla
933 5324 1014 5385 sit
1051 5324 1324 5404 plurium
1359 5325 1688 5387 hominum
1717 5327 2079 5403 multitudo,

525 5418 602 5479 ad
633 5436 820 5497 quam
848 5417 952 5479 hic
971 5424 1143 5478 actus
1171 5420 1359 5497 possit
1384 5423 1689 5499 spectare3
1711 5438 1858 5483 nam
1889 5420 2085 5483 maxi-

525 5528 628 5577 me
657 5518 990 5599 poneretur
1013 5514 1144 5572 tota
1165 5512 1604 5598 Episcoporum
1629 5512 1926 5589 collectio,
1947 5530 2087 5595 quoe

2164 5048 2427 5110 refertur
2458 5066 2609 5115 can.
2635 5050 2711 5109 {7
2770 5046 3197 5126 Apostolorum
3232 5092 3251 5123 ‚
3306 5048 3386 5110 de
3424 5064 3547 5127 quo
3586 5043 3710 5105 vide

2164 5142 2480 5216 Turrian.,
2518 5142 2627 5203 lib.
2679 5144 2708 5202 1
2762 5147 2979 5203 contra
3016 5141 3353 5205 Centuriat.
3378 5186 3397 5219 ,
3444 5160 3575 5221 cap.
3618 5140 3704 5199 22.

2165 5234 2337 5297 Idem
2379 5234 2643 5297 Marcell.
2663 5278 2684 5311 ‚
2714 5234 2973 5315 epistola
3000 5234 3081 5295 ad
3125 5236 3397 5312 Maxen„
3428 5241 3493 5297 et
3540 5231 3709 5295 habe·

2244 5422 2289 5578 ὲ
2318 5420 2399 5482 De
2426 5436 2551 5501 qua
2572 5419 2833 5483 Salmer.
2855 5420 2919 5482 in
2938 5426 3113 5498 Acta,
3139 5426 3379 5485 tractat.
3410 5422 3513 5497 78,
3542 5418 3708 5497 longe

2164 5530 2205 5575 a
2295 5532 2392 5577 ne.
