3900 6217
512 311 633 373 214

513 418 613 480 vel
640 424 868 478 statum
912 416 1178 476 virtutiS.
1225 415 1421 475 Priori
1461 413 1648 474 modo
1672 431 1856 474 nemo
1884 421 2075 492 negat

516 513 667 592 quin
696 511 847 571 fides
864 509 1145 570 informis
1168 507 1247 568 sit
1264 509 1459 569 virtus
1488 507 1847 586 simpliciter
1874 507 2075 588 quoad

515 605 871 677 essentiam,
904 601 1052 681 quia
1089 602 1314 661 retinet
1350 602 1669 680 proprium
1698 600 1935 662 bonum
1963 619 2076 660 vo-

516 700 775 760 luntatis
816 694 1223 758 essentialiter
1270 694 1600 755 honestum
1642 713 1677 754 a
1718 713 1839 774 quo
1886 692 2078 754 habet

514 795 679 855 hanc
714 790 1019 852 rationem
1062 788 1309 849 virtutis
1342 787 1723 868 simpliciter,
1760 793 1831 848 ut
1864 803 2082 873 supra,¹

516 891 664 948 sect.
702 888 760 959 l,
787 899 931 944 cnm
961 883 1031 943 D.
1064 881 1304 944 Thema
1320 882 1509 941 etiam
1533 880 1829 941 diximus.
1862 879 2076 954 Quoad

516 986 743 1040 statum
792 993 956 1049 vere,
1005 973 1232 1034 dicitur
1276 974 1471 1034 virtus
1509 973 1846 1034 secundum
1900 973 2077 1052 quid,

513 1073 656 1154 quia
680 1076 849 1132 caret
866 1067 1157 1129 omnibus
1180 1067 1653 1147 perfectionibus
1672 1085 1807 1146 quae
1831 1085 1908 1128 ex
1928 1085 2078 1128 con-

517 1165 705 1226 sortio
729 1162 1046 1224 charitatis
1074 1161 1471 1242 proveniunt,
1496 1166 1557 1220 et
1571 1161 1907 1240 praesertim
1931 1161 2080 1238 qnia

515 1257 673 1320 nibil
697 1257 1082 1317 fructuosum
1111 1253 1316 1334 quoad
1349 1255 1639 1315 meritum
1668 1253 1811 1314 vitae
1833 1260 2079 1315 aeternae

514 1350 758 1428 operari
812 1354 1033 1429 potest,
1088 1353 1341 1429 propter
1384 1347 1549 1427 qnod
1604 1353 1849 1408 mortua
1890 1350 2081 1408 etiam

524 1447 773 1520 dicitur,
822 1461 952 1504 non
995 1443 1062 1503 in
1107 1445 1347 1504 ratione
1384 1443 1553 1519 fidei,
1595 1441 1795 1503 sedin
1840 1441 2080 1503 ratione

522 1539 790 1614 virtutiS,
826 1543 889 1598 et
918 1537 1005 1597 ita
1031 1537 1177 1598 satis
1224 1555 1591 1617 responsum
1628 1535 1824 1598 estad
1862 1553 2080 1598 secun-

516 1632 665 1694 dum
692 1636 1161 1708 argumentum.

600 1727 661 1786 8.
708 1722 811 1786 Ad
841 1724 1092 1786 'tercium
1129 1727 1568 1806 arqumerttum.
1602 1754 1683 1769 --
1710 1721 1803 1782 Ad
1826 1721 2079 1784 tertium

519 1817 1024 1892 fundamentum,
1070 1815 1146 1878 de
1176 1817 1479 1877 demerito
1520 1817 1751 1898 peccati
1780 1815 2082 1891 mortalia,

522 1909 935 1990 respondetur
961 1908 1223 1987 probare
1264 1909 1518 1990 quidem
1564 1909 1832 1990 potuisse
1861 1909 2084 1984 Deum,

520 2003 763 2064 utendo
820 2003 1026 2075 rigore
1059 2003 1319 2080 justitiae
1340 2049 1361 2079 ,
1415 2004 1656 2082 privare
1702 2007 2086 2081 peccatorem

524 2097 713 2159 etiam
744 2095 964 2156 habitu
1000 2093 1169 2172 fidei,
1199 2102 1409 2157 tamen
1440 2097 1516 2157 de
1548 2097 1710 2156 facto
1751 2095 1813 2155 id
1844 2113 1970 2156 non
1999 2095 2089 2156 fa-

522 2208 683 2264 cere,
724 2189 871 2266 quia
901 2195 992 2249 est
1021 2189 1217 2266 magis
1244 2196 1725 2252 consentaneum
1748 2188 1921 2248 suavi
1942 2206 2087 2268 pro-

521 2282 811 2342 videntiae
838 2282 1090 2357 (livinae,
1121 2281 1268 2361 quia
1290 2284 1574 2361 quamvis
1601 2287 1883 2361 peccator
1904 2280 2088 2341 amit-

522 2381 614 2438 tat
662 2376 989 2455 justitiam,
1034 2393 1275 2453 semper
1294 2375 1669 2454 relinquitur
1695 2377 1757 2434 in
1798 2373 1915 2434 hac
1959 2373 2089 2433 vita

524 2487 660 2548 spes
706 2468 1109 2547 recuperandi
1159 2467 1327 2528 illam
1342 2483 1364 2545 ;
1416 2474 1479 2530 et
1523 2469 1663 2530 ideo
1704 2467 1822 2528 fuit
1861 2485 2090 2527 conve-

524 2561 705 2622 niens
744 2579 871 2620 non
900 2559 1130 2622 auferri
1158 2560 1366 2637 fidem,
1398 2578 1537 2641 quae
1584 2567 1675 2622 est
1718 2560 2092 2632 fundamen·

525 2661 658 2714 tum
680 2653 805 2734 spei
838 2659 901 2714 et
919 2654 1199 2732 justitiae.
1246 2655 1481 2716 Petitur
1508 2660 1717 2715 autem
1764 2655 1831 2714 in
1860 2653 1968 2713 illo
1997 2670 2094 2712 ar-

525 2755 843 2826 gumento,
876 2767 954 2808 an
984 2749 1066 2808 sit
1092 2748 1337 2829 aliquod
1368 2755 1687 2829 peecatum
1704 2749 1863 2808 tanti
1890 2748 2094 2808 deme-

526 2841 656 2915 riti,
690 2847 760 2901 ut
788 2847 1036 2920 propter
1057 2840 1209 2902 illud
1239 2842 1389 2903 fides
1414 2843 1756 2919 amittatur,
1786 2841 1952 2922 qnod
1990 2859 2094 2902 ex-

524 2933 857 3016 plicabitur
894 2935 1162 2998 sectione
1198 2936 1500 3016 sequenti.

1138 3181 1356 3236 sueno
1390 3182 1474 3236 lv.

543 3367 763 3435 Utrum
787 3385 898 3451 per
928 3383 1093 3430 omne
1115 3372 1425 3448 peccatum
1462 3366 1708 3432 Itoeresis
1756 3384 1863 3432 seu
1890 3367 2099 3447 infide·

838 3461 1039 3528 litatis
1062 3463 1357 3546 perdatur
1384 3463 1623 3527 habitas
1638 3463 1824 3542 fidei?

620 3686 839 3761 1..Qm·
880 3677 1473 3766 nemra—Eorum
1507 3688 1931 3763 arcitenentum
1969 3683 2102 3766 pri-

536 3777 1970 3844 mum.-Secundum—Tertium.—Emesam·
2007 3795 2102 3838 oc-

539 3877 839 3940 curritur.
856 3905 938 3919 —
956 3873 1099 3933 Fuit
1134 3872 1341 3950 opinio
1374 3871 1645 3932 Durandi
1670 3871 1735 3930 in
1761 3873 1821 3947 3,
1848 3872 2104 3930 distinc-

537 3971 707 4029 tione
741 3968 1043 4046 vigesima
1068 3965 1651 4046 tertia,·quaestione
1684 3982 1874 4039 nona,
1908 3964 2104 4026 haere-

538 4063 734 4122 ticum
769 4065 815 4137 ⁸,
850 4060 1134 4141 quamvis
1162 4058 1468 4120 discredat
1498 4059 1605 4118 uni
1628 4057 1726 4118 vel
1755 4057 1932 4118 alteri
1960 4057 2104 4118 arti-

540 4153 679 4215 culo
693 4153 859 4225 fidei,
877 4173 1003 4214 non
1026 4153 1280 4234 perdere
1300 4152 1584 4212 habitum
1612 4151 1780 4225 fidei,
1798 4151 1849 4212 si
1865 4151 2105 4230 aliquos

542 4247 780 4324 credat;
820 4265 1009 4328 quam
1050 4247 1407 4327 opinionem
1447 4251 1657 4306 secuta
1684 4249 1776 4305 est
1802 4244 2011 4306 Glossa
2037 4245 2103 4305 in

541 4361 676 4422 cap.
708 4340 1025 4415 Firmiter,
1057 4342 1121 4401 in
1166 4355 1410 4401 summa
1450 4339 1777 4400 Trinitate.
1833 4337 2106 4397 Fundari

540 4443 739 4518 potest
756 4437 960 4516 primo
984 4436 1051 4496 in
1076 4442 1445 4513 argumento
1472 4438 1716 4514 sumpto
1732 4433 2104 4494 exsectione

540 4531 931 4613 praecedenti,
983 4530 1131 4609 quia
1166 4529 1215 4590 si
1256 4528 1516 4608 pertale
1558 4533 1878 4608 peccatum
1918 4527 2101 4587 amit-

545 4632 703 4687 teret
730 4624 980 4685 habitus
1008 4621 1177 4696 fidei,
1218 4622 1488 4682 maxime
1526 4621 1915 4682 demeritorie
1934 4635 1956 4697 3
1999 4617 2106 4680 sed

541 4719 659 4780 hoc
678 4717 859 4778 modo
886 4735 1013 4776 non
1040 4715 1349 4776 amittitur
1377 4737 1393 4789 ;
1440 4733 1611 4794 ergO.
1644 4713 1946 4774 Probatur
1991 4712 2107 4773 mi-

544 4829 682 4882 nor,
710 4809 857 4890 quia
890 4808 1088 4870 multa
1134 4816 1278 4868 sunt
1304 4815 1552 4888 peccata
1594 4808 1845 4886 majoris
1900 4805 2107 4866 deme-

543 4905 674 4979 riti,
705 4921 893 4983 quam
918 4903 997 4963 sit
1018 4911 1337 4982 peccatum
1362 4901 1611 4961 haeresis
1650 4899 1745 4960 vel
1776 4898 2105 4960 infidelita-

543 4999 650 5074 tis,
683 5004 745 5058 et
776 5015 887 5078 per
913 4997 1020 5058 illa
1045 5013 1171 5057 non
1199 4995 1439 5057 tollitur
1486 4993 1671 5067 fides;
1719 5011 1867 5073 erg-o
1901 5009 2102 5072 neque

544 5111 656 5172 per
678 5089 984 5152 luci-esim.
1016 5089 1315 5161 Secunde,
1340 5089 1486 5170 quia
1510 5107 1635 5149 non
1652 5092 1957 5167 repugnat
1975 5105 2104 5148 cre-

546 5185 690 5246 dere
706 5183 939 5264 aliqnid
968 5183 1091 5245 fide
1118 5183 1324 5244 infusa
1350 5183 1499 5261 quia
1516 5183 1673 5243 Deus
1693 5182 1731 5241 d
1758 5185 1865 5253 cit,
1887 5186 1946 5242 et
1979 5200 2106 5243 non

546 5277 793 5340 credere
826 5278 1039 5339 omnia
1092 5295 1229 5356 qnae
1258 5278 1526 5340 Ecclesia
1551 5277 1704 5338 dicit
1742 5296 1873 5340 esse
1913 5297 1950 5339 a
1979 5278 2104 5340 Deo

632 5467 649 5502 ¹
676 5461 1037 5522 Consulatnr
1060 5463 1297 5535 auctor,
1314 5459 1421 5522 lib.
1450 5462 1473 5522 l
1502 5460 1579 5522 dc
1608 5459 1842 5536 Gratia,
1868 5477 2002 5541 cap.
2041 5463 2102 5522 7.

1158 311 1390 364 mSPm‘.
1426 312 1531 365 vn.
1570 312 1649 364 DE
1686 311 1954 363 vm'rn‘rss
1987 313 2148 366 FIDE}
2181 311 2478 376 QUANTUM
2511 313 2594 365 An
2628 313 2892 366 nam‘rus
2924 312 3085 367 EJUS.

2151 414 2444 491 revelata,
2496 414 2658 475 sicut
2705 433 2833 476 non
2885 419 3192 494 repugnat
3247 413 3372 476 fide
3423 415 3736 495 acquisita

2152 506 2400 569 credere
2421 506 2652 568 dicenti
2677 525 2871 568 unam
2899 525 3059 584 rem,
3091 513 3153 569 et
3182 525 3307 568 non
3329 508 3516 569 aliam
3536 524 3556 585 3
3573 526 3732 587 ergo

2152 619 2278 662 non
2309 606 2619 682 repugnat
2646 618 2898 663 manere
2925 601 3213 662 habitum
3255 599 3402 662 fidei
3428 602 3494 662 in
3518 601 3728 663 haere-

2151 694 2294 756 tico,
2329 693 2650 770 Probatur,
2683 695 2828 775 quia
2851 694 2954 756 ille
2979 695 3084 775 qui
3113 694 3203 755 sic
3229 694 3423 756 credit
3467 703 3562 756 est
3587 695 3732 756 hae-

2152 787 2400 862 reticus,
2431 792 2734 866 quatenus
2752 806 2879 848 non
2901 789 3096 850 credit
3113 788 3399 850 Ecclesiae
3423 805 3446 866 3
3472 795 3534 850 et
3556 788 3732 850 nihi-

2153 880 2422 940 lominus
2451 880 2744 942 retinebit
2759 879 3043 942 habitum
3071 879 3246 958 fidei,
3267 887 3571 960 quatenus
3611 881 3736 942 ali-

2155 993 2340 1054 quem
2368 979 2576 1035 actum
2610 973 2755 1036 fidei
2794 973 3006 1049 habet,
3058 975 3204 1054 quia
3241 975 3349 1054 qui
3397 980 3492 1038 cst
3531 991 3734 1054 capax

2155 1073 2351 1142 actus,
2374 1073 2464 1128 est
2483 1067 2671 1128 etiam
2701 1085 2896 1148 capax
2921 1067 3189 1130 habitus.
3219 1068 3601 1130 Antecedens
3621 1085 3738 1128 au·

2155 1166 2280 1221 tem
2301 1165 2492 1240 patet,
2540 1166 2674 1221 tum
2715 1162 2862 1241 quia
2906 1161 3092 1222 multi
3132 1161 3408 1224 haeretici
3439 1161 3736 1222 videntur

2161 1253 2248 1314 ita
2276 1253 2544 1324 credere,
2577 1257 2746 1314 etita
2767 1253 3171 1333 profitentur3
3193 1261 3328 1316 tum
3352 1254 3538 1316 etiam
3556 1256 3732 1334 quia,

2159 1346 2212 1406 si
2237 1347 2376 1426 quis
2400 1346 2658 1407 haberet
2679 1363 2718 1408 a
2742 1348 2866 1408 Deo
2891 1347 3219 1427 specialem
3253 1347 3728 1422 revelationem,

2157 1445 2362 1519 posset
2411 1439 2504 1500 illi
2539 1439 2724 1502 fidem
2765 1439 3084 1518 adhibere,
3117 1439 3361 1502 etiamsi
3403 1440 3561 1502 alias
3597 1457 3734 1502 non

2158 1533 2370 1595 credat
2415 1533 2714 1596 Ecclesiae.
2767 1535 2997 1610 Terti0,
3044 1536 3192 1614 quia
3233 1540 3375 1616 post
3409 1541 3736 1616 peccatum

2157 1627 2410 1690 haeresis
2430 1629 2530 1692 vel
2558 1629 2942 1691 infidelitatis
2981 1637 3191 1692 manet
3229 1629 3561 1690 hacreticus
3599 1635 3736 1690 tam

2160 1729 2363 1802 aptuS,
2393 1723 2670 1785 etfacilis
2701 1723 2778 1785 ad
2807 1723 3114 1784 credenda
3139 1722 3378 1803 reliqna
3408 1724 3472 1784 in
3507 1723 3738 1802 quibus

2160 1833 2289 1876 non
2325 1824 2510 1892 errat,
2539 1817 2695 1878 sicut
2735 1823 2922 1878 antea
2953 1821 3122 1892 θεαῖς
3183 1833 3334 1895 ergo
3367 1816 3618 1894 signum
3643 1825 3741 1878 est

2160 1909 2426 1970 retinere
2451 1897 2740 1971 eumdem
2757 1909 3060 1972 habitum.
3087 1910 3260 1970 Dices
3285 1909 3348 1970 id
3370 1923 3738 1970 asseverant

2163 2001 2240 2063 de
2265 2002 2483 2064 habitu
2501 2004 2824 2082 acquisito.
2861 2003 2980 2066 Sed
3011 2009 3252 2074 contra,
3281 2020 3428 2062 nam
3460 2000 3598 2063 fieri
3627 2021 3740 2082 po-

2166 2101 2284 2156 test
2309 2102 2379 2158 ut
2398 2097 2642 2158 nullum
2668 2097 2894 2159 habeat
2921 2097 3295 2176 acquisitum
3325 2097 3490 2157 circa
3511 2097 3740 2156 verita-

2167 2196 2259 2248 tes
2291 2188 2461 2265 fidei,
2489 2192 2638 2270 qnia
2679 2189 2836 2251 forte
2861 2208 3104 2270 semper
3135 2190 3278 2250 illas
3322 2189 3583 2250 credidit
3626 2207 3742 2267 per

2171 2287 2342 2342 actus
2367 2283 2629 2358 infusos,
2668 2301 2777 2362 per
2815 2301 2970 2364 quos
3003 2302 3129 2344 non
3178 2281 3526 2362 acquiritur
3559 2282 3742 2342 habi-

2169 2382 2292 2450 tuS,
2337 2381 2398 2436 et
2429 2393 2555 2436 non
2602 2395 2712 2456 per
2737 2393 2906 2438 actus
2957 2377 3309 2456 acquisitos,
3347 2382 3411 2436 et
3441 2382 3745 2454 praeterea

2169 2471 2219 2532 si
2251 2469 2502 2530 habitus
2529 2471 2862 2550 acquisitus
2891 2471 3034 2532 fidei
3066 2489 3194 2532 non
3223 2470 3532 2531 amittitur
3573 2475 3748 2530 totus

2172 2568 2338 2623 totus
2369 2565 2552 2624 unico
2573 2570 2736 2641 actu,
2767 2583 2876 2626 cur
2921 2564 3250 2626 amittetur
3303 2562 3558 2624 habitus
3597 2562 3752 2623 fidei

2171 2657 2235 2718 in
2245 2657 2392 2718 l'nsoe
2409 2661 2435 2718 ‘l

2256 2753 2316 2812 Ξ.
2359 2750 2634 2816 Assertio
2653 2752 2907 2834 prima:
2961 2769 3072 2832 per
3125 2752 3402 2833 quamvis
3429 2751 3753 2814 mortalem

2175 2845 2455 2908 k-oeresim
2483 2847 2635 2922 fides
2663 2845 2996 2909 amittitur.
3015 2845 3422 2908 —Probatur
3452 2863 3526 2908 eoe
3561 2844 3752 2908 Scri-

2167 2945 2361 3020 ptura
2373 2933 3091 3019 primo—Nihilominus
3115 2937 3444 3000 dicendum
3480 2944 3596 3012 est,
3635 2958 3754 3018 per

2176 3031 2516 3112 quemlibet
2534 3048 2742 3092 actum
2767 3031 3042 3107 baeresis,
3073 3032 3182 3111 qui
3210 3033 3292 3091 sit
3318 3031 3574 3092 mortale
3597 3049 3747 3112 pec-

2177 3129 2385 3184 catum
2443 3124 2849 3201 infidelitatis,
2893 3125 3096 3186 amitti
3146 3125 3406 3186 omnino
3459 3123 3746 3186 habitum

2175 3217 2341 3281 fidei.
2370 3218 2516 3279 Haec
2548 3225 2641 3280 est
2659 3219 2968 3280 sententia
3005 3218 3134 3280 divi
3161 3219 3440 3294 Thomoe,
3471 3218 3748 3281 secunda

2178 3311 2488 3385 secundae,
2549 3312 2888 3392 quaestione
2933 3311 3176 3391 quinta,
3221 3311 3486 3374 articulo
3533 3315 3747 3389 tertio,

2177 3403 2288 3466 ubi
2315 3405 2641 3486 cajetanus
2685 3411 2747 3466 et
2774 3423 3005 3466 omnes,
3041 3406 3121 3467 Et
3161 3406 3578 3467 communiter
3599 3407 3758 3470 Sco-

2181 3497 2402 3574 lastici,
2450 3499 2516 3560 in
2556 3501 2618 3574 3,
2639 3497 3034 3560 distinctione
3059 3501 3361 3579 vigesima
3392 3499 3600 3574 tertia,
3637 3499 3752 3562 ubi

2179 3592 2418 3667 Scotus,
2444 3594 2779 3673 qnaestioue
2795 3592 3017 3673 prima,
3047 3599 3126 3653 ad
3147 3593 3448 3672 primurm
3471 3592 3750 3668 Gabriel,

2180 3686 2520 3764 quaestione
2560 3686 2786 3767 prima,
2817 3683 3078 3746 articulo
3107 3685 3332 3762 terti03
3387 3685 3748 3765 Capreolus,

2181 3777 2577 3841 distinctione
2618 3781 2917 3858 vigesima
2966 3785 3206 3858 quarta,
3257 3779 3334 3839 ad
3374 3785 3747 3857 argumenta

2183 3878 2396 3932 contra
2423 3873 2670 3933 tertiam
2713 3872 3190 3933 conclusionem.
3235 3873 3312 3933 Et
3345 3878 3437 3932 est
3459 3871 3549 3932 ita
3581 3879 3750 3932 certa.

2185 3965 2520 4042 conclusio,
2546 3972 2617 4028 ut
2649 3967 2783 4027 sine
2811 3984 3019 4027 errore
3058 3967 3274 4046 negari
3289 3968 3425 4045 jam
3449 3983 3578 4027 non
3607 3985 3749 4046 pos-

2182 4057 2282 4119 sit.
2319 4057 2544 4134 Primo,
2584 4059 2731 4139 quia
2759 4065 2850 4120 est
2877 4059 3149 4121 maxime
3163 4066 3574 4122 consentanea
3587 4057 3753 4121 Scri-

2183 4152 2410 4230 ptnris;
2457 4151 2606 4212 dicit
2632 4153 2802 4214 enim
2843 4153 3022 4215 Joan.
3051 4153 3130 4214 de
3171 4154 3502 4228 haereticis,
3544 4153 3754 4233 prima

2185 4244 2464 4324 epistola.
2485 4245 2686 4325 capite
2710 4246 3018 4307 secundo:
3047 4247 3157 4309 Eat
3180 4247 3350 4311 nobis
3359 4247 3752 4328 prodierunt,

2183 4341 2291 4402 secl
2309 4357 2426 4400 non
2454 4343 2628 4402 erant
2661 4359 2734 4403 ea
2761 4339 2926 4402 nobis
2947 4365 2970 4408 .·
3003 4359 3147 4404 uam
3175 4339 3232 4402 si
3258 4357 3332 4402 ex
3353 4341 3522 4401 nobis
3551 4345 3755 4402 essent

2179 4433 2663 4513 permansissent
2717 4435 2924 4516 atique
2981 4435 3307 4497 nobiscum.
3383 4435 3475 4494 Ex
3523 4431 3754 4513 quibus

2185 4527 2387 4588 verbis
2425 4527 2728 4605 colligunt
2773 4529 2984 4590 Patres
3011 4528 3375 4589 haereticum
3427 4545 3554 4588 non
3609 4544 3751 4607 per-

2186 4639 2438 4682 manere
2464 4622 2532 4681 in
2558 4621 2851 4698 Ecclesia,
2881 4629 2951 4682 nt
2975 4622 3200 4683 dicitnr
3226 4624 3415 4682 etiam
3443 4622 3512 4681 in
3537 4626 3754 4682 extra-

2185 4719 2449 4792 vagante
2500 4713 2693 4778 Unam
2723 4721 3018 4791 sanctam,
3040 4715 3115 4776 ‘de
3139 4716 3488 4794 majoritate
3509 4721 3576 4776 et
3599 4713 3753 4774 obe-

2187 4805 2454 4885 dientia3
2485 4807 2624 4868 ideo
2653 4814 2862 4870 autem
2895 4827 3021 4870 non
3055 4814 3378 4890 permanet
3421 4806 3750 4868 haereticus

2185 4900 2248 4960 iu
2291 4901 2583 4976 Ecclesia,
2617 4902 2765 4982 quia
2792 4921 2920 4962 non
2939 4902 3126 4963 habet
3151 4901 3371 4963 fidem:
3397 4907 3751 4981 peccatores

2187 4994 2354 5054 enim
2383 4994 2490 5072 qni
2527 4993 2713 5055 fidem
2742 4993 3074 5056 informem
3111 4995 3406 5070 retinent,
3447 4995 3516 5054 in
3547 4994 3751 5054 Eccle-

2188 5089 2278 5149 sia
2319 5095 2597 5164 manent,
2629 5094 2702 5148 ut
2735 5095 2826 5150 est
2853 5107 2951 5149 res
2987 5087 3356 5151 indubitata.
3411 5087 3752 5150 Confirmat

2185 5182 2304 5243 hoc
2333 5181 2575 5253 Paulus,
2633 5183 2833 5260 prima
2855 5182 2935 5244 ad
2963 5183 3236 5244 Timoth.
3265 5180 3745 5262 prim0,dicens,

2185 5275 2484 5356 quosdam
2510 5276 2857 5339 amittentes
2879 5277 3087 5340 bonam
3106 5277 3550 5348 conscientiam,
3581 5277 3748 5339 circa

2184 5369 2364 5444 fidem
2391 5371 2790 5453 naufrayasse
2806 5394 2831 5440 ,·
2857 5370 3126 5450 loquitur
3138 5376 3346 5431 autem
3374 5367 3451 5431 de
3477 5368 3748 5430 Alexan-

2185 5461 2296 5523 dro
2325 5466 2386 5523 et
2414 5463 2756 5543 Hymenaeo
2775 5462 3104 5539 haereticis„
3133 5464 3242 5548 qui
3269 5481 3399 5526 non
3443 5467 3640 5524 totam
3671 5463 3748 5532 fi-
