3900 6217
535 467 574 510 a
623 447 932 530 baptismo
959 448 1407 532 distinguitnr3
1448 470 1597 534 ergo
1635 453 1776 516 talis
1819 453 1975 515 fides
2025 452 2094 515 in

532 561 602 605 re
653 543 789 622 ipsa
841 542 1094 605 obtenta
1115 589 1137 621 ,
1181 549 1273 634 est
1312 547 1652 608 necessaria
1696 548 1776 609 ad
1828 547 2094 628 gratiam

531 636 1033 716 comparandam,
1073 639 1220 718 quia
1261 638 1354 701 illi
1399 647 1647 703 tantum
1679 641 2096 703 condemnan-

530 735 637 790 tur
664 729 772 808 qui
813 731 1014 807 gratia
1058 739 1288 794 carent.
1329 735 1609 797 Secundo
1657 734 2095 814 expenduntur

530 822 720 884 verba
768 824 1044 902 ejusdem
1094 825 1320 887 Christi
1361 827 1655 904 Domini,
1701 828 1961 891 Joannis
1995 829 2034 889 3
2072 849 2088 888 :

531 914 778 998 Oportet
803 917 1070 982 exaltari
1096 918 1333 983 Filiam
1363 921 1640 996 hominis,
1672 928 1744 986 ut
1773 924 1969 984 omnis
1993 922 2099 1004 qai

531 1011 724 1074 credit
743 1011 811 1073 in
836 1012 1034 1092 ipswm
1063 1029 1182 1074 non
1203 1020 1414 1094 pereat
1443 1033 1460 1076 2
1486 1033 1634 1076 nam
1665 1017 1730 1076 in
1757 1015 1878 1076 hoc
1901 1015 2097 1093 signi-

529 1102 674 1165 ficat
725 1123 894 1180 eum,
942 1106 1050 1184 qui
1095 1123 1224 1168 non
1256 1107 1452 1170 credit
1491 1107 1559 1169 in
1587 1109 1816 1189 ipsum,
1859 1109 2094 1190 perire3

529 1196 698 1258 unde
727 1197 936 1258 subdit
973 1219 988 1256 τ
1027 1197 1146 1272 Qui
1185 1201 1254 1262 in
1285 1218 1418 1264 eum
1448 1218 1569 1264 non
1597 1203 1969 1282 credit,jam
1989 1203 2099 1284 ju·

528 1290 768 1352 dicatus
790 1297 902 1364 est,
928 1292 1073 1371 quia
1095 1310 1214 1355 non
1241 1295 1432 1360 credit
1448 1295 1519 1357 in
1544 1297 1779 1358 nomine
1803 1295 2103 1378 anigeniti

527 1381 689 1456 Eilii
715 1385 836 1448 Dei
849 1410 877 1458 ;
916 1385 1024 1446 ubi
1069 1387 1435 1448 universalis
1487 1394 1638 1450 nota
1676 1388 1931 1464 indicat,
1966 1407 2099 1450 om-

531 1495 680 1538 nem
697 1477 874 1538 illum
905 1479 1013 1558 qui
1030 1479 1116 1541 sic
1132 1498 1259 1542 non
1287 1481 1502 1556 credit,
1528 1481 1836 1542 damnari.
1864 1481 2095 1556 Terti0,

527 1571 674 1632 addi
718 1576 974 1651 possunt
1015 1572 1206 1634 verba
1248 1575 1527 1653 eiusdem
1555 1574 1781 1636 Christi
1823 1573 2095 1648 Domini,

525 1664 706 1726 Joan.
739 1667 816 1727 ⁴5
850 1687 864 1726 :
898 1665 1055 1729 Hoec
1091 1673 1183 1731 est
1207 1669 1338 1732 vita
1367 1674 1618 1739 oeterna,
1646 1672 1720 1730 ut
1737 1673 2101 1749 coynoscant

529 1762 609 1830 te,
638 1764 780 1832 etc.‚
831 1765 888 1822 et
935 1778 1106 1842 quem
1132 1759 1384 1836 misisti,
1430 1767 1545 1822 etc.
1579 1763 1758 1834 Nam,
1791 1768 1862 1820 ut
1907 1778 2097 1841 supra

525 1851 680 1926 dixi,
710 1852 899 1914 etiam
941 1853 1018 1916 de
1065 1854 1426 1930 viatoribus,
1467 1854 1711 1916 ratione
1761 1852 1930 1930 fidei,
1978 1851 2097 1915 hoc

525 1943 932 2024 intelligitur3
984 1952 1047 2007 et
1101 1946 1486 2026 significatur
1530 1965 1658 2010 non
1707 1946 1916 2007 minus
1964 1964 2093 2010 esse

522 2040 939 2100 necessarium
978 2040 1058 2100 ad
1094 2042 1288 2102 vitam
1315 2046 1614 2102 aeternam
1639 2039 1827 2100 fidem
1860 2037 2091 2100 Christi

524 2131 903 2211 explicitam,
949 2151 1140 2213 quam
1191 2132 1380 2194 fidem
1428 2133 1623 2214 ipsius
1667 2133 1800 2196 Dei.
1832 2132 2091 2208 Quart0,

519 2223 673 2286 facit
699 2225 854 2288 illud
885 2227 1088 2288 Actor.
1119 2229 1160 2288 4
1187 2244 1204 2288 :
1233 2225 1380 2290 Non
1407 2231 1496 2291 est
1540 2226 1714 2290 aliud
1749 2243 1961 2288 nomen
1987 2227 2093 2289 da-

525 2323 656 2380 tum
713 2320 1068 2396 hominibus,
1109 2325 1223 2380 etc.
1233 2336 1254 2397 3
1305 2326 1369 2381 et
1408 2339 1544 2400 cap.
1599 2323 1679 2381 10
1709 2335 1728 2380 :
1759 2319 2093 2400 {Prophetae

527 2413 936 2476 testimoniam
947 2413 1261 2495 perhibent
1281 2411 1692 2476 remissionem
1704 2417 2090 2494 peecatorum

523 2505 794 2586 accipere
819 2523 936 2586 per
967 2523 1178 2569 nomen
1215 2507 1349 2586 ejas
1371 2531 1397 2580 ,·
1434 2511 1496 2567 et
1543 2506 1609 2566 in
1653 2524 1788 2585 cap.
1839 2509 1913 2568 16
1947 2525 1964 2564 :
2010 2506 2093 2568 Ut

516 2597 934 2661 remissionem
969 2604 1355 2681 peccatorum
1403 2599 1706 2680 accipiant
1727 2617 1840 2678 per
1885 2598 2085 2674 fidem,

521 2710 656 2774 quoe
682 2698 772 2756 est
802 2691 870 2754 in
899 2712 1035 2765 me‚·
1062 2701 1125 2755 et
1149 2694 1228 2756 ad
1281 2696 1544 2757 Roman.
1584 2695 1647 2767 3,
1697 2692 1808 2752 ubi
1847 2692 2095 2770 justitia

515 2785 630 2846 Dei
657 2786 792 2847 dari
820 2786 1051 2848 dicitur
1074 2805 1184 2868 per
1209 2787 1397 2849 fidem
1411 2789 1563 2850 Jesu
1590 2784 1850 2860 Christi,
1881 2787 1948 2848 in
1971 2802 2095 2848 om-

514 2897 620 2943 nes
645 2884 700 2943 et
714 2897 898 2960 saper
919 2898 1118 2944 omnes
1131 2882 1237 2963 qai
1250 2883 1500 2946 credant
1515 2881 1586 2944 in
1605 2899 1818 2944 nomen
1835 2881 1969 2960 ejas
1983 2904 2010 2952 ,·
2034 2885 2096 2940 et

515 2974 584 3034 in
603 2991 736 3054 cap.
767 2976 866 3048 10,
889 2975 1080 3036 etiam
1098 2972 1252 3036 fides
1272 2974 1737 3038 resurrectionis
1757 2972 1985 3034 Christi
2000 2973 2090 3033 vi-

516 3067 700 3127 detur
741 3073 810 3128 ut
851 3066 1194 3130 necessaria
1227 3069 1512 3148 proponi.
1541 3069 1768 3142 Quinto
1795 3066 2085 3146 denique,

517 3159 596 3220 ad
618 3159 814 3223 Galat.
849 3151 918 3238 2,
941 3160 1167 3222 dicitur
1197 3177 1214 3222 ε
1263 3159 1408 3228 Non
1445 3162 1578 3224 nisi
1597 3179 1708 3244 per
1731 3162 1912 3242 fidem
1941 3161 2094 3224 Jesu

530 3251 785 3318 Christi.
1202 3303 1218 3322 .

599 3349 659 3407 7.
699 3345 1044 3412 Secundum
1090 3347 1547 3427 fundamentum
1579 3364 1654 3411 etc
1703 3346 2081 3412 Tridentino.

519 3471 602 3488 —
649 3439 922 3506 Tertium
975 3442 1436 3516 fundamentmn
1476 3459 1548 3504 ex
1599 3439 1965 3522 Auqmtino.
2008 3473 2091 3488 —

517 3533 804 3596 Secundo
857 3535 1282 3615 principaliter
1339 3535 1509 3596 favet
1568 3533 1714 3596 huic
1767 3535 2090 3596 sentcntiae

519 3628 868 3691 Concilium
897 3629 1352 3703 Tridentinum,
1401 3646 1544 3690 sess.
1593 3629 1655 3704 6,
1691 3646 1822 3708 cap.
1869 3630 1933 3704 6,
1979 3629 2089 3690 ubi

528 3723 879 3785 describens
918 3723 1199 3784 ordinem
1229 3721 1708 3800 justificationis,
1739 3723 1888 3784 dicit
1911 3722 2090 3801 Justi-

529 3814 700 3876 ficari
742 3813 1026 3876 homines
1056 3815 1355 3878 credentes
1377 3833 1520 3878 vera
1557 3833 1682 3878 esse
1708 3833 1840 3894 quoe
1872 3815 2094 3878 divini·

529 3913 630 3972 tas
672 3909 1018 3973 revelantur
1030 3932 1059 3981 ,·
1113 3912 1291 3988 atq-ae
1339 3906 1501 3970 illud
1521 3905 1827 3988 imprimis
1873 3925 1913 3971 a
1968 3909 2091 3971 Deo

513 3999 866 4083 justificavi
891 4001 1185 4068 hominem
1199 4017 1316 4082 per
1337 4001 1611 4080 qratiam
1649 4001 1803 4079 ejas,
1847 4020 1959 4084 per
1990 4021 2091 4064 re-

526 4095 936 4179 demptionem,
978 4113 1111 4177 qaoe
1151 4099 1240 4158 est
1269 4095 1336 4157 in
1372 4094 1619 4158 Christo
1644 4095 1816 4158 Jesu.
1853 4087 2094 4156 Confir-

525 4195 734 4252 matur
767 4205 842 4251 ex
883 4187 1178 4267 Symbolo
1213 4187 1557 4265 Athanasii,
1602 4187 1708 4248 ubi
1739 4188 1910 4268 prius
1940 4189 2091 4250 dici-

523 4289 630 4344 tur
653 4282 1068 4346 necessarium
1103 4298 1232 4341 esse
1259 4280 1339 4341 ad
1365 4280 1650 4356 salutem,
1694 4287 1767 4340 ut
1803 4281 2089 4342 incarna-

524 4377 758 4438 tionem
783 4373 1007 4438 Christi
1028 4372 1311 4434 homines
1331 4372 1604 4448 credant,
1631 4373 1776 4433 etin
1801 4372 1924 4448 fine
1943 4392 2090 4434 con·

525 4469 798 4531 cluditur
829 4489 844 4528 :
874 4469 1032 4531 Hoec
1078 4469 1169 4529 eet
1197 4467 1342 4547 fides
1375 4464 1706 4541 Catholica,
1753 4484 1934 4546 quam
1966 4465 2090 4528 nisi

521 4564 773 4646 quisque
808 4562 1069 4639 fideliter
1114 4561 1487 4642 firmiterque
1515 4557 1856 4631 crediderit,
1877 4559 2087 4622 salvus

524 4675 650 4721 esse
691 4673 811 4718 non
856 4655 1107 4738 poterit.
1150 4653 1359 4718 Tertio
1398 4652 1552 4716 solet
1598 4651 1731 4714 haec
1779 4653 2089 4713 sententia

521 4748 714 4812 tribui
759 4747 1104 4826 Augustino
1131 4747 1198 4806 in
1243 4745 1393 4807 locis
1439 4744 1721 4824 proxime
1767 4745 1992 4822 citatis,
2024 4750 2088 4806 et

521 4843 589 4903 in
622 4841 760 4904 aliis
787 4839 1067 4920 allegatis
1087 4841 1154 4900 in
1187 4837 1671 4919 praecedentibus
1695 4837 1932 4898 duabus
1960 4855 2087 4898 sec·

521 4936 820 5011 tionibus,
879 4940 942 4996 et
993 4934 1104 4996 lib.
1162 4932 1239 4994 de
1297 4933 1684 5001 correctione
1748 4938 1812 4993 et
1858 4932 2082 5012 gratia,

524 5047 659 5111 cap.
701 5034 766 5106 7,
803 5035 867 5090 et
888 5026 966 5090 de
1014 5027 1246 5090 Natura
1276 5031 1338 5087 et
1365 5031 1552 5104 grat„
1582 5043 1719 5105 cap.
1757 5026 1797 5085 2
1825 5030 1890 5086 et
1919 5027 1983 5100 7,
2025 5030 2089 5085 et

520 5122 600 5186 de
629 5124 881 5186 Peccato
909 5120 1066 5200 orig.
1074 5165 1095 5196 ,
1127 5137 1182 5180 c.
1224 5119 1327 5195 24,
1355 5124 1418 5180 et
1448 5118 1558 5179 lib.
1609 5121 1637 5178 1
1685 5124 1899 5179 contra
1930 5118 2087 5180 duas

519 5217 702 5298 epist.
730 5215 964 5293 Pelag.,
1011 5233 1067 5276 c.
1101 5215 1202 5276 13.

601 5312 659 5372 8.
704 5309 990 5374 Rationes
1017 5325 1134 5388 pro
1189 5305 1509 5370 sententia.
1543 5336 1624 5352 -
1653 5304 1884 5368 Ultimo
1937 5303 2083 5364 addi

519 5408 773 5482 possunt
804 5403 1071 5463 rationes
1100 5399 1198 5460 vel
1224 5399 1424 5479 potius
1457 5399 1901 5477 congruentiae,
1935 5396 2081 5478 quia

519 5497 588 5560 in
646 5501 812 5558 statu
865 5495 1053 5575 hujus
1113 5492 1268 5572 legis
1317 5492 1596 5554 doctrina
1641 5490 2081 5570 mysteriorum

957 345 1195 402 msPUT.
1229 351 1335 404 ΧΠ.
1371 351 1454 404 DE
1483 351 1902 406 NECESSITATE
1932 351 2097 406 mum
2129 349 2457 416 Quatenus
2486 353 2603 406 EST
2634 351 2875 406 nemun
2906 353 2990 406 An
3022 351 3315 406 samm.

2177 454 2403 518 Christi
2422 454 2714 536 explicite
2741 461 2805 518 et
2834 453 3256 518 universaliter
3272 457 3533 522 omnihus
3550 481 3679 544 prae.

2175 548 2441 625 dicatur,
2468 554 2529 612 et
2542 549 2849 610 sufficiens
2877 555 2941 610 et
2970 548 3286 610 abundans
3308 552 3487 629 gratia
3502 557 3681 620 tribui-

2177 648 2303 718 tur,
2336 648 2409 702 ut
2441 641 2725 722 explicite
2752 639 3063 717 credatur3
3089 659 3233 720 ergo
3246 645 3683 710 convenientissi-

2176 733 2491 796 mnmfuit
2512 734 2675 796 hanc
2710 733 2897 795 fidem
2925 733 3213 796 omnibus
3240 739 3308 794 ut
3336 740 3681 802 necessariam

2174 827 2433 908 proponi
2454 827 2531 888 ad
2544 827 2877 906 justitiam.
2895 826 3197 888 Probatur
3218 825 3347 888 haec
3363 845 3684 910 consequen·

2174 922 2288 996 tia,
2308 922 2531 1001 primo,
2552 921 2700 1001 quia
2719 920 2837 982 hoc
2848 927 3077 999 spectat
3106 919 3183 981 ad
3210 921 3488 998 majorem
3524 923 3682 986 hono-

2177 1031 2310 1075 rem
2342 1013 2567 1076 Christi
2588 1013 2853 1075 Domini.
2882 1014 3191 1089 Secundo,
3216 1013 3357 1092 quia
3378 1013 3494 1094 ipse
3510 1024 3591 1078 est
3604 1019 3685 1082 via

2178 1106 2257 1168 ad
2284 1105 2547 1168 salutem
2574 1127 2593 1182 3
2632 1124 2781 1186 ergo
2804 1107 3177 1168 conveniens
3204 1114 3317 1182 est,
3346 1115 3412 1168 ut
3450 1109 3687 1173 distincte

2180 1205 2605 1280 cognoscatur.
2633 1200 2861 1275 Tertio,
2888 1199 3038 1279 quia
3061 1198 3199 1280 plus
3242 1199 3445 1262 debuit
3462 1203 3608 1280 exigi
3626 1203 3687 1264 ab

2178 1291 2544 1354 hominibus
2573 1292 2642 1354 in
2668 1292 2787 1354 hoc
2816 1299 2983 1354 statu
3015 1291 3302 1372 perfectae
3330 1289 3487 1370 fidei,
3532 1313 3685 1374 quam

2182 1385 2250 1446 in
2274 1385 2694 1466 superioribus
2712 1385 3108 1466 imperfectis.
3140 1385 3363 1459 Quarto
3386 1431 3401 1448 .
3434 1387 3567 1466 quia
3586 1387 3691 1450 haec

2179 1477 2333 1540 fides
2357 1485 2447 1540 est
2471 1478 2814 1540 necessaria
2838 1484 2982 1540 ante
3009 1478 3380 1559 baptismum
3401 1495 3421 1557 3
3448 1479 3543 1542 sed
3564 1479 3691 1560 hap—-

2180 1571 2401 1634 tismns
2426 1580 2517 1634 est
2568 1573 2987 1635 necessarium
3014 1571 3327 1648 medium;
3357 1590 3493 1652 ergo
3512 1579 3565 1633 et
3582 1573 3691 1634 haec

2180 1663 2359 1726 fides.
2414 1665 2664 1742 Quinto,
2718 1666 2867 1745 quia
2915 1672 3089 1728 extra
3135 1663 3461 1726 Ecclesiam
3506 1665 3692 1728 Christi

2178 1776 2306 1820 non
2336 1765 2429 1821 est
2454 1759 2645 1837 saluS,
2684 1767 2757 1822 ut
2787 1759 3053 1822 habetur
3082 1760 3269 1840 capit.
3312 1757 3606 1836 Firmiter,
3629 1759 3692 1823 de

2176 1855 2435 1916 Summa
2452 1855 2779 1930 Trinitate,
2806 1859 2923 1916 etc.
2935 1898 2955 1930 ,
2980 1852 3047 1914 in
3071 1852 3341 1914 Concilio
3358 1851 3689 1930 Florentino,

2176 1965 2322 2008 sess‚
2346 1949 2408 2008 2.
2430 1947 2548 2010 Sed
2571 1965 2759 2008 nemo
2786 1947 2980 2009 intrat
3005 1946 3342 2008 Ecclesiam
3365 1945 3567 2006 Christi
3588 1948 3693 2008 sine

2176 2039 2301 2102 fide
2329 2041 2617 2120 explicita
2648 2039 2873 2101 Christi
2900 2055 2921 2118 3
2960 2057 3107 2118 ergo
3137 2057 3339 2118 neque
3370 2039 3695 2118 justificatur

2178 2135 2311 2194 sine
2334 2133 2443 2194 illa
2468 2133 2633 2212 fide,
2663 2139 2756 2195 est
2778 2151 2928 2212 ergo
2970 2133 3251 2196 medium
3278 2131 3651 2194 necessarium
3676 2147 3691 2210 3

2174 2232 2427 2306 propter
2455 2245 2593 2308 quae
2622 2227 2835 2306 opinio
2866 2226 2997 2288 haec
3034 2225 3371 2306 probabilis
3398 2230 3519 2302 est;
3560 2229 3697 2286 etex

2173 2320 2485 2382 modernis
2534 2319 2705 2384 illam
2749 2319 3091 2381 defendunt
3136 2319 3466 2398 Gregorius
3499 2317 3567 2379 de
3596 2319 3695 2378 Va-

2172 2411 2324 2475 lent.
2355 2415 2422 2474 in
2448 2433 2560 2476 suo
2586 2415 2624 2474 3
2654 2421 2840 2486 tomo,
2875 2413 3032 2493 disp.
3070 2416 3129 2487 1,
3168 2417 3387 2492 quaest.
3420 2413 3478 2488 2,
3506 2419 3697 2492 puncto

2172 2509 2257 2582 43
2306 2513 2371 2568 et
2410 2507 2650 2583 Lorin.,
2688 2507 2903 2568 multis
2930 2505 2997 2567 in
3031 2505 3205 2580 lociS,
3240 2503 3440 2566 Actor.
3472 2507 3529 2580 4,
3566 2523 3695 2564 vch.

2174 2604 2275 2680 13,
2309 2607 2369 2663 et
2401 2621 2453 2664 c.
2494 2603 2583 2679 8.,
2616 2620 2775 2663 vers,
2812 2602 3105 2680 373item
3146 2619 3286 2680 cap.
3324 2602 3420 2668 10,
3460 2617 3603 2660 vex-S.
3629 2601 3660 2660 Ξ
3682 2620 3695 2672 ;

2175 2693 2428 2768 8811611.,
2464 2693 2576 2755 lib.
2609 2697 2648 2755 2
2692 2694 2920 2769 Decal.,
2959 2713 3012 2755 c.
3052 2696 3115 2770 2,
3169 2712 3351 2754 num.
3378 2693 3450 2767 83
3493 2691 3691 2767 M01.,1

2173 2791 2339 2866 part.
2349 2831 2369 2862 ,
2400 2793 2619 2866 quaest.
2654 2789 2715 2864 1,
2745 2793 2860 2850 art.
2904 2790 2958 2865 1,
2991 2787 3152 2868 disp.
3185 2789 3253 2862 2,
3286 2793 3347 2849 et
3374 2785 3498 2847 alii.

2257 2881 2316 2942 9.
2366 2877 2651 2946 Secunda
2676 2879 2896 2962 opinio.
2941 2913 3024 2928 -
3070 2881 3556 2944 Fundamentum
3576 2880 3699 2960 ejas.

2174 2971 2626 3054 -Gonjectura
2646 2993 2761 3057 pro
2792 2975 2904 3038 hac
2928 2975 3253 3038 sententia.
3276 3005 3359 3021 —
3379 2973 3577 3037 Tertia
3601 2991 3705 3036 sen-

2172 3069 2386 3134 tentia.
2416 3099 2499 3114 —
2528 3067 2812 3130 Secunda
2840 3068 3050 3147 opinio
3075 3067 3410 3148 distinguit
3432 3067 3583 3126 inter
3599 3047 3707 3143 jus—

2172 3161 2577 3223 tificationem
2624 3167 2687 3223 et
2732 3160 3252 3242 glorificationem
3274 3205 3297 3237 ,
3355 3159 3607 3238 dicitque
3644 3157 3705 3217 ad

2165 3254 2477 3334 justitiam
2511 3274 2639 3317 non
2668 3273 2799 3318 esse
2836 3253 3251 3317 necessariam
3280 3252 3467 3314 fidem
3496 3249 3704 3330 explici-

2168 3353 2299 3410 tam
2339 3347 2585 3421 Christi,
2632 3349 2738 3410 sed
2780 3348 3151 3428 implicitam
3192 3345 3503 3422 sufficere,
3547 3344 3707 3405 etiam

2166 3447 2447 3522 tempore
2474 3440 2631 3520 legis
2658 3443 2873 3520 gratiae
2896 3458 2919 3520 ζ,
2952 3441 3363 3504 nihilominus
3397 3446 3594 3501 tamen
3619 3454 3707 3496 ne·

2170 3535 2407 3596 minem
2433 3533 2691 3616 adipisci
2716 3534 3005 3612 gloriam,
3034 3534 3400 3615 priusquam
3422 3531 3597 3594 fidem
3622 3546 3707 3590 ex-

2170 3625 2446 3707 plicitam
2475 3627 2703 3688 Christi
2738 3633 3191 3708 consequatur;
3234 3633 3447 3708 atque,
3483 3623 3629 3684 hanc
3648 3619 3706 3679 fi·

2170 3721 2313 3782 dem
2335 3721 2424 3782 ita
2446 3739 2576 3783 esse
2598 3720 2873 3784 medium
2900 3721 3320 3782 necessarium
3345 3719 3425 3780 ad
3444 3713 3709 3798 glorifica-

2171 3815 2429 3875 tionem.
2466 3815 2639 3875 Hanc
2672 3815 3031 3896 opinionem
3066 3815 3273 3875 tenuit
3301 3813 3489 3888 Can0,
3528 3811 3588 3871 in
3614 3809 3710 3868 Re·

2171 3907 2435 3969 lectione
2458 3909 2533 3970 de
2559 3910 2959 3971 sacramentis
2986 3908 3055 3969 in
3090 3925 3348 3986 genere,
3382 3911 3533 3986 part.
3560 3905 3632 3978 2;
3658 3907 3709 3960 et

2171 4000 2487 4076 Ledesma,
2530 4001 2598 4062 in
2626 4001 2688 4078 4,
2732 4007 2892 4082 part.
2921 4005 2982 4076 1,
3012 4019 3075 4082 q.
3106 4003 3171 4078 9,
3210 4005 3337 4060 art.
3369 4001 3407 4060 2
3446 4020 3463 4073 ;
3506 3997 3702 4066 Castro,

2170 4094 2281 4157 lib.
2314 4097 2353 4155 2
2380 4096 2457 4157 de
2484 4096 2641 4176 Lege
2670 4093 2923 4176 poenali,
2968 4113 3023 4155 c.
3056 4095 3156 4169 14,
3198 4094 3313 4173 qui
3337 4091 3520 4155 audet
3546 4089 3709 4150 etiam

2170 4187 2396 4265 dicere,
2447 4183 2709 4268 impium
2743 4206 2873 4250 esse
2910 4188 3313 4268 posteriorem
3356 4190 3585 4265 partem
3621 4199 3711 4240 ne-

2170 4299 2317 4359 gare
2339 4303 2357 4357 3
2386 4287 2449 4342 et
2468 4281 2633 4342 Cano
2654 4282 2843 4343 etiam
2866 4298 3191 4342 censuram
3217 4278 3524 4340 adhibuit.
3555 4277 3708 4335 Eam-

2168 4375 2311 4434 dem
2354 4375 2727 4437 sententiam
2766 4381 2935 4436 tenet
2964 4374 3190 4449 Bauli„
3225 4375 3287 4434 2.
3322 4375 3384 4447 2,
3428 4377 3628 4450 quaest.
3655 4369 3706 4440 2,

2167 4467 2342 4528 artic.
2390 4469 2452 4542 8,
2502 4467 2651 4529 dub.
2698 4468 2841 4544 ult.,
2882 4474 2942 4528 et
2983 4466 3155 4528 addit
3201 4465 3569 4526 contrariam
3596 4479 3710 4520 sen-

2168 4561 2429 4621 tentiam
2467 4578 2599 4622 esse
2624 4561 3032 4641 probabilem,
3064 4566 3127 4622 et
3161 4579 3292 4621 non
3323 4576 3451 4620 esse
3480 4557 3709 4634 dignam

2168 4671 2429 4715 censura
2458 4669 2477 4730 ;
2507 4655 2710 4716 tenuit
2750 4653 2966 4742 Arag„
3015 4655 3085 4715 in
3133 4654 3355 4716 eadem
3404 4661 3613 4733 quoest.
3654 4649 3706 4720 Ξ,

2166 4753 2285 4808 art.
2318 4749 2377 4809 5.
2410 4747 2910 4810 Fundamentum
2938 4748 3159 4828 prioris
3188 4747 3384 4828 partis
3408 4745 3525 4808 erit
3548 4741 3707 4808 illud,

2164 4841 2329 4920 quod
2361 4859 2473 4921 pro
2501 4848 2709 4903 nostra
2743 4848 2805 4902 et
2832 4841 3014 4902 tertia
3042 4840 3351 4902 sententia
3382 4837 3705 4899 afferemus,

2168 4933 2402 4995 Ultima
2446 4951 2595 4995 vero
2636 4953 2779 5013 pars
2818 4933 3005 4996 habet
3052 4933 3463 4995 fundamenta
3506 4944 3711 5010 praece-

2167 5026 2369 5088 dentis
2392 5027 2740 5104 sententiae,
2769 5032 2833 5088 et
2856 5027 3124 5088 maxime
3149 5027 3345 5086 utitur
3367 5024 3499 5085 haec
3519 5021 3707 5102 opinio

2166 5119 2450 5199 exemplo
2474 5119 2783 5195 Cornelii,
2823 5138 2971 5181 nam
2998 5117 3329 5198 justificari
3356 5115 3559 5198 potuit
3584 5129 3709 5174 cum

2164 5211 2288 5274 fide
2326 5211 2549 5274 Christi
2590 5219 2837 5275 tantum
2879 5211 3224 5293 implicita3
3268 5215 3544 5272 attamen
3580 5206 3709 5286 quia

2160 5303 2242 5366 ad
2301 5305 2499 5366 vitam
2554 5315 2850 5368 aeternam
2905 5305 3401 5386 consequendam
3462 5301 3552 5362 illi
3596 5315 3706 5358 non

2162 5397 2521 5474 sufficiebat,
2570 5399 2792 5459 missus
2823 5405 2916 5460 est
2950 5398 3030 5460 ad
3069 5396 3243 5459 illum
3276 5397 3533 5472 Petrus;
3576 5407 3705 5468 ergo

2162 5491 2411 5570 signum
2458 5497 2550 5554 est
2594 5491 2781 5553 fidem
2823 5491 3200 5572 explicitam,
3250 5491 3366 5552 hoc
3420 5493 3705 5568 tempore,
