3900 6217
597 423 759 477 SECT.
797 425 858 475 V.
893 426 976 477 AN
1007 427 1233 479 UNl'l'AS
1267 426 1578 480 EGCLESIAE
1609 426 1692 480 EX
1726 426 1994 480 MEMBRIS
2028 426 2294 479 mvERSA
2328 426 2599 489 numam,
2635 426 2768 478 ETC.

153 528 314 591 chiam
351 542 385 584 a
424 522 648 585 Christo
690 523 1034 587 institutam
1078 532 1362 590 evertant
1385 532 1429 603 ¹,
1475 524 1636 587 nihil

151 628 314 683 tamen
341 617 444 695 ipsi
467 622 691 677 oermm
720 622 1079 691 statuentes;
1113 620 1427 682 interdum
1465 621 1634 681 enim

151 714 316 773 omnia
341 707 596 772 Ecclesiae
625 709 900 771 membra
924 712 1184 791 aequalia
1208 712 1462 787 faciunt,
1503 730 1636 773 om-

149 826 232 869 nes
263 802 588 877 sacerdotes,
625 820 838 864 omnes
869 803 1222 867 infallibiles
1255 805 1492 885 judices
1530 824 1634 866 ve-

148 900 320 973 ritatis,
355 904 414 957 et
433 895 672 957 similia.
709 897 1024 959 Interdum
1061 916 1212 960 vero
1249 918 1372 960 non
1401 905 1638 979 negant

147 993 360 1071 aliquam
399 1006 786 1069 personarum
829 996 891 1050 et
936 996 1310 1071 potestatum
1349 992 1632 1053 differen-

145 1090 282 1148 tiam.
323 1086 394 1147 At
433 1084 681 1163 quidam
731 1084 980 1147 illorum
1026 1086 1247 1148 volunt
1291 1105 1416 1149 non
1459 1086 1638 1148 aliter

143 1196 250 1241 eam
295 1177 526 1257 reperiri
571 1178 636 1239 in
679 1178 942 1241 Ecclesia
987 1196 1174 1259 quam
1223 1181 1288 1241 in
1331 1180 1469 1241 aliis
1521 1181 1634 1243 hu-

141 1273 302 1333 manis
343 1270 826 1349 Rebuspuhlicis‚
877 1273 1104 1351 quihus
1148 1290 1224 1334 ex
1274 1278 1497 1334 natura
1544 1272 1636 1335 rei

139 1374 240 1425 tota
264 1370 502 1445 potestas
521 1365 700 1425 estin
733 1368 1200 1438 communitate,
1235 1384 1312 1428 ex
1335 1366 1636 1431 electione

137 1468 302 1520 antem
328 1455 446 1517 sola
473 1456 826 1537 judicioque
863 1458 1140 1520 humano
1167 1458 1638 1537 distinguuntur

139 1551 474 1627 magistratus
485 1556 546 1611 et
567 1557 934 1629 potestatem
963 1553 1073 1628 sic,
1094 1552 1408 1631 inquiunt,
1436 1552 1638 1613 Chris·

135 1652 212 1705 tus
243 1644 342 1725 ipsi
381 1642 784 1705 ecclesiastico
825 1645 1052 1725 populo
1097 1652 1462 1726 potestatem
1509 1664 1638 1708 sese

139 1736 462 1817 gubernandi
489 1738 552 1796 in
581 1737 1008 1823 spiritualibus
1045 1740 1226 1799 rebus
1259 1738 1450 1808 dedit,
1477 1738 1632 1799 desi-

142 1833 432 1911 gnationem
454 1850 600 1893 vero
637 1834 804 1895 modi
839 1840 901 1897 et
925 1852 1327 1914 personarum
1357 1834 1450 1895 illi
1471 1852 1637 1895 com-

145 1928 284 1986 misit.
303 1928 380 1986 lta
399 1926 734 1988 Lutheraui
761 1928 973 1989 etalii.
1002 1928 1292 1989 Calvinus
1321 1946 1467 1990 vero
1491 1946 1636 1989 con·

144 2020 492 2097 gregationem
519 2020 841 2083 seniorum
883 2022 1131 2101 praefert
1171 2022 1488 2082 communi
1527 2039 1635 2101 po-

138 2113 266 2191 pulo,
297 2119 350 2171 et
385 2114 738 2194 episcopum
781 2115 875 2176 illi
913 2132 1170 2197 praeesse
1206 2114 1375 2189 dicit,
1406 2132 1531 2176 non
1564 2120 1636 2176 ut

135 2206 448 2285 superiorem
500 2213 565 2268 et
611 2210 892 2289 judicem
916 2255 935 2285 ,
980 2210 1086 2270 sed
1139 2216 1210 2269 ut
1257 2210 1647 2290 praecipuum.

135 2299 386 2361 consulem
401 2345 420 2375 ,
469 2302 778 2381 majorem
823 2302 1160 2383 quamdam
1204 2302 1638 2364 auctoritatem

134 2392 420 2471 habentem,
445 2412 560 2457 nec
587 2402 806 2457 tamen
833 2402 1022 2475 negat
1043 2396 1208 2476 plebi
1247 2414 1422 2458 suam
1449 2394 1638 2456 etiam

138 2487 512 2550 auctoritatem.
559 2488 858 2550 Brentius
899 2488 1086 2551 etiam
1145 2489 1279 2550 vult
1331 2488 1638 2568 principes

137 2580 388 2642 semlai-es
420 2580 656 2643 habere
699 2581 1031 2662 quemdam
1067 2584 1402 2663 primatum
1432 2582 1501 2641 in
1531 2600 1636 2643 ec-

135 2673 402 2735 clesiastica
420 2674 796 2745 hierarchia.
820 2694 1008 2755 quam
1034 2677 1292 2738 omnino
1316 2674 1636 2737 confundit

135 2784 244 2827 cum
265 2766 478 2846 politica
505 2774 568 2831 ct
597 2769 796 2831 civili.

201 2865 247 2923 3.
279 2862 520 2926 Assertio
552 2864 772 2946 prima
805 2864 1099 2944 probatus·
1140 2881 1215 2927 ere
1260 2862 1632 2945 Scriptus-is.

147 2988 209 3001 -
231 2956 481 3021 Probatur
504 2960 774 3021 ratione.
800 2990 882 3007 —
923 2958 1066 3019 Dico
1096 2963 1305 3019 tamen
1340 2958 1542 3037 primo
1569 2957 1638 3019 in

153 3048 312 3111 Christi
333 3052 586 3113 Ecclesia
607 3098 630 3127 ,
667 3060 850 3131 prout
893 3050 973 3113 ab
1010 3052 1142 3131 ipso
1187 3051 1472 3111 instituta
1517 3056 1632 3127 est,

143 3160 238 3203 esse
257 3144 502 3206 ordinem
530 3143 1018 3221 hierarchicum,
1049 3150 1234 3225 atque
1259 3144 1412 3205 adeo
1441 3162 1635 3205 mem-

137 3236 333 3299 brorum
357 3240 819 3302 distinctionem
849 3246 912 3303 et
943 3242 1246 3303 ordinem.
1279 3242 1450 3303 Circa
1475 3241 1638 3303 hanc

133 3333 457 3395 asertionem
478 3333 606 3396 late
633 3334 802 3395 inter
816 3334 970 3396 alios
991 3334 1280 3395 discurrit
1303 3334 1632 3412 Arboreus,

131 3424 248 3485 libro
275 3429 306 3487 5
329 3428 759 3509 Theosophiae‚
786 3428 968 3508 capit.
1001 3430 1063 3489 9.
1097 3427 1399 3489 Probatur
1425 3433 1639 3487 tamen

129 3522 338 3597 pressius
361 3540 432 3583 ex
461 3523 684 3599 Paulo,
721 3528 740 3583 t
777 3522 1066 3587 Corinth..
1089 3525 1205 3584 12:
1240 3523 1404 3585 Deus
1426 3523 1640 3602 posuit

125 3616 172 3673 ir
194 3614 444 3679 Ecclesia
457 3619 744 3698 primum
764 3617 1106 3698 Apostolos,
1133 3616 1339 3679 deinde
1370 3616 1638 3697 Prophe-

127 3712 212 3779 tas,
235 3714 348 3770 tum
379 3710 678 3773 Pastore-s
706 3714 766 3773 et
791 3710 1078 3773 Doctores
1090 3733 1118 3781 ,·
1143 3714 1204 3770 et
1232 3708 1308 3768 ad
1348 3706 1637 3787 Ephesios

127 3804 170 3871 i,
187 3802 326 3863 idem
351 3804 470 3865 late
493 3804 802 3879 declarat,
831 3809 892 3864 et
921 3802 1060 3863 idco
1091 3808 1406 3881 comparat
1435 3799 1636 3861 Eccle-

123 3894 242 3954 siam
261 3898 482 3977 corpori
499 3897 813 3973 humano,
835 3896 997 4002 φλορ
1017 3896 1494 3975 heterogeneum
1516 3900 1631 3970 est,

123 3990 235 4065 quia
255 3990 395 4051 sicut
421 3992 486 4051 in
517 3991 642 4053 hoc
671 3998 817 4051 sunt
846 3990 1126 4051 membra
1156 3988 1396 4050 diversa
1423 3989 1500 4050 ad
1531 4006 1634 4049 va-

123 4080 216 4139 rias
239 4084 485 4146 actiones
525 4086 844 4159 ordinata,
873 4084 961 4145 ita
1001 4084 1066 4143 in
1095 4102 1168 4145 ea
1205 4083 1487 4145 Ecclesia.
1521 4084 1636 4144 Ea·

121 4172 230 4232 dem
263 4178 472 4239 veritas
521 4176 845 4257 colligitur
889 4195 966 4238 ex
995 4176 1135 4237 aliis
1181 4176 1364 4237 rebus
1411 4176 1638 4255 quibus

121 4274 286 4327 sancta
323 4270 588 4332 Ecclesia
635 4274 1048 4351 comparatur,
1078 4275 1149 4329 ut
1187 4269 1470 4348 superius
1497 4269 1640 4329 atti-

125 4358 312 4435 ,αἱωηες
343 4365 514 4425 Cant.
539 4366 606 4441 6,
641 4364 870 4424 dicitur
889 4364 1191 4424 exercitus
1217 4363 1564 4439 ordinatns;
1601 4366 1631 4424 1

123 4452 184 4511 ad
218 4452 458 4517 Timoth.
500 4458 564 4531 3,
611 4464 1008 4531 comparatur
1045 4456 1260 4517 domui
1305 4456 1642 4535 prudenter

123 4545 402 4623 institutae3
437 4553 500 4611 in
537 4551 893 4628 Evangeliis
919 4568 1078 4631 saepe
1111 4556 1502 4629 comparatur
1533 4568 1641 4611 na-

127 4640 258 4713 vm
305 4646 544 4721 Pena,
575 4662 738 4705 που)
781 4644 1038 4729 Noe3jn
1080 4644 1305 4723 quibus
1349 4646 1640 4705 omnibus

129 4734 254 4795 varia
279 4738 548 4799 membra
585 4744 650 4799 et
677 4738 1024 4799 ministeria
1051 4740 1472 4817 requiruntur.
1513 4738 1640 4798 Ra-

127 4824 190 4880 tio
225 4844 412 4890 autem
461 4848 580 4909 per
627 4849 692 4891 se
731 4837 826 4891 est
866 4830 1218 4904 manifesta,
1249 4830 1396 4909 quia
1441 4830 1494 4890 si
1521 4830 1638 4889 hoc

122 4916 300 4980 ordine
335 4922 602 4983 Ecclesia
642 4924 939 5004 privetur,
974 4940 1101 4984 non
1139 4930 1340 5003 potest
1370 4922 1638 5001 intelligi

123 5008 230 5083 ejus
269 5016 460 5075 unitas
503 5017 642 5076 sine
691 5034 918 5095 magna
963 5017 1366 5093 confusioue3
1403 5015 1641 5076 dicetur

124 5100 281 5171 igitur
303 5106 676 5187 ineptissime
698 5110 1050 5171 constituta.
1074 5110 1249 5171 Unde
1269 5108 1635 5188 Cyprianus,

124 5193 236 5256 libr.
259 5202 310 5267 4,
333 5202 502 5281 epist.
525 5204 596 5278 2,
623 5205 764 5264 satis
791 5209 936 5265 aute
961 5203 1175 5280 finem,
1197 5204 1284 5263 ait
1305 5202 1638 5265 Ecclesiam

195 5386 310 5445 ¹De
332 5404 448 5465 quo
474 5388 728 5467 Bellar.,
773 5389 882 5453 lib.
927 5392 956 5453 1
1006 5390 1083 5452 de
1123 5390 1364 5467 cleric„
1407 5409 1446 5451 a
1479 5410 1532 5452 c.
1563 5392 1635 5466 23

126 5474 380 5555 humez,
405 5481 561 5561 disp.
599 5484 718 5545 244
753 5483 832 5547 de
867 5484 1130 5561 Ordine;
1153 5484 1372 5560 Salm.,
1403 5482 1564 5544 libro
1603 5486 1633 5544 1

127 5568 178 5627 in
204 5572 378 5649 Paul„
403 5594 440 5635 a
467 5576 630 5656 disp.
659 5581 751 5639 tl.

1117 5752 1150 5799 ὧ

3160 416 3269 477 201

1715 544 1923 588 veram
1958 525 2222 605 intelligi
2250 545 2373 587 non
2404 542 2579 605 posse
2608 527 2741 587 sine
2769 524 2928 586 veris
2957 522 3275 602 episcopie,

1715 626 1776 681 et
1805 620 2153 699 pastoribus
2165 634 2186 697 ;
2226 628 2285 681 ct
2314 620 2749 699 Hieronymus,
2785 624 2998 679 contra
3040 614 3277 677 Lucife-

1713 712 1900 775 rian.:
1933 712 2221 777 Ecclesia
2246 730 2365 773 non
2392 719 2485 779 est
2510 730 2645 793 quoe
2666 730 2785 773 non
2819 712 2988 775 habet
3008 710 3281 773 sacerdo·

1713 812 1824 870 tes.
1853 807 1939 867 De
1970 806 2085 865 hac
2127 805 2517 866 conclusione
2550 805 2687 865 vide
2734 805 3119 884 Dionysium,
3150 808 3279 861 toto

1714 898 1872 961 libro
1904 900 1981 961 de
2010 900 2425 962 Ecclesiastico
2460 898 2836 961 Hieras-chia.

1797 997 1856 1055 4.
1901 992 2160 1057 Notatio
2187 1010 2263 1054 ese
2290 992 2605 1071 Dionysio.
2625 1024 2707 1039 --
2728 992 2811 1052 Ex
2842 990 3055 1069 quoin
3084 988 3283 1067 rapite

1716 1092 1910 1161 sexte,
1944 1092 2086 1146 nota
2119 1086 2285 1146 hunc
2314 1104 2518 1159 nsum,
2550 1092 2613 1145 et
2641 1084 3083 1145 hierarchicum
3118 1082 3283 1143 ordi-

1715 1198 1860 1241 nem
1905 1180 2177 1259 primum
2227 1178 2508 1239 omnium
2549 1178 2785 1240 attendi
2822 1194 2995 1256 posse
3037 1194 3114 1237 ex
3156 1175 3279 1235 dis-

1716 1272 2013 1333 tinctione
2041 1270 2459 1333 membrorum
2487 1270 2960 1351 perficientium,
2983 1274 3277 1329 eteorum

1715 1367 1824 1447 qui
1857 1364 2276 1445 perficiuntur,
2322 1373 2391 1425 ut
2432 1366 2756 1444 Dionysius
2792 1364 3088 1443 loquitur.
3122 1362 3279 1423 Nam

1716 1459 1834 1522 hoc
1871 1458 2055 1520 modo
2097 1458 2503 1535 distinguitur
2544 1460 2695 1519 ordo
2738 1462 3051 1536 pastorum
3082 1462 3143 1515 et
3172 1456 3280 1515 Sa-

1716 1552 2033 1614 cerdotum
2068 1570 2107 1613 a
2148 1569 2360 1630 grege,
2397 1569 2581 1632 quam
2634 1550 2900 1631 primam
2942 1548 3283 1609 distinctio-

1717 1664 1861 1707 nem
1891 1662 2033 1712 esse.
2052 1662 2129 1705 ex
2156 1646 2416 1725 episcopi
2440 1644 2828 1705 institutione
2851 1648 3110 1716 constat,
3136 1660 3279 1721 pro-

1715 1747 1853 1819 pter
1885 1738 2073 1800 verba
2113 1740 2284 1799 Pauli
2314 1741 2523 1811 citata,
2547 1744 2609 1798 et
2635 1757 2711 1799 ex
2740 1742 2873 1809 Act.
2904 1739 3019 1798 18:
3054 1736 3136 1799 In
3164 1754 3278 1817 quo

1715 1851 1820 1896 vos
1841 1834 2049 1912 posuit
2080 1831 2364 1915 Spiritus
2394 1833 2665 1895 Sanctus
2693 1850 2895 1914 reyere
2934 1830 3281 1893 Ecclesiam

1715 1925 1829 1989 Dei
1841 1954 1865 1999 ;
1881 1932 2040 1988 etex
2065 1932 2359 2007 perpetua
2381 1925 2661 1987 Ecclesiae
2686 1926 3019 1985 traditione
3042 1928 3281 1984 constat

1715 2020 1995 2080 ordinem
2023 2019 2485 2095 sacerdotalem,
2512 2026 2575 2080 et
2600 2019 2962 2080 habentium
2993 2017 3282 2096 spiritua-

1715 2112 1836 2175 lem
1862 2118 2249 2192 potestatem,
2271 2112 2455 2175 fuisse
2474 2114 2835 2174 distinctum
2861 2126 2898 2171 a
2914 2109 3088 2191 plebe
3114 2126 3303 2185 com·-

1717 2206 1894 2267 muni
1923 2213 1987 2267 et
2012 2204 2229 2267 ordine
2251 2207 2573 2283 laicorum,
2596 2205 2761 2287 quod
2784 2206 2847 2265 in
2878 2204 3281 2283 sequentibus

1716 2315 1876 2378 saepe
1926 2299 2221 2360 latissime
2271 2300 2611 2361 ostendam.
2663 2300 2841 2361 Ratio
2888 2304 3099 2359 autem
3151 2303 3276 2374 est,

1718 2391 1866 2472 quia
1895 2392 2032 2453 haec
2073 2397 2341 2472 potestas
2379 2398 2441 2455 et
2476 2392 2627 2455 ordo
2654 2399 2745 2454 est
2771 2392 3276 2474 supernaturalis,

1720 2490 1782 2545 et
1807 2483 1946 2545 ideo
1978 2504 2015 2546 a
2049 2484 2288 2548 Christo
2319 2487 2676 2548 immediate
2710 2488 3017 2563 manavit3
3048 2489 3113 2547 in
3156 2485 3279 2547 iuis

1716 2597 1863 2660 ergo
1903 2582 2213 2661 reperitur
2252 2582 2475 2663 quibus
2516 2602 2593 2644 ex
2632 2602 2695 2644 se
2730 2582 2899 2644 illam
2944 2581 3278 2657 conccssit;

1713 2674 1981 2753 legimus
2009 2680 2218 2737 autem
2250 2678 2613 2739 concessisse
2641 2676 2945 2757 Apostolis
2970 2682 3033 2737 et
3062 2692 3277 2737 eorum

1719 2770 2185 2842 suecessoribus,
2208 2788 2335 2831 non
2364 2776 2571 2832 autem
2597 2771 3048 2834 commun'mti.
3078 2768 3279 2849 Atque

1717 2864 1784 2923 in
1821 2863 1940 2925 hoc
1970 2864 2177 2925 differt
2203 2865 2473 2926 maxime
2502 2864 2905 2926 ecclesiastica
2934 2862 3281 2943 respublica

1717 2975 1756 3018 a
1793 2956 1992 3034 civili}
2042 2978 2214 3036 nam,
2256 2956 2407 3021 licet
2444 2966 2708 3041 utraque
2753 2960 3030 3019 dimanet
3074 2976 3112 3018 a
3160 2958 3281 3018 Deo

1716 3057 2017 3133 tanquam
2053 3053 2133 3114 al·
2172 3054 2698 3115 universalissima
2729 3058 2790 3114 et
2832 3054 3035 3134 prima
3072 3068 3277 3126 causa,

1715 3150 1989 3208 attamen
2016 3149 2185 3226 prior
2210 3165 2353 3208 cum
2382 3147 2531 3227 ipsis
2562 3145 2921 3209 hominibus
2946 3166 3022 3207 cx
3057 3152 3281 3207 natura

1715 3240 1806 3303 rei
1845 3241 2065 3312 oritur,
2097 3246 2161 3302 ct
2200 3240 2279 3303 ab
2319 3232 2413 3303 eis
2452 3260 2562 3303 sua
2588 3241 2907 3303 voluntate
2948 3246 3010 3301 et
3038 3239 3279 3300 ratione

1715 3334 1955 3414 geritur
1965 3349 1986 3412 ;
2024 3334 2158 3396 haec·
2186 3353 2333 3396 vero
2372 3335 2729 3397 immediate
2756 3335 2937 3395 fluxit
2964 3352 3001 3395 a
3037 3332 3279 3397 Christo

1723 3445 1832 3507 per
1859 3435 2222 3509 potestatem
2262 3428 2355 3491 illi
2381 3430 2587 3491 datam
2616 3432 2683 3490 in
2718 3429 2869 3491 coelo
2897 3436 2958 3490 et
2984 3428 3051 3490 in
3078 3434 3243 3488 terra
3257 3441 3278 3503 ;

1721 3528 1784 3583 et
1813 3523 1955 3584 ideo
1993 3524 2212 3584 modus
2241 3523 2425 3603 hujus
2468 3523 2839 3604 Reipublicae
2876 3534 2938 3583 et
2968 3520 3279 3583 distinctio

1721 3615 2147 3678 membrorum
2189 3618 2323 3695 ejus
2367 3617 2447 3678 ab
2481 3618 2615 3697 ipso
2661 3617 3041 3693 immediate,
3074 3611 3277 3697 quoad

1717 3726 1791 3769 ea
1817 3728 1959 3789 quae
1990 3710 2297 3790 praecipua
2326 3717 2493 3787 sunt,
2517 3718 2720 3772 ortum
2750 3711 2999 3788 habuit3
3027 3716 3281 3789 propter

1714 3803 1879 3883 quod
1911 3804 1980 3863 in
2013 3804 2399 3880 Tridentino,
2424 3824 2569 3866 sess.
2596 3804 2660 3879 6,
2699 3824 2834 3884 cap.
2866 3806 2968 3880 21,
3002 3804 3279 3864 Clu-istus

1715 3896 2018 3957 Dominus
2060 3899 2282 3957 merito
2318 3898 2679 3978 appellatur,
2715 3914 3031 3980 supremus
3063 3896 3281 3964 Eccle-

1714 3990 1825 4053 sioe
1853 3990 2141 4065 conditor,
2169 3990 2486 4074 legislator
2509 3998 2567 4054 et
2589 3992 2969 4075 yubemator.

1798 4086 1856 4145 5.
1904 4084 2178 4148 Assertio
2206 4088 2463 4148 secunda
2488 4088 2555 4149 de
2581 4088 2721 4163 fide.
2755 4118 2834 4131 —
2864 4086 3175 4149 Probatur
3204 4100 3280 4145 ear

1721 4177 2073 4260 Scriptura.
2105 4212 2187 4227 --
2229 4178 2372 4239 Dico
2414 4180 2680 4240 secundo
2711 4195 2727 4239 z
2758 4178 2825 4239 in
2854 4178 3069 4239 ordine
3098 4176 3281 4257 perfi-

1717 4272 2013 4333 cientium
2044 4290 2151 4333 seu
2178 4272 2562 4333 secerdotum
2588 4272 2743 4334 varii
2768 4273 2952 4332 etiam
2977 4278 3121 4331 sunt
3144 4287 3281 4341 ,era-

1719 4364 1832 4425 dus
1869 4371 1931 4425 et
1960 4365 2149 4425 varim
2194 4372 2526 4445 potestates
2565 4367 2629 4425 in
2666 4364 2953 4437 Ecclesia,
2984 4366 3172 4425 etiam
3202 4380 3280 4423 ex

1720 4458 1944 4519 Christi
1976 4458 2218 4519 Domini
2246 4460 2655 4519 institutione.
2688 4459 2793 4519 Est
2816 4460 3000 4518 etiam
3035 4457 3280 4517 conclu·

1720 4552 1809 4612 sio
1838 4550 1969 4612 hece
1996 4552 2073 4612 de
2112 4550 2233 4612 fide
2277 4558 2465 4627 certa,
2496 4570 2573 4614 ex
2610 4552 2813 4613 citatis
2840 4552 3043 4611 verbis
3084 4550 3278 4625 Pauli,

1720 4646 1794 4707 ad
1827 4646 2051 4726 Ephes.
2082 4649 2146 4720 4,
2179 4652 2240 4707 et
2270 4648 2475 4708 Actor.
2510 4648 2611 4721 903
2648 4664 2803 4707 vers,
2836 4647 2935 4713 28.
2968 4652 3032 4706 et
3068 4650 3093 4705 1
3140 4648 3276 4707 Cor.

1719 4741 1782 4813 4,
1809 4740 2020 4817 initi03
2044 4746 2107 4801 et
2129 4737 2243 4799 hac
2272 4741 2510 4799 ratione
2536 4740 2887 4801 Sacerdotes
2914 4746 2975 4800 et
2999 4739 3281 4818 Episcopi

1716 4839 2016 4892 vocantur
2052 4831 2327 4895 ministri
2370 4833 2609 4897 Christi
2626 4860 2650 4907 ,·
2674 4834 2735 4893 id
2778 4834 3281 4913 etiam,1»atctex

1718 4924 1846 5005 ipsa
1875 4924 2159 4986 Ecclesiae
2179 4926 2529 5000 traditione,
2555 4926 2831 4986 Christus
2858 4926 3023 4986 euim
3051 4927 3283 5005 primos

1721 5019 2076 5079 Sacerdotes
2119 5025 2181 5080 et
2220 5020 2542 5099 Episcopus
2586 5020 2923 5095 ordinavit,
2972 5018 3113 5081 Luc.
3148 5020 3226 5078 22
3260 5040 3274 5077 :

1721 5112 1856 5175 Hoc
1879 5112 2069 5187 facite
2091 5110 2161 5174 in
2177 5130 2371 5175 >meam
2392 5115 2997 5177 cmmemorationem
3013 5139 3037 5185 ‚·
3060 5112 3276 5173 Matth.

1718 5204 1835 5266 28:
1867 5205 2035 5267 Data
2056 5209 2149 5267 est
2176 5207 2329 5268 milti
2360 5208 2553 5269 omnis
2574 5210 2842 5289 potestas
2872 5207 2938 5267 in
2964 5206 3103 5267 eoelo
3132 5212 3189 5266 et
3214 5206 3283 5266 in

1721 5305 1886 5360 terra
1908 5320 1934 5368 ;
1959 5304 2187 5371 euntes,
2218 5304 2359 5377 etc.;
2388 5307 2448 5361 et
2476 5300 2653 5361 Joan.
2681 5302 2798 5361 20:
2831 5296 3100 5379 Accipite
3132 5296 3284 5379 Spi-

1719 5390 1908 5453 ritwm
1943 5389 2243 5453 Sauctwm
2270 5420 2291 5453 .·
2322 5410 2574 5473 quorum
2604 5395 2965 5456 remiseritis
2992 5404 3243 5473 pec-eafa
3262 5438 3281 5467 ‚

1720 5488 2143 5557 reminiculum,
2186 5492 2331 5560 etc„
2366 5487 2441 5546 de
2477 5504 2599 5566 quo
2628 5488 2791 5547 infra
2833 5485 3013 5565 plura
3054 5486 3279 5547 dicam.

1721 5578 1854 5638 Non
1872 5584 2081 5638 tamen
2099 5578 2329 5640 definio
2347 5599 2425 5639 an
2442 5598 2543 5638 om
2552 5598 2659 5639 nes
2676 5578 2993 5659 Apostolos
3014 5580 3285 5640 Christus
