3900 6217
546 411 715 466 SECT.
751 413 832 466 lv,
868 414 950 465 m
984 413 1130 466 SPES
1163 412 1408 466 suem·
1440 413 1562 466 NON
1595 411 1798 466 SOLUH
1827 413 2029 466 Actus
2060 409 2423 465 TENDENTES
2456 409 2518 464 IN
2552 411 2777 476 BONUM,
2813 411 2946 465 Ere.

3233 403 3353 465 6¹5

189 519 280 603 qm·
307 515 494 599 mayis
527 519 696 578 amat
721 513 1041 594 justitiam
1061 563 1082 586 ,
1128 515 1323 599 magis
1373 517 1542 579 timet
1581 533 1708 578 eam
1788 515 2093 575 Incarnat.
2128 519 2444 575 tractatur.
2484 513 2662 575 Unde
2690 511 3061 588 BernarduS,
3092 509 3351 594 epistola

189 612 433 678 amittere
450 635 476 682 ,·
511 614 573 668 et
599 607 762 683 ideo,
791 607 835 669 l.
882 609 962 668 83
990 608 1412 681 Quaestionum
1438 656 1458 686 ,
1507 626 1570 688 q.
1605 611 1706 678 36,

1794 608 1932 682 109,
1963 608 2128 668 inter
2165 624 2401 668 errores
2436 606 2793 686 Abaylardi,
2822 605 3012 666 refert
3058 605 3345 684 timorem

189 704 335 776 dicit,
365 703 514 764 hanc
548 699 821 764 timorem
850 703 1130 782 perficere
1156 704 1502 784 sapientem.
1531 700 1710 762 Ratio
1790 719 1918 762 non
1952 717 2203 761 manere
2238 699 2305 760 in
2355 699 2553 779 patria
2577 715 2598 777 3
2637 715 2791 779 quos
2819 716 3059 759 errores
3090 698 3348 758 damnat

187 803 280 872 est,
313 793 450 874 quia
477 809 600 871 quo
637 792 862 874 aliquis
909 794 1109 874 magis
1137 800 1338 870 amat,
1393 812 1466 855 eo
1511 793 1712 873 magis

184 891 338 952 timet
369 887 616 967 perdere
647 887 745 948 vel
771 886 1084 949 offendere
1126 905 1260 950 rem
1291 894 1586 963 amatam,
1630 888 1712 948 si-

184 987 271 1044 cut
313 981 414 1042 ille
458 979 716 1043 cecinit:
749 981 874 1045 Res
923 987 1012 1045 ost
1037 979 1290 1046 solliciti
1317 981 1504 1064 plena
1542 980 1715 1044 timo-

181 1077 260 1142 ris
299 1093 482 1140 amor.

251 1172 340 1234 17.
383 1169 664 1236 Damnat
693 1170 1016 1234 instantia.
1059 1203 1139 1214 -
1175 1167 1604 1247 confirmatur.
1632 1203 1714 1217 -

181 1265 270 1332 Aa
293 1263 642 1328 instantiam
678 1263 898 1344 duplex
922 1263 1254 1346 responsio.
1277 1263 1472 1327 —Ad
1493 1263 1714 1342 confir-

181 1355 736 1423 matiam.—sed
780 1363 1017 1433 contra,
1050 1355 1141 1417 ait
1183 1355 1506 1418 Durandns
1547 1360 1612 1434 3,
1646 1356 1708 1420 d.

183 1455 268 1529 34,
296 1457 505 1532 quaest.
530 1453 594 1529 6,
623 1451 690 1513 id
719 1457 877 1514 esset
902 1468 1154 1528 verum,
1197 1450 1251 1512 si
1283 1456 1441 1513 esset
1481 1451 1716 1531 aequale

181 1546 539 1628 periculum3
580 1551 887 1608 crescente
929 1563 1079 1606 vero
1124 1545 1444 1621 charitate,
1487 1545 1717 1607 minui·

183 1647 273 1702 tur
303 1637 642 1720 perieulum
693 1637 1032 1720 peccandi;
1081 1655 1229 1716 ergo
1275 1641 1338 1699 et
1385 1639 1598 1699 timor.
1639 1635 1718 1700 Et

183 1732 582 1809 confirmatur,
613 1749 760 1794 nam
788 1730 967 1806 alias,
996 1735 1304 1793 crescente
1332 1749 1460 1811 spe,
1491 1749 1716 1794 cresce-

181 1834 260 1890 ret
294 1831 352 1886 et
375 1824 564 1887 timor
589 1824 851 1901 servilis,
885 1825 1032 1905 quia
1057 1825 1270 1886 crescit
1296 1843 1471 1886 amor
1496 1842 1717 1886 concu-

179 1917 465 2002 piscentiae
489 1933 512 1996 3
539 1934 918 1998 consequens
941 1925 1151 1979 autem
1179 1923 1271 1978 est
1291 1916 1537 1994 falsum,
1566 1936 1714 1979 nam

179 2019 460 2074 crescente
507 2011 737 2074 fiducia
787 2005 1094 2073 minuitur
1135 2012 1358 2088 timor,
1406 2018 1478 2072 ut
1527 2011 1716 2073 etiam

179 2107 332 2166 docet
376 2105 504 2185 ipse
555 2106 738 2167 divus
781 2105 1070 2167 Thomas,
1126 2105 1554 2186 Respondetur
1589 2106 1715 2186 pri·

177 2217 322 2261 mam
348 2199 711 2263 instantiam
753 2200 1012 2281 probare
1054 2217 1132 2261 ex
1161 2199 1369 2280 aliqua
1395 2206 1570 2280 parte
1599 2199 1716 2262 mi·

177 2294 268 2354 nni
289 2293 573 2355 timorem
595 2293 932 2356 secundnm
957 2293 1128 2372 qnid,
1169 2311 1295 2353 non
1331 2293 1712 2374 simpliciter,

177 2385 306 2466 quia
331 2391 550 2448 caetera
586 2403 714 2446 non
757 2391 900 2448 sunt
939 2385 1133 2465 paria,
1166 2392 1229 2447 et
1256 2387 1555 2467 majorem
1587 2387 1714 2447 vim

179 2479 342 2541 habet
379 2497 559 2541 amor
586 2497 776 2560 quam
819 2485 1038 2540 coetera
1077 2479 1326 2550 omnia3
1377 2481 1718 2558 praesertim

176 2574 302 2654 quia
329 2571 520 2634 simul
569 2590 710 2634 cum
746 2572 1041 2634 charitate
1086 2577 1352 2651 augetur
1398 2573 1720 2633 existima-

175 2665 250 2728 tio
287 2667 476 2728 divini
513 2665 794 2742 honoriS,
822 2665 1094 2744 cognitio
1129 2667 1363 2746 peccati
1407 2672 1468 2727 et
1494 2667 1722 2727 huma-

173 2779 256 2822 noe
278 2759 651 2840 fragilitatis..
675 2759 976 2832 Secund0‚
995 2760 1401 2840 respondetur
1420 2776 1496 2820 ex
1514 2761 1714 2820 Bona-

173 2861 408 2916 ventura
439 2853 665 2914 eadem
706 2852 1122 2914 distinctione.
1167 2854 1237 2914 In
1275 2853 1500 2914 timore
1543 2855 1710 2914 enim

175 2948 280 3008 duo
305 2952 485 3008 sunt:
546 2947 846 3021 anxietas,
877 2965 984 3006 seu
1020 2943 1268 3007 afflictio
1316 2947 1624 3026 quaedam,
1655 2953 1718 3008 et

175 3041 284 3101 haee
321 3040 638 3101 minuitur
677 3045 983 3101 crescente
1019 3039 1342 3115 charitate,
1375 3045 1436 3100 et
1464 3055 1719 3118 genera·

175 3140 260 3194 tur
287 3151 404 3214 pax
430 3131 826 3194 conscientias
851 3151 867 3204 3
896 3133 1232 3193 secundum
1268 3138 1360 3193 est
1387 3132 1537 3210 fuga
1566 3131 1715 3193 mali

172 3227 347 3287 divini
397 3223 736 3306 possibiliS,
771 3231 834 3286 et
882 3224 1013 3285 hoec
1063 3223 1223 3285 ratio
1257 3225 1500 3286 timoris
1532 3243 1716 3304 auge-

170 3325 260 3379 tur
281 3319 453 3398 juxta
479 3319 754 3380 rationes
791 3317 1008 3392 factas,
1039 3323 1103 3378 et
1139 3319 1340 3398 quoad
1390 3319 1507 3380 hoc
1548 3318 1713 3380 idem

170 3412 350 3473 fateor
377 3431 508 3474 esse
534 3411 614 3472 de
638 3411 862 3472 timore
891 3429 1110 3490 poenoe„
1144 3429 1256 3473 nec
1283 3412 1550 3492 amplius
1574 3432 1716 3473 con-

172 3504 418 3565 firmatio
465 3503 738 3585 probat3
775 3511 955 3564 aucta
995 3507 1162 3566 enim
1213 3523 1318 3585 spe
1348 3552 1368 3581 ,
1412 3505 1718 3566 minuitur

171 3596 424 3658 anxietas
451 3603 515 3658 et
549 3596 900 3658 sollicitudo
930 3613 951 3675 3
993 3597 1205 3670 crescit
1249 3617 1397 3659 vero
1435 3599 1717 3661 substan-

171 3689 246 3750 tia
282 3691 412 3770 ejus
433 3735 451 3765 ‚
502 3695 572 3751 ut
603 3696 695 3750 est
724 3689 872 3769 fuga
902 3689 1088 3763 mali3
1123 3699 1335 3752 tamen
1377 3709 1450 3751 ex
1482 3693 1713 3770 perfec·

171 3782 320 3842 tione
349 3783 678 3844 charitatis
717 3783 948 3844 dicitur
981 3783 1182 3844 minui
1227 3785 1436 3854 timor,
1467 3784 1615 3863 quia
1643 3783 1716 3845 fit

172 3882 231 3934 ut
253 3876 433 3938 homo
457 3879 674 3938 minus
695 3881 1029 3956 occupetur
1054 3877 1121 3937 in
1150 3876 1506 3956 hujusmodi
1537 3877 1716 3937 timo·

171 3985 247 4042 re,
271 3977 329 4031 et
367 3989 444 4032 ex
481 3971 594 4031 illo
621 3973 827 4032 minus
855 3977 1178 4032 moveatur
1205 3971 1280 4031 ad
1310 3972 1714 4054 operandum,

173 4063 352 4142 magis
377 4083 525 4126 vcro
557 4081 635 4125 ex
664 4063 860 4124 filiali.

243 4159 334 4219 18.
384 4157 673 4222 Secunda
697 4157 1061 4237 difficultas,
1087 4159 1366 4238 quomodo
1391 4157 1572 4220 timor
1593 4175 1722 4220 ma-

172 4257 294 4313 neat
328 4251 402 4332 in..
429 4253 673 4334 patria.
702 4283 784 4296 —
804 4251 1026 4314 Prima
1057 4251 1417 4334 supposita,
1447 4251 1723 4315 timorem

171 4361 407 4406 manere.
466 4345 766 4410 Videatur
813 4347 1044 4419 auctor,
1089 4346 1248 4426 disp.
1288 4347 1369 4406 20
1405 4345 1472 4406 de
1505 4343 1721 4406 Incar-

171 4441 284 4499 nat.
325 4443 466 4501 sect.
515 4439 583 4499 2.
605 4467 686 4483 —-
714 4437 998 4501 Secunda
1043 4438 1402 4517 suppositio,
1452 4436 1722 4500 timorem

170 4549 389 4595 manere
435 4533 623 4595 etiam
673 4532 867 4609 quoad
907 4535 1128 4594 actum.
1167 4563 1248 4577 -
1277 4530 1556 4591 Secunda
1603 4531 1721 4590 dit·-

171 4621 392 4685 ficnltas
411 4631 530 4701 est,
563 4623 874 4704 quomodo
896 4623 1085 4684 timor
1113 4629 1360 4684 maneat
1387 4623 1454 4683 in
1487 4623 1711 4703 patria.

171 4716 309 4776 Nam
354 4717 524 4796 qnod
557 4717 918 4796 simpliciter
946 4715 1253 4796 loquendo
1291 4722 1560 4792 maneat,
1593 4735 1722 4776 cer-

171 4809 464 4872 tissimum
525 4818 620 4873 est
655 4829 731 4873 ex
797 4811 907 4871 illo
947 4809 1171 4870 Psalmi
1202 4809 1310 4870 18:
1345 4809 1554 4872 fimor
1601 4811 1722 4886 Do·v

171 4904 312 4965 mini
336 4911 594 4970 sanctus
621 4919 986 4986 permanens
1025 4901 1093 4963 in
1148 4901 1436 4965 soeculwm
1485 4903 1716 4965 soeoali.

173 4995 278 5068 Qui
319 4998 491 5058 locus
523 5015 650 5058 non
697 4999 844 5057 satis
889 4996 1229 5075 explicatur
1264 4995 1338 5056 de
1386 4992 1610 5056 effectu
1649 4995 1728 5056 ti-

173 5089 370 5169 moriS,
406 5093 575 5173 quod
620 5089 856 5152 indicat
901 5089 1307 5168 Augustinus,
1341 5091 1418 5149 14
1446 5087 1524 5148 de
1574 5089 1729 5150 Civi-

172 5188 312 5259 tate,
343 5185 548 5265 capite
583 5187 646 5261 9,
684 5195 821 5245 tum
855 5183 1004 5262 quia
1035 5189 1234 5263 potest
1280 5179 1545 5259 intelligi
1585 5199 1729 5241 cum

173 5278 559 5357 proprietate,
593 5284 656 5339 et
700 5280 787 5339 ita
827 5274 1197 5355 intelligitur
1223 5291 1260 5334 a
1291 5273 1612 5348 Patribus;
1665 5280 1728 5336 et

174 5367 292 5446 ipse
321 5369 726 5449 Augustinus,
759 5367 1038 5449 quamvis
1066 5367 1238 5427 illam
1280 5366 1727 5448 expositionem

175 5459 412 5538 referat,
442 5467 656 5524 tamen
679 5480 805 5523 non
829 5460 1102 5521 excludit
1125 5457 1326 5536 hanc;
1349 5470 1485 5519 tum
1514 5459 1726 5536 etiam,

1795 793 2212 868 Innocentius,
2246 791 2502 872 epistola
2540 793 2656 854 194
2694 793 2857 853 inter
2892 791 3178 872 epistolas
3204 792 3349 852 Ber·

1795 885 1997 948 nardi.
2028 885 2333 962 SecundO,
2373 891 2610 946 certum
2656 889 2750 949 est
2797 884 2914 946 hoc
2956 903 3081 946 non
3127 883 3351 945 debere

1795 977 1996 1040 solum
2038 977 2305 1058 intelligi
2333 978 2409 1039 de
2436 977 2677 1052 habitu,
2708 978 2813 1039 sed
2858 978 3047 1039 etiam
3092 976 3169 1038 de
3204 981 3343 1038 actu

1794 1072 2037 1134 timoris
2061 1089 2081 1150 3
2137 1069 2301 1152 quod
2350 1090 2478 1133 non
2530 1071 2663 1133 sine
2713 1071 3059 1134 temeritate
3110 1071 3355 1132 videtur

1793 1183 2047 1244 negasse
2087 1166 2433 1241 Durandus,
2466 1166 2608 1227 dist.
2639 1167 2741 1241 34,
2774 1170 2992 1246 qnaest.
3024 1165 3085 1240 3,
3119 1164 3198 1224 ad
3230 1163 3356 1244 pri-

1795 1277 1994 1336 mum,
2026 1265 2240 1321 contra
2277 1259 2661 1341 Magistrum,
2692 1259 2762 1321 D.
2794 1257 3120 1336 Thomam,
3158 1262 3219 1318 et
3260 1275 3353 1318 re-

1793 1351 1993 1433 liquos
2016 1352 2390 1434 Theologos3
2427 1369 2574 1415 nam
2603 1370 2775 1414 sacra
2812 1351 3129 1432 Scriptura
3146 1351 3351 1430 magis

1797 1445 1875 1506 de
1899 1443 2139 1506 actibus
2165 1463 2353 1526 quam
2386 1445 2462 1507 de
2488 1445 2801 1507 habitibus
2828 1444 3137 1526 loquitur3
3175 1450 3236 1503 et
3264 1443 3351 1504 ita

1799 1535 1876 1598 de
1901 1544 2043 1598 actu
2064 1539 2316 1619 exponit
2344 1539 2603 1600 citatum
2618 1537 2825 1600 locum
2850 1537 3075 1598 Psalmi
3110 1537 3209 1610 18,
3228 1537 3355 1596 Au-

1797 1631 2103 1708 gustinus,
2130 1637 2304 1694 tract.
2331 1633 2410 1694 43
2438 1632 2504 1692 in
2530 1631 2782 1708 Joann.‚
2812 1634 2927 1694 et9
2954 1630 3021 1692 in
3051 1633 3081 1693 1
3116 1631 3351 1692 Canon.

1794 1723 2019 1786 Joann.
2043 1747 2061 1800 3
2095 1725 2246 1786 item
2280 1724 2399 1788 Job
2421 1726 2538 1801 26,
2568 1743 2711 1787 cum
2748 1725 3007 1786 dicitur:
3053 1721 3353 1787 Columna·

1796 1817 1930 1883 cali
1949 1825 2178 1900 pavent
2206 1825 2263 1883 et
2283 1821 2767 1896 contremiscant,
2796 1835 2999 1879 sermo
3032 1823 3121 1880 est
3150 1817 3226 1878 de
3258 1835 3357 1878 ac-

1794 1919 1907 1990 tu3
1959 1921 2021 1973 et
2048 1921 2256 1974 tamen
2300 1914 2378 1974 de
2413 1912 2666 1993 Angelis
2702 1913 2765 1974 id
2809 1909 3102 1989 intelligit
3128 1909 3357 1990 Grego-

1794 2007 1948 2082 riuS,
1984 2010 2059 2068 17
2096 2007 2447 2083 Moralium,
2479 2005 2680 2088 capite
2716 2007 2814 2068 14.

1881 2103 1977 2164 19.
2030 2094 2322 2174 Quisnam
2348 2100 2433 2163 sit
2456 2097 2789 2181 praedictus
2822 2104 3109 2162 actas·.—
3137 2097 3358 2160 Prima

1795 2197 2019 2276 opinio.
2041 2227 2123 2241 —
2146 2193 2475 2274 Rejicitar.
2492 2227 2571 2238 —
2588 2193 2873 2256 Socanda
2898 2191 3352 2272 optata—Non

1789 2305 2049 2370 prorsus
2076 2287 2411 2365 satisfacit.
2440 2319 2520 2333 —
2542 2284 2877 2348 Difficultas
2918 2303 3064 2346 vero
3095 2291 3186 2346 est
3208 2285 3357 2366 quid

1799 2381 1877 2441 sit
1911 2379 2018 2440 ille
2050 2385 2239 2443 actua.
2283 2381 2490 2441 Prima
2522 2378 2733 2460 opinio
2760 2380 2849 2440 ait
2882 2395 3013 2440 esse
3042 2395 3351 2438 summam

1800 2471 2135 2554 quamdam
2184 2475 2589 2535 reverentiam
2619 2518 2638 2548 ‚
2670 2489 2857 2552 quam
2907 2470 3077 2533 Beati
3120 2470 3355 2532 habent

1800 2585 1947 2648 erga
1974 2568 2209 2644 Deum3
2256 2567 2343 2628 ita
2387 2567 2455 2629 D.
2502 2566 2791 2641 ThomaS,
2822 2567 2858 2627 3
2896 2571 3085 2645 part„
3132 2569 3353 2644 quaest.

1801 2664 1862 2734 7,
1903 2661 2076 2722 artic.
2110 2663 2194 2735 63
2248 2666 2309 2722 et
2369 2659 2659 2738 Magister
2702 2675 2887 2738 supra
2924 2706 2936 2727 ‚
2982 2663 3043 2718 et
3080 2657 3144 2717 in
3186 2675 3360 2718 sacra

1792 2753 2109 2834 Scriptura
2136 2751 2447 2814 interdum
2476 2753 2616 2813 talis
2643 2759 2812 2812 actus
2843 2757 3099 2813 vocatur
3139 2751 3355 2826 timor,

1795 2849 1939 2909 Luc.
1983 2848 2060 2907 17
2087 2861 2103 2907 :
2137 2843 2385 2928 Accepit
2420 2863 2618 2908 omnes
2656 2847 2876 2922 timor,
2908 2850 2967 2908 et
2994 2845 3355 2926 maqnifioa-

1801 2942 1944 3004 bant
1968 2941 2184 3004 Deum.
2214 2942 2448 3001 Tamen
2489 2939 2591 3000 hic
2618 2942 2789 2999 actus
2817 2938 2902 2998 sic
2926 2937 3236 3017 expositus
3270 2937 3349 2998 ad

1799 3034 2163 3112 religionem
2192 3037 2446 3114 spectat,
2484 3039 2544 3095 et
2572 3049 2700 3093 non
2730 3035 3010 3092 versatur
3034 3031 3195 3092 circa
3224 3049 3360 3092 ma·

1797 3128 1952 3204 lum,
1982 3133 2051 3188 ut
2079 3128 2188 3204 sic,
2220 3144 2412 3208 quare
2436 3143 2563 3186 non
2590 3131 2682 3187 est
2721 3123 2966 3206 proprie
3003 3123 3208 3186 timor.
3246 3125 3351 3186 Se-

1797 3221 1999 3281 cunda
2032 3220 2244 3300 opinio
2288 3218 2425 3280 vult
2464 3237 2593 3279 esse
2625 3217 3099 3279 admirationem
3141 3235 3357 3296 quam-

1796 3315 1939 3374 dam
1988 3315 2319 3374 Beatornm
2365 3312 2442 3373 de
2496 3312 2605 3373 Dei
2662 3309 3027 3372 excellentia
3050 3354 3070 3385 ,
3120 3311 3361 3372 ratione

1797 3409 1975 3486 cujus
2027 3405 2277 3486 fugiunt
2329 3406 2607 3486 judicare
2656 3403 2755 3466 vel
2804 3404 3044 3464 curiose
3101 3401 3364 3464 scrutari

1797 3501 2327 3580 magnificentiam
2380 3501 2488 3561 Dei
2518 3523 2533 3572 ;
2569 3497 2648 3561 ad
2680 3516 2865 3578 quem
2918 3496 3173 3558 modum
3224 3497 3363 3557 Dio·

1797 3597 2035 3674 nysius,
2067 3596 2104 3655 3
2132 3594 2317 3675 capit.
2346 3592 2583 3655 Coelest.
2616 3591 2959 3664 Hierarch.,
2983 3590 3236 3670 exponit
3265 3588 3357 3649 vi-

1797 3689 2033 3749 sionem
2055 3688 2249 3764 lsaiae,
2280 3687 2355 3749 de
2384 3686 2731 3766 Seraphim,
2752 3686 2867 3764 qui
2895 3682 3183 3745 velabant
3209 3682 3361 3741 dua·

1793 3781 1909 3843 hus
1935 3781 2049 3842 alis
2074 3781 2261 3844 facies
2290 3800 2433 3843 suas
2459 3801 2475 3854 ;
2508 3787 2569 3842 et
2603 3781 2789 3860 Apoc.
2822 3780 2920 3854 15,
2951 3777 3168 3838 dicunt
3190 3775 3363 3836 Beati

1797 3875 1956 3936 Deo:
1989 3877 2228 3958 Maqna
2266 3881 2323 3939 et
2371 3873 2756 3938 admirabilia
2783 3878 2929 3936 sant
2970 3889 3152 3954 opera
3206 3873 3361 3946 tua,-

1799 3974 1859 4030 et
1883 3971 2125 4031 statim:
2166 3967 2315 4043 Quis
2354 3987 2474 4030 non
2520 3967 2753 4031 timebit
2778 3973 2868 4040 te,
2919 3971 2976 4030 et
3010 3965 3356 4048 maqnifica-

1804 4062 1938 4125 bit?
1978 4063 2251 4142 Denique
2280 4063 2347 4124 D.
2382 4062 2651 4123 Thomas
2681 4065 2740 4121 1.
2788 4061 2848 4135 2,
2880 4078 2941 4139 q.
2976 4059 3055 4119 42
3076 4105 3093 4132 ,
3144 4065 3262 4120 art.
3294 4059 3360 4136 4,

1802 4160 2092 4217 numerat
2135 4155 2615 4216 admirationem
2641 4147 2801 4216 inter
2842 4143 3069 4234 species
3098 4151 3359 4214 timoris.

1805 4249 1924 4312 Sed
1952 4268 2155 4329 neque
2190 4248 2307 4310 hoc
2349 4249 2493 4309 satis
2522 4247 2785 4328 explicat
2831 4262 3005 4324 rem3
3036 4264 3183 4306 nam
3234 4251 3364 4308 tota

1802 4341 1911 4402 illa
1939 4341 2291 4418 admiratio,
2324 4346 2393 4400 ut
2418 4346 2509 4402 est
2537 4341 2604 4402 in
2637 4338 2979 4416 intellectu,
3012 4339 3169 4400 nihil
3194 4337 3365 4400 aliud

1800 4441 1891 4496 est
1924 4453 2115 4514 quam
2142 4435 2415 4515 cognitio
2445 4434 2675 4495 divinae
2727 4430 3371 4512 incomprehensibili-

1799 4530 1944 4590 tatis
1971 4545 1991 4605 3
2025 4535 2095 4589 ut
2122 4547 2268 4590 vero
2298 4546 2431 4588 esse
2477 4533 2678 4607 potest
2710 4527 2776 4586 in
2818 4524 3158 4601 voluntate,
3195 4523 3365 4585 aliud

1800 4639 1930 4682 esse
1979 4640 2105 4682 non
2152 4627 2351 4701 potest
2386 4637 2577 4700 quam
2621 4619 2719 4680 vel
2778 4625 2949 4679 actus
2998 4617 3361 4678 reverentias

1801 4731 1948 4792 erga
1986 4715 2199 4790 Deum,
2232 4712 2330 4775 vel
2371 4721 2535 4773 certe
2564 4711 2711 4792 fuga
2754 4711 3015 4790 alicujus
3061 4709 3369 4771 immode-

1799 4809 1922 4870 rati
1988 4809 2275 4870 desiderii
2340 4807 2505 4869 circa
2571 4805 3370 4886 incomprehensibilitatem

1805 4902 1945 4974 Dei3
1998 4902 2307 4981 quomodo
2360 4901 2603 4962 videtur
2635 4899 2882 4981 proprie
2922 4898 3107 4960 tribui
3142 4899 3365 4959 BeatiS.

1807 4995 1983 5056 Unde
2012 4996 2081 5056 D.
2114 4996 2382 5056 Thomas
2413 5000 2471 5056 1.
2502 4997 2565 5070 2,
2598 5013 2658 5074 q.
2692 4995 2793 5069 41,
2826 4999 2943 5054 art.
2975 4994 3037 5068 4,
3070 4991 3148 5052 ad
3177 4993 3240 5066 4,
3268 4991 3373 5052 ad-

1807 5087 2199 5148 mirationem
2229 5087 2382 5148 dicit
2411 5105 2541 5148 esse
2570 5087 2646 5147 de
2678 5086 2886 5166 aliquo
2916 5102 3142 5164 magno
3180 5083 3369 5159 male,

1807 5177 1977 5260 quod
2020 5185 2092 5239 ut
2149 5180 2503 5241 inevitabile
2554 5178 3078 5259 apprehenditur,
3132 5178 3197 5237 in
3251 5195 3375 5257 qua

1809 5271 2183 5351 proprietate
2231 5292 2357 5335 non
2396 5277 2489 5333 est
2517 5271 2578 5333 in
2622 5271 2847 5332 BeatiS.

1890 5368 1990 5427 20.
2038 5365 2249 5431 Tertia
2294 5365 2490 5447 opinio
2516 5365 2854 5448 probatior.
2888 5395 2967 5410 -
2989 5363 3193 5424 Tertio
3224 5381 3372 5442 ergo

1813 5457 2039 5519 dicitur
2077 5457 2312 5520 donum
2348 5459 2611 5534 timoris,
2644 5463 2713 5519 ut
2749 5474 2937 5536 supra
2980 5461 3072 5516 est
3112 5455 3372 5536 explica-

179 5553 312 5634 quia
351 5555 419 5617 in
467 5555 708 5618 Christo
752 5553 873 5616 fuit
902 5553 1110 5628 timor,
1147 5559 1219 5612 ut
1267 5551 1334 5612 in
1365 5552 1624 5614 materia
1655 5551 1732 5614 de
1815 5559 1977 5630 tum,
2009 5553 2097 5614 ita
2150 5571 2323 5633 posse
2367 5569 2621 5613 manere
2661 5551 2725 5612 in
2773 5550 2996 5626 Beatis,
3041 5549 3197 5610 sicut
3224 5554 3383 5610 tem-
