3900 6217
541 378 570 438 -5
582 377 659 440 530

539 583 685 639 rant
709 580 904 636 totam
927 571 1366 634 revelationem
1389 571 1556 632 tidei.
1582 570 1755 634 Unde
1770 570 1944 632 facile
1968 587 2111 650 pro·

541 669 726 730 batur
751 667 910 730 ratio
935 665 1138 746 prima
1152 709 1168 737 ,
1212 666 1360 745 quia
1397 671 1770 744 praeceptum
1809 681 2111 743 superna·-

542 761 742 822 turale
765 759 910 821 fidei
928 776 1058 820 non
1081 758 1486 836 cognoscitur,
1511 757 1630 818 nisi
1649 773 1756 834 per
1785 755 2109 818 revelatio-

542 872 690 916 nem
731 851 1261 932 supernaturalem
1287 851 1656 929 sufficienter
1699 851 2103 929 propositam,

542 947 687 1027 quia
713 945 868 1012 illud
897 945 1102 1024 ipsum
1129 949 1505 1022 praeceptum
1528 951 1620 1006 est
1651 945 1967 1024 quoddam
2006 962 2109 1006 su·-

542 1038 936 1118 pernaturale
949 1037 1282 1114 objectum.
1303 1036 1512 1098 Altera
1529 1037 1968 1116 consequentia
1982 1038 2108 1098 evi·

543 1133 696 1194 dens
723 1140 836 1206 est,
866 1131 1014 1210 quia
1051 1147 1180 1190 non
1207 1135 1408 1209 potest
1429 1133 1668 1210 peccari
1697 1137 1910 1192 contra
1950 1130 2107 1192 obli-

543 1226 857 1304 gationem
903 1222 1458 1302 supernaturalem,
1507 1224 1784 1302 quandiu
1815 1241 2109 1302 superna·

541 1319 739 1380 turale
783 1323 1183 1398 proeceptum,
1228 1334 1267 1376 a
1317 1333 1438 1395 quo
1473 1316 1582 1378 illa
1621 1316 1917 1396 obligatio
1960 1335 2107 1378 nas-

542 1413 724 1486 citur,
755 1409 1201 1472 invincibiliter
1252 1409 1599 1486 ignoratur.
1654 1411 1830 1472 Unde
1871 1409 2105 1472 confir-

544 1511 752 1566 matur
777 1504 1002 1583 primo,
1051 1503 1201 1583 quia
1243 1502 1310 1564 hi
1357 1501 1660 1579 infideles,
1709 1503 1859 1564 dum
1897 1509 2109 1564 errant

541 1598 701 1659 circa
719 1598 902 1658 istam
915 1596 1265 1670 materiam,
1287 1614 1416 1656 non
1439 1596 1736 1658 recedunt
1757 1615 1794 1656 a
1823 1597 2107 1658 testimo·

541 1689 648 1750 nio
672 1689 890 1769 primae
917 1689 1191 1750 veritatis
1212 1703 1231 1764 ;
1257 1706 1406 1766 ergo
1433 1706 1560 1750 non
1585 1693 1840 1768 peceant
1861 1689 2108 1768 propria

541 1782 722 1862 culpa
735 1782 1138 1844 infidelitatis.
1161 1782 1617 1861 Consequentia
1635 1782 1802 1844 clara
1823 1788 1934 1858 est,
1959 1783 2106 1861 quia

539 1875 698 1936 sicut
717 1895 996 1938 assensus
1021 1876 1191 1952 fidei,
1223 1876 1410 1937 etiam
1454 1882 1526 1936 ut
1577 1877 1740 1936 cadit
1786 1877 1853 1936 in
1913 1876 2103 1936 talem

542 1973 892 2046 materiam,
920 1970 1169 2032 fundari
1193 1969 1372 2032 debet
1407 1970 1472 2030 in
1498 1971 1852 2031 testimonio
1880 1970 2100 2049 primae

539 2067 835 2139 veritatis,
857 2065 945 2126 ita
963 2063 1290 2124 infidelitas
1300 2064 1461 2124 circa
1481 2063 1759 2124 eamdem
1777 2064 2103 2124 materiam

541 2178 669 2220 non
692 2158 1121 2229 committitur,
1153 2157 1272 2218 nisi
1308 2175 1418 2236 per
1449 2157 1793 2218 dissensum
1827 2175 1866 2216 a
1903 2155 2105 2235 prima

540 2252 822 2314 veritate.
843 2250 1226 2314 Antecedens
1244 2256 1456 2311 autem
1476 2249 1792 2328 probatur,
1815 2249 1965 2326 quia
1983 2248 2105 2310 illis

541 2364 669 2408 non
705 2351 797 2406 est
838 2344 1220 2424 propositum
1271 2344 1698 2404 testimonium
1751 2343 1971 2421 primae
2001 2360 2103 2403 ve-

539 2439 737 2500 ritatis
777 2439 936 2498 circa
984 2436 1177 2499 talem
1219 2436 1544 2497 materiam
1568 2451 1589 2511 ;
1645 2435 1764 2496 hoc
1811 2435 1983 2496 enim
2039 2435 2105 2494 in

541 2550 683 2593 casu
709 2531 1100 2611 supponitu13
1135 2547 1283 2608 ergo
1316 2547 1444 2590 non
1469 2533 1728 2608 possunt
1756 2527 2106 2589 voluntarie

540 2625 865 2686 dissentire
915 2622 1025 2684 tali
1069 2623 1442 2684 testimonio.
1478 2619 1893 2684 confirmatur
1933 2621 2106 2682 deni-

541 2735 684 2797 que,
729 2718 876 2797 quia
923 2717 1024 2778 vel
1069 2716 1172 2776 isti
1219 2720 1474 2796 peceant
1508 2733 1620 2795 per
1672 2713 2105 2776 infidelitatem

542 2811 898 2872 omissivam
960 2813 1052 2886 (ιιι
1123 2810 1208 2870 sic
1255 2808 1505 2886 dicam,)
1557 2806 1786 2868 scilicet
1840 2808 2105 2868 carendo

543 2921 794 2966 assensu
821 2903 966 2964 fidei
999 2901 1385 3006 circa‘iem
1413 2901 1766 2976 materiam,
1790 2900 1889 2961 vel
1929 2900 2107 2979 quasi

542 2997 1017 3070 commissivam,
1042 2995 1300 3074 positive
1324 2994 1586 3055 errando
1611 2993 1676 3055 in
1691 2993 1802 3054 tali
1819 2994 2104 3070 materia3

543 3097 838 3151 neutrum
873 3090 992 3150 dici
1041 3094 1262 3168 potest3
1289 3105 1437 3166 ergo
1459 3088 1528 3148 in
1553 3087 1788 3150 nullam
1821 3087 2109 3148 incidunt

541 3182 924 3244 infidelitatis
973 3181 1240 3262 culpam.
1303 3181 1602 3242 Probatur
1653 3181 1859 3242 minor
1901 3180 2105 3260 quoad

543 3277 812 3356 priorem
831 3281 1092 3356 partem,
1105 3275 1252 3354 quia
1273 3292 1552 3336 assensus
1569 3273 1716 3334 fidei
1739 3274 1900 3334 circa
1919 3274 2107 3335 talem

544 3370 871 3432 materiam
899 3375 990 3430 est
1017 3369 1138 3430 illis
1165 3367 1594 3447 impossibilis;
1643 3385 1794 3445 ergo
1831 3368 2106 3429 carentia

545 3465 677 3542 ejus
704 3480 832 3524 non
861 3468 1060 3541 potest
1087 3479 1216 3522 esse
1235 3459 1481 3521 omissio
1509 3459 1856 3539 culpabilis.
1889 3459 2105 3534 Quoad

544 3556 803 3616 alteram
830 3573 978 3616 vero
998 3561 1235 3634 partem
1259 3551 1577 3631 probatur,
1603 3553 1752 3632 qnia
1777 3551 1882 3613 ille
1907 3570 2101 3627 error,

543 3653 845 3726 quatenus
877 3653 970 3709 est
1007 3653 1222 3708 contra
1243 3645 1454 3720 fidem,
1485 3647 1553 3705 in
1583 3645 1703 3705 illis
1748 3645 2107 3706 hominibus

543 3741 817 3802 nascitur
843 3758 918 3802 ex
949 3740 1302 3819 ignorantia
1354 3739 1660 3818 privativa
1715 3737 2102 3817 inculpabili,

543 3842 615 3895 ut
643 3853 723 3895 ex
757 3832 1122 3914 probatione
1149 3833 1370 3913 prioris
1399 3833 1590 3912 partis
1639 3837 1906 3906 constat3
1956 3849 2107 3910 ergo

543 3929 734 3990 etiam
756 3929 890 4008 ipse
915 3946 1086 3990 error
1115 3935 1208 3990 est
1251 3925 1644 4007 inculpabilis
1675 3931 1961 4004 respectu
2004 3943 2107 3988 su·

541 4021 952 4102 pernaturalis
982 4021 1152 4082 fidei.

621 4116 682 4176 4.
727 4113 830 4178 Aa
877 4114 1176 4178 rationem
1203 4113 1518 4176 dubitandi
1559 4112 1768 4194 prima
1825 4129 2109 4193 quorum-

543 4205 684 4272 dum
715 4209 1040 4272 relative-
1059 4207 1478 4286 Rejioitur.--
1517 4207 1670 4273 Vera
1691 4207 2109 4289 responsio.—

543 4299 814 4381 Objectio
841 4308 1054 4364 autem
1084 4301 1154 4362 in
1183 4301 1566 4362 contrarium
1606 4300 1766 4362 facta
1804 4305 1936 4362 tota
1960 4319 2109 4380 pen-

544 4393 648 4456 det
675 4415 752 4456 ex
777 4396 885 4456 illo
913 4413 1064 4458 casu
1094 4394 1171 4456 de
1203 4392 1444 4454 infante
1483 4393 1814 4472 baptizato,
1845 4399 1910 4456 et
1942 4395 2107 4454 inter

543 4487 824 4552 infideles
869 4490 1152 4564 educato,
1183 4488 1294 4566 qui
1325 4492 1540 4566 postea
1567 4487 1631 4548 in
1670 4485 1884 4548 adulta
1925 4492 2105 4548 aetate

543 4597 760 4643 eorum
785 4599 1026 4642 errores
1064 4579 1414 4661 profitetur,
1444 4579 1521 4640 de
1549 4597 1670 4658 quo
1693 4579 1991 4657 quaeritur
2020 4595 2103 4639 an

541 4676 788 4737 amittat
816 4672 1103 4734 habitum
1145 4671 1292 4734 fidei
1337 4689 1556 4734 necne.
1589 4673 1658 4732 In
1700 4689 1824 4750 quo
1867 4671 2099 4750 duplex

543 4774 636 4830 est
661 4767 882 4828 modus
905 4765 1355 4846 respondendi:
1391 4765 1560 4844 prior
1585 4773 1678 4826 est
1709 4764 2103 4826 concedendo

543 4860 724 4922 illum
771 4858 1058 4920 amittere
1093 4857 1378 4918 habitum
1420 4857 1590 4933 fidei,
1639 4863 1888 4936 propter
1917 4858 2107 4920 ratio-

541 4973 688 5016 nem
713 4970 902 5033 supra
929 4951 1186 5027 saetam,
1217 4969 1340 5030 quo
1367 4952 1590 5031 posito,
1619 4951 1948 5012 dicendum
1985 4952 2103 5012 erit

543 5047 828 5108 habitum
853 5044 1003 5106 fidei
1027 5063 1157 5106 non
1184 5050 1430 5106 tantum
1458 5045 1662 5106 amitti
1702 5049 1948 5124 propter
1976 5043 2105 5105 cul·

545 5157 711 5220 pam,
747 5138 856 5200 sed
895 5139 1085 5200 etiam
1124 5141 1374 5217 propter
1417 5137 1736 5218 physicam
1774 5135 2107 5216 oppositio-

542 5250 715 5309 nem,
745 5230 847 5293 vel
865 5231 1030 5292 inter
1057 5248 1296 5292 errores
1315 5237 1378 5292 et
1403 5229 1616 5306 fidem,
1642 5229 1740 5291 vel
1773 5230 1936 5292 inter
1966 5247 2105 5308 pra-

541 5344 688 5388 vam
728 5324 1194 5405 dispositionem
1225 5325 1558 5386 voluntatis
1607 5323 1844 5386 affectae
1878 5323 1955 5386 ad
1989 5324 2105 5384 hu-

537 5419 810 5499 jusmodi
855 5436 1094 5482 errores
1122 5463 1143 5494 ‚
1187 5423 1250 5480 et
1295 5424 1742 5498 consequenter
1783 5434 2015 5478 aversae
2066 5435 2105 5479 a

541 5515 648 5594 pia
683 5513 834 5576 fidei
881 5511 1223 5576 affectione·
1255 5512 1374 5576 Sed
1431 5511 1535 5574 hic
1580 5511 1798 5574 modus
1855 5511 2104 5574 dicendi

994 377 1232 434 ntsru'r.
1267 375 1416 432 XVII.
1452 381 1534 434 ΒΕ
1565 377 1948 434 lurtnsstfflns
1980 375 2104 430 NON
2137 380 2477 436 arosurls
2506 381 2717 447 Quom
2749 379 2963 436 EORUM
2998 380 3287 436 recens.

543 493 606 544 et
641 479 940 554 absolute,
975 485 1038 540 et
1070 497 1214 541 cum
1242 479 1460 542 eadem
1499 478 1892 540 excusatione
1935 479 2113 555 igno-

2193 480 2352 542 mihi
2398 499 2524 544 non
2564 477 2860 560 probatur
2873 526 2896 557 ,
2938 481 3141 560 primo
3188 487 3423 562 propter
3461 491 3679 551 auetori-

2189 577 2381 636 tatem
2416 573 2693 648 Concilii‚
2730 573 2989 634 dicentis
3033 572 3313 636 habitum
3338 574 3471 638 fidei
3496 579 3679 644 infuse

2190 682 2319 726 non
2374 666 2581 728 amitti
2630 666 2757 728 nisi
2793 685 2906 744 per
2942 665 3321 728 infidelitatis
3364 678 3677 747 peccatum3

2190 759 2483 832 secundo,
2518 760 2667 839 quia
2694 759 2828 820 fieri
2874 765 3073 838 potest
3115 764 3183 818 ut
3212 759 3343 820 talis
3384 761 3685 839 ignorantia

2187 851 2287 912 vel
2326 869 2502 914 error
2530 853 2611 914 sit
2639 851 3021 917 invincibilis
3052 851 3421 931 simpliciter,
3440 855 3605 918 etiam
3628 867 3686 920 ut

2187 949 2281 1006 est
2324 952 2539 1006 contra
2578 945 2795 1008 lumen
2825 951 3093 1019 naturai,
3134 943 3349 1006 saltem
3390 964 3493 1024 pro
3514 948 3684 1027 aliquo

2190 1043 2489 1118 tempore,
2530 1045 2602 1100 ut
2646 1038 2861 1100 statim
2902 1038 3151 1100 dicam:
3198 1055 3343 1115 ergo
3372 1037 3497 1100 fieri
3525 1046 3687 1120 potest

2187 1138 2260 1192 ut
2305 1132 2409 1194 ille
2444 1133 2633 1196 homo
2674 1151 2787 1214 pro
2815 1132 3027 1212 aliquo
3078 1138 3353 1209 tempore
3374 1150 3492 1192 non
3518 1141 3688 1210 peccet

2188 1225 2578 1303 mortaliter3
2610 1243 2758 1304 ergo
2790 1244 2916 1290 non
2966 1225 3215 1287 amittet
3238 1224 3528 1302 gratiam3
3570 1245 3689 1304 ergo

2189 1318 2387 1380 multo
2418 1319 2624 1380 minus
2662 1319 2895 1380 amittit
2938 1318 3150 1382 fidem.
3184 1317 3383 1386 Tertio
3400 1365 3417 1392 ,
3462 1319 3589 1397 quia
3626 1320 3691 1380 ad

2189 1413 2570 1494 perdendam
2610 1412 2798 1479 fidem
2844 1431 2972 1474 non
3022 1409 3171 1474 satis
3218 1415 3309 1474 est
3340 1427 3499 1473 error
3538 1412 3693 1472 etiam

2166 1506 2513 1594 ¹culpabilis
2558 1525 2669 1586 per
2710 1503 3158 1584 negligentiam
3180 1549 3203 1579 ,
3244 1502 3366 1566 nisi
3400 1503 3697 1566 intercedat

2188 1599 2529 1678 pertinacia
2552 1615 2574 1675 ;
2618 1606 2681 1660 et
2708 1599 2849 1660 ideo
2872 1642 2893 1673 ,
2922 1603 2997 1658 ut
3024 1593 3215 1676 sup‘ra
3247 1594 3398 1670 dixi,
3426 1602 3603 1675 potest
3638 1596 3695 1658 fi-

2190 1691 2347 1752 delis
2388 1709 2599 1754 errare
2639 1690 3030 1770 culpabiliter
3067 1690 3137 1751 in
3165 1706 3295 1750 una
3332 1687 3427 1750 vel
3455 1687 3566 1750 alia
3584 1707 3697 1768 pro-

2186 1785 2513 1864 positione,
2548 1791 2611 1848 et
2637 1803 2767 1846 non
2794 1784 3003 1846 statim
3034 1783 3292 1864 perdere
3326 1780 3527 1858 fidem,
3552 1797 3613 1842 ut
3630 1781 3699 1846 la·

2186 1878 2310 1940 tius
2358 1877 2523 1938 infra
2570 1883 2905 1940 tractantes
2948 1876 3027 1938 de
3060 1875 3282 1939 hairesi
3327 1876 3597 1938 dicemus.
3637 1875 3700 1936 At

2166 1965 2333 2032 'vero
2373 1971 2441 2032 in
2486 1971 2765 2045 homine,
2814 1969 2891 2032 de
2940 1989 3064 2050 quo
3114 1975 3467 2043 tractamus,
3494 1986 3607 2030 non
3628 1973 3704 2029 est

2182 2065 2521 2144 pertinacia
2540 2109 2559 2140 ,
2612 2083 2757 2126 cum
2806 2083 2931 2126 non
2976 2067 3055 2126 sit
3096 2063 3433 2124 instructus
3478 2062 3539 2122 in
3562 2060 3697 2133 fide3

2183 2176 2329 2238 ergo
2370 2177 2499 2220 non
2539 2160 2773 2220 amittit
2802 2157 3013 2220 fidem.
3054 2157 3335 2234 Denique
3380 2160 3541 2216 actus
3570 2171 3706 2214 erro-

2182 2252 2293 2327 ris,
2342 2251 2587 2314 seclusa
2626 2251 2809 2331 culpa
2848 2262 2911 2311 et
2951 2250 3295 2331 pertinacia
3318 2291 3337 2322 ‚
3387 2265 3507 2308 non
3542 2252 3710 2326 potest

2186 2345 2443 2424 physice
2472 2344 2777 2425 expellere
2820 2343 3106 2406 habitum
3154 2341 3330 2416 fidei,
3373 2340 3513 2420 quia
3540 2358 3710 2419 neque

2186 2453 2366 2498 actus
2418 2441 2645 2500 erroris
2689 2437 3031 2499 formaliter
3080 2435 3417 2516 opponitur
3464 2432 3705 2505 habitui,

2186 2535 2257 2590 ιιι
2302 2529 2481 2592 illum
2532 2529 2823 2592 excludat
2866 2529 3121 2610 physice
3168 2529 3243 2590 in
3282 2545 3505 2606 genere
3544 2543 3711 2588 causae

2184 2622 2493 2699 formalis,
2521 2641 2722 2702 neque
2770 2623 2961 2687 etiam
2998 2623 3065 2682 in
3105 2639 3338 2700 genere
3374 2637 3565 2680 causoe
3606 2619 3709 2682 effi-

2185 2717 2405 2779 cientis
2452 2723 2653 2796 potest
2680 2716 2969 2779 inducere
3013 2715 3301 2779 habitum
3344 2711 3715 2792 expellentem

2186 2808 2528 2870 formaliter
2554 2808 2739 2872 fidem
2766 2808 3061 2883 infusam,
3086 2807 3237 2886 quia
3262 2804 3523 2872 habitus
3534 2804 3717 2884 acqui-

2186 2903 2338 2964 situs
2390 2919 2517 2964 non
2560 2903 2895 2982 opponitur
2942 2901 3293 2964 formaliter
3340 2897 3569 2972 infuso,
3594 2897 3719 2976 quia

2187 3014 2315 3057 non
2364 3002 2509 3057 sunt
2544 2996 2824 3075 ejusdem
2850 2995 3085 3056 ordinis
3110 3014 3125 3068 ;
3154 3012 3311 3073 ergo
3358 2991 3525 3056 nullo
3567 2990 3717 3054 modo

2186 3095 2386 3168 potest
2428 3090 2536 3150 illa
2568 3088 2897 3150 infidelitas
2926 3088 3235 3168 expellere
3259 3086 3536 3148 habitum
3559 3083 3714 3158 fidei3

2188 3181 2325 3244 dico
2360 3201 2509 3262 ergo
2538 3201 2665 3242 non
2692 3199 2821 3244 esse
2854 3180 3325 3256 inconvenienS‚
3356 3177 3605 3258 quadiu
3628 3177 3717 3238 illo

2186 3276 2440 3337 homine
2468 3281 2820 3355 perseveret
2841 3274 3091 3335 habitus
3114 3273 3268 3336 fidei
3286 3272 3527 3344 infusae,
3554 3287 3717 3350 quan·

2185 3369 2293 3429 diu
2337 3388 2463 3431 non
2510 3375 2603 3429 est
2650 3358 2746 3428 ita‘
2778 3367 3130 3446 disposituri,
3161 3373 3237 3428 ut
3270 3363 3499 3428 habeat
3534 3363 3721 3424 volun-

2182 3468 2377 3524 tatem
2444 3461 2787 3522 formaliter
2842 3459 3219 3522 contrariam
3258 3465 3327 3520 et
3378 3457 3721 3538 pertinacem

2185 3562 2403 3620 contra
2440 3554 2675 3632 fidem3
2720 3556 2811 3616 ita
2862 3555 3033 3616 enim
3080 3559 3441 3633 perseverat
3486 3550 3627 3612 fides
3667 3550 3723 3610 in

2184 3650 2441 3712 homine
2488 3648 2817 3723 catholico,
2848 3666 2993 3710 cum
3040 3665 3167 3708 uno
3215 3646 3321 3710 vel
3373 3645 3496 3708 alio
3542 3659 3723 3706 errore
3833 3709 3834 3718 χ

2186 3744 2518 3820 materiali,
2548 3743 2648 3807 vel
2688 3743 2907 3804 saltem
2934 3744 3068 3805 sine
3106 3743 3494 3824 pertinacia;
3536 3739 3729 3804 eadem

2186 3845 2397 3900 autem
2448 3844 2541 3898 est
2574 3837 2733 3898 ratio
2760 3837 2838 3898 de
2880 3855 3009 3898 uno
3040 3853 3252 3899 errore
3289 3841 3357 3897 et
3400 3835 3478 3896 de
3516 3831 3725 3894 multis.

2186 3930 2361 3993 Unde
2404 3931 2470 3991 in
2512 3930 2768 3991 homine
2794 3929 3053 3992 educato
3080 3929 3249 3991 inter
3274 3927 3589 3990 hereticos
3614 3929 3733 4004 post

2186 4022 2587 4104 baptismum,
2606 4027 2826 4102 ¹potest
2880 4040 3009 4084 esse
3063 4021 3407 4084 multitudo
3452 4034 3729 4090 errorum,

2186 4124 2249 4178 et
2292 4116 2535 4178 affectio
2599 4116 2678 4177 ad
2730 4116 3049 4196 propriam
3092 4121 3331 4178 sectam
3380 4131 3523 4176 cum
3577 4111 3733 4188 igno-

2187 4211 2393 4272 rantia
2435 4209 2537 4270 vel
2578 4207 2927 4272 invincibili
2977 4208 3079 4269 vel
3118 4207 3347 4270 saltem
3392 4203 3732 4268 excludente

2187 4303 2619 4383 pertinaciam,
2649 4319 2720 4364 ac
2746 4301 3009 4382 proinde
3032 4301 3169 4362 sine
3206 4299 3550 4364 amissione
3578 4295 3735 4358 habi-

2187 4404 2288 4458 tus
2340 4396 2511 4458 fidei.
2544 4395 2757 4474 Neque
2784 4400 2877 4454 est
2902 4394 3353 4456 inconveniens
3380 4400 3455 4454 ut
3484 4389 3616 4454 talis
3640 4387 3736 4448 ho-

2185 4507 2293 4550 mo
2332 4487 2521 4550 simul
2566 4489 2647 4549 sit
2690 4486 3089 4550 habitualiter
3136 4486 3373 4564 fidelia,
3400 4491 3465 4548 et
3508 4480 3737 4546 actuali-

2184 4589 2280 4646 ter
2328 4600 2441 4644 seu
2486 4580 2887 4644 materialiter
2931 4578 3225 4656 infidelis,
3280 4580 3437 4660 quia
3464 4578 3563 4639 hae
3614 4573 3737 4634 duae

2184 4676 2718 4738 denominationes
2745 4693 2873 4736 non
2908 4679 3057 4735 sunt
3082 4673 3409 4753 oppositae.

2264 4771 2327 4831 5.
2372 4769 2719 4834 Secundum
2770 4769 3017 4832 dubium
3064 4792 3086 4828 .·
3124 4774 3341 4830 utrum
3405 4764 3738 4844 ignorantia

2176 4863 2467 4942 praecepti
2510 4861 2821 4924 naturalis
2880 4861 3171 4923 excusari·
3222 4863 3413 4940 queat
3464 4876 3504 4922 a
3554 4854 3735 4934 culpa.

2180 4987 2265 5002 -
2287 4955 2517 5018 ,Prima
2540 4957 2834 5018 sententia
2872 4958 3077 5034 maai.
3116 4985 3200 5000 -
3227 4955 3527 5032 Superest
3552 4950 3741 5010 dicen-

2184 5048 2337 5108 dum
2358 5048 2739 5124 de,secundo
2792 5054 3041 5127 puncto,
3077 5045 3398 5119 videlicet,
3426 5063 3511 5106 an
3536 5041 3739 5104 inlide-

2183 5141 2325 5202 litas
2354 5141 2491 5202 talis
2514 5141 2808 5214 hominis,
2850 5146 2914 5203 et
2948 5142 3017 5202 in
3044 5139 3155 5200 tali
3206 5139 3501 5213 materia,
3573 5133 3741 5214 possit

2188 5236 2469 5296 excusari
2528 5252 2569 5294 a
2608 5232 2789 5312 culpa
2834 5232 3234 5311 ignorantiae,
3296 5232 3493 5294 etiam
3540 5231 3743 5290 contra

2182 5326 2385 5405 legem
2416 5331 2675 5388 naturoe.
2708 5327 2919 5400 Quam·
2936 5325 3348 5406 quaestionem
3374 5323 3581 5386 solent
3598 5327 3743 5380 trac-

2182 5421 2629 5482 tare-Doctores
2673 5419 2788 5481 sub
2833 5417 2957 5482 alio
3012 5417 3197 5480 titulo
3240 5417 3453 5496 magis
3506 5413 3741 5476 univer·
3833 5435 3834 5438 ¹

2182 5513 2323 5588 sali,
2346 5511 2604 5589 scilicet,
2634 5529 2718 5574 an
2760 5529 2975 5574 earum
3004 5528 3235 5586 rerum,
3266 5527 3415 5588 quie
3438 5515 3583 5572 sunt
3600 5502 3743 5584 ,iuris
