3900 6217
501 486 650 530 nam
671 466 978 547 imprimis
1007 465 1074 528 in
1121 467 1386 542 zie-tione,
1416 470 1496 530 de
1531 487 1656 548 qua
1697 474 2059 542 tractamuS,

502 581 614 642 per
658 579 720 622 se
747 559 1054 638 loquendo
1080 562 1418 622 intervenit
1443 562 1820 637 scandalum,
1857 568 1919 622 et
1959 579 2062 624 su-

501 654 884 735 perstitiosus
909 653 1135 726 cultus,
1157 653 1254 713 vel
1283 655 1632 734 cooperatio
1655 655 1732 716 ad
1758 655 1957 729 illum,
1992 659 2062 715 ut

503 746 833 810 declaravi.
874 747 950 808 Et
984 746 1207 806 deinde
1230 764 1370 808 cum
1400 747 1523 807 illae
1563 750 1832 810 actiones
1865 767 1977 828 per
1994 766 2059 808 se

499 841 704 920 primo
733 841 858 902 sint
897 839 1200 918 impositas
1229 839 1309 900 ad
1333 839 1806 918 significandum
1831 841 2059 902 falsum

501 933 759 1007 cultum,
783 950 909 992 non
939 937 1194 1010 possunt
1219 932 1540 994 moraliter
1567 933 1646 995 ab
1687 934 1794 996 illa
1821 935 2060 1012 signifi-

499 1027 742 1088 catione
771 1024 1043 1104 sejungi;
1071 1029 1132 1084 et
1161 1025 1319 1094 ideo,
1345 1027 1627 1104 quamvis
1659 1045 1916 1106 persona
1937 1029 2062 1106 pri-

497 1126 640 1180 vata
670 1117 1012 1179 intentione
1045 1133 1172 1176 non
1218 1116 1501 1178 intendat
1543 1120 1913 1198 significare,
1951 1121 2058 1182 sed

497 1211 814 1286 simulare,
844 1209 1254 1272 nihilominus
1293 1209 1454 1272 actio
1499 1212 1632 1291 ipsa
1667 1231 1908 1291 semper
1935 1213 2055 1273 fal-

498 1323 630 1366 sam
673 1303 1193 1382 significationem
1221 1305 1519 1380 continet,
1551 1307 1709 1367 sicut
1751 1308 2058 1387 contingit

497 1397 564 1459 in
595 1397 888 1472 vestibus,
917 1403 989 1458 ut
1018 1397 1082 1458 in
1103 1397 1372 1458 sectione
1406 1402 1684 1478 sequenti
1724 1402 1922 1481 magis
1949 1420 2054 1464 ex-

497 1489 884 1574 plicabimus.

1125 1721 1340 1774 sssc‘rlo
1374 1723 1432 1775 V.

506 1907 725 1972 Utrum
756 1907 938 1973 liceat
961 1912 1258 1976 occultare
1281 1915 1483 1989 fidem,
1507 1917 1722 1978 utendo
1744 1915 1916 1980 rebus
1947 1923 2058 1981 aut

805 2003 1066 2068 vestibus
1098 2006 1426 2086 infidelium
1461 2007 1772 2090 propriis?

579 2242 608 2300 1
622 2282 637 2298 .
689 2238 911 2313 Quibus
949 2239 1206 2304 vestibus
1241 2242 1578 2319 infidelium
1613 2243 1710 2306 uti
1745 2244 1926 2307 liceat
1978 2247 2062 2308 ad

497 2332 912 2396 occultandum
951 2335 1152 2410 fidem.
1183 2369 1262 2380 —-
1293 2336 1780 2415 Supponendum
1827 2337 2053 2416 impri-

496 2426 616 2486 mis
641 2433 733 2486 est
761 2427 963 2488 varias
992 2445 1124 2492 esse
1173 2447 1348 2508 posse
1392 2429 1748 2507 hujusmodi
1799 2437 1998 2492 vestes
2034 2447 2051 2492 z

497 2518 782 2596 quaedam
809 2520 977 2580 enim
1010 2527 1153 2582 sunt
1179 2540 1342 2600 quie,
1373 2528 1626 2601 propter
1661 2539 2053 2584 communem

496 2628 678 2672 usum
725 2611 1095 2689 humanum,
1142 2632 1342 2693 neque
1397 2614 1631 2676 habent
1683 2615 2054 2694 peculiarem

495 2705 1040 2784 significationem,
1080 2726 1281 2787 neque
1323 2727 1400 2768 ex
1444 2709 1603 2787 lege,
1647 2715 1756 2770 aut
1807 2714 2051 2788 recepta

497 2800 966 2874 consuetudine,
999 2801 1474 2862 accommodatae
1503 2820 1610 2862 seu
1643 2802 2053 2882 appropriatus

497 2896 644 2952 sunt
684 2891 1040 2954 hominibus
1079 2893 1220 2954 talis
1277 2893 1422 2955 fidei
1463 2894 1565 2955 vel
1613 2895 1902 2968 nationis,
1941 2896 2051 2956 sed

495 2983 620 3044 illis
652 2986 742 3045 uti
789 2986 988 3047 solent
1021 3005 1257 3061 omne-5,
1307 2988 1416 3065 qui
1461 2989 1527 3048 in
1572 2987 1682 3049 tali
1733 2988 2052 3066 provincia

497 3083 846 3154 versantur,
875 3079 1003 3140 sive
1029 3081 1153 3140 sint
1181 3079 1419 3155 incolas,
1449 3081 1576 3142 sive
1609 3079 1890 3154 advenae,
1921 3080 2051 3141 sive

499 3169 686 3250 hujus
706 3173 834 3232 sive
856 3170 1024 3232 illius
1049 3172 1386 3250 religionis,
1419 3179 1480 3234 et
1506 3173 1583 3235 de
1610 3173 1708 3234 his
1747 3172 1918 3233 nulla
1962 3180 2053 3234 est

499 3264 778 3342 quaesti03
819 3264 1058 3326 licitum
1089 3273 1180 3326 est
1207 3265 1372 3326 enim
1419 3265 1725 3340 fidelibus,
1764 3265 2053 3325 ubicum-

499 3375 620 3434 que
658 3357 822 3418 inter
861 3357 1139 3420 infideles
1171 3365 1516 3433 versantur,
1550 3357 1903 3436 hujusmodi
1925 3376 2059 3418 ves-

498 3447 666 3508 tibus
690 3450 802 3525 uti,
831 3452 980 3530 quia
1017 3452 1188 3512 nullo
1217 3452 1401 3512 morlo
1437 3451 1538 3512 hic
1571 3469 1719 3510 usus
1753 3456 2059 3528 repugnat

499 3540 597 3601 vel
649 3541 794 3604 fidei
853 3544 1245 3620 confessioni,
1303 3544 1402 3604 vel
1455 3543 1730 3604 continet
1781 3545 2057 3621 negatio·

497 3651 668 3709 nem,
705 3643 776 3696 ut
813 3655 920 3715 per
957 3656 1022 3698 se
1065 3637 1458 3698 manifestum
1494 3643 1620 3713 est3
1665 3638 1717 3698 si
1757 3637 1926 3698 enim
1982 3654 2060 3696 ex

499 3724 607 3786 1110
661 3746 774 3788 11511
832 3730 1038 3809 aliqua
1087 3730 1343 3792 resultat
1379 3730 1772 3808 significatiO,
1814 3729 1918 3789 illa
1972 3734 2061 3788 est

501 3820 678 3880 valde
739 3823 1115 3884 indifferens,
1185 3823 1356 3884 Unde
1419 3823 1659 3883 etiamsi
1707 3841 1815 3901 per
1855 3821 2059 3900 legem

499 3913 659 3976 facta
687 3922 845 3976 esset
865 3916 1182 3977 distinctio
1220 3917 1484 3978 vestium
1507 3917 1670 3977 inter
1691 3914 1972 3976 infideles
1998 3922 2060 3975 et

499 4006 733 4083 fideles,
769 4011 819 4070 si
853 4009 960 4070 illa
1003 4010 1100 4072 lex
1141 4029 1268 4072 non
1307 4017 1467 4072 esset
1507 4010 1576 4070 in
1617 4009 1798 4072 viridi
1855 4009 2061 4070 obser·

501 4100 734 4175 vantia,
763 4102 868 4162 sed
897 4121 973 4163 ex
1003 4103 1448 4165 consuetudine
1477 4102 1862 4181 promiscuus
1905 4107 2063 4162 esset

499 4213 645 4254 usus
673 4197 960 4272 vestium,
991 4197 1158 4258 idem
1187 4201 1345 4259 esset
1369 4195 1726 4271 dicendum,
1758 4194 1904 4273 quia
1926 4195 2062 4273 jam

499 4288 700 4350 locum
730 4287 984 4350 haberet
1009 4291 1168 4351 ratio
1194 4289 1375 4353 faeta.

580 4384 640 4442 2.
689 4383 991 4456 Secundo,
1026 4383 1329 4461 contingit
1357 4403 1485 4446 esse
1515 4389 1716 4447 vestes
1760 4399 1890 4442 non
1915 4381 2060 4459 qui-

498 4475 640 4534 dem
686 4475 1029 4552 specialiter
1085 4476 1400 4555 impositas
1453 4477 1529 4538 ad
1558 4474 2056 4556 significandum,

499 4568 604 4629 sed
645 4575 887 4629 tantum
943 4569 1020 4630 ad
1061 4570 1444 4649 corporalem
1499 4570 1831 4632 utilitatem
1881 4585 2061 4628 usur-

499 4667 670 4739 patas
695 4705 716 4737 ,
767 4669 830 4724 et
869 4663 1275 4724 nihilominus
1315 4683 1444 4726 esse
1491 4665 1580 4726 ita
1630 4662 1910 4742 proprias
1943 4661 2063 4721 ali-

501 4755 673 4832 cujus
738 4755 1005 4818 nationis
1057 4755 1324 4817 infidelis
1358 4803 1379 4832 ,
1438 4763 1510 4816 ut
1561 4757 1669 4836 qui
1729 4755 1817 4816 eis
1865 4754 2066 4814 utitur

501 4847 770 4908 infidelis
811 4853 1171 4927 reputetur3
1215 4851 1312 4911 vel
1368 4869 1403 4910 e
1447 4849 1758 4910 contrario
1807 4852 2065 4926 possunt

501 4959 630 5002 esse
675 4941 764 5000 ita
811 4943 1078 5020 propriae
1111 4943 1628 5016 Christianorum,
1659 4946 1730 5002 ut
1771 4940 1874 5019 qni
1927 4938 2067 4999 illas

502 5033 762 5094 dimittit
791 5041 852 5094 et
891 5035 1026 5096 aliis
1055 5035 1276 5110 utitur,
1309 5054 1434 5096 non
1465 5035 1852 5097 Christianus
1899 5031 2069 5110 judi-

501 5134 698 5187 cetur.
750 5127 957 5188 Tertio
987 5173 1006 5203 ,
1055 5133 1256 5207 potest
1305 5130 1664 5206 contingere
1705 5131 1778 5185 ut
1823 5130 2019 5186 vestes
2047 5171 2063 5197 ‚

501 5222 742 5282 etiamsi
803 5231 1054 5300 propter
1103 5221 1482 5300 corporalem
1529 5238 1712 5280 usum
1756 5218 2065 5298 imprimis

501 5314 677 5388 fiant,
705 5315 973 5376 habeant
1000 5314 1356 5393 adjunctam
1389 5313 1711 5394 specialem
1755 5311 2092 5390 significa<

503 5408 760 5480 tionem,
819 5425 929 5486 per
967 5407 1167 5485 legem
1195 5407 1574 5487 impositam,
1607 5407 1685 5466 ad
1713 5405 2067 5466 discernen—

499 5500 654 5562 dum
683 5499 930 5562 fidelem
962 5499 1042 5561 ab
1093 5499 1352 5578 infideli,
1385 5501 1484 5562 vel
1525 5497 1889 5579 professores
1926 5496 2069 5558 talis

1249 367 1486 420 DISPUT.
1525 371 1651 421 xlv.
1690 369 1768 422 m:
1804 367 2139 420 PRAEcssP‘ro
2172 369 2371 420 ACTUS
2404 368 2773 422 ExTEffloms
2806 369 2985 422 me.

2142 467 2486 546 religioniS,
2526 475 2597 530 ut
2627 475 2742 543 est,
2786 468 2957 530 vorbi
3002 471 3225 548 gratia,
3266 476 3465 540 Romae
3498 479 3656 563 pileus

2141 562 2356 642 pallidi
2385 562 2603 624 coloris
2619 580 2731 642 pro
2758 562 2790 623 J
2798 562 3010 638 udaeis3
3036 569 3103 624 et
3122 566 3284 628 inter
3306 569 3515 632 Tui-cas
3552 591 3659 636 esse

2142 657 2369 718 dicitur
2406 656 2621 730 fascia,
2652 673 2760 716 seu
2784 655 3013 718 tobalia
3045 656 3186 718 alba
3225 660 3290 720 in
3334 665 3535 742 capite,
3578 669 3660 728 vel

2142 749 2306 810 inter
2336 749 2574 828 aliquos
2600 751 2963 810 Sarracenos
3008 751 3192 812 vestis
3229 751 3453 816 habens
3480 757 3661 838 depic-

2141 848 2272 904 tam
2298 841 2534 916 lunam,
2570 848 2679 902 aut
2706 841 2976 919 effigiem
3001 843 3385 922 Mauo-metis,
3426 849 3512 910 vel
3536 851 3665 912 idoli

2140 935 2303 996 inter
2350 933 2631 1013 gentiles.
2691 934 2923 1008 Quarto
2956 979 2977 1010 ,
3034 943 3291 1013 possunt
3342 957 3463 1002 esse
3497 949 3665 1005 vestes

2141 1047 2269 1090 non
2306 1028 2605 1090 institutas
2646 1029 2724 1088 ad
2772 1045 3171 1090 communem
3212 1049 3393 1094 usum
3422 1039 3481 1094 et
3522 1037 3665 1096 utili-

2138 1127 2331 1184 tatem
2366 1123 2659 1202 corporis,
2690 1122 2798 1184 sed
2842 1125 3094 1202 praecise
3121 1124 3201 1184 ad
3230 1124 3489 1205 aliquem
3512 1147 3665 1191 usum

2138 1233 2409 1292 sacrum,
2440 1233 2583 1278 cum
2612 1214 3063 1294 significatione
3092 1215 3182 1276 illi
3222 1221 3664 1295 accommodata,

2138 1316 2209 1368 ut
2240 1311 2405 1370 inter
2430 1309 2719 1370 Hebraeos
2760 1316 2961 1384 eraut,
3008 1314 3071 1370 et
3118 1327 3287 1370 nunc
3328 1311 3505 1374 etiam
3544 1321 3667 1376 sunt

2137 1408 2334 1464 vestes
2390 1401 2819 1464 sacerdotales

2146 1528 2153 1536 ·
2217 1497 2278 1556 3.
2336 1495 2600 1558 Dubium
2646 1495 2932 1572 primvm.
2961 1529 3040 1544 -
3067 1496 3289 1560 Prima
3328 1499 3483 1564 ratio
3524 1501 3670 1562 dubi-

2138 1585 2431 1651 tandi.-
2458 1587 2562 1648 Est
2587 1587 2779 1665 igitur
2806 1587 3113 1650 dubitatio
3146 1590 3370 1668 prima,
3400 1609 3482 1652 an
3514 1591 3671 1653 liceat

2137 1681 2307 1742 fideli
2333 1681 2643 1742 habitanti
2686 1682 2785 1744 vel
2820 1683 3247 1762 peregrinanti
3297 1685 3364 1744 in
3386 1687 3672 1764 provincia

2134 1773 2505 1848 infidelium,
2568 1774 2662 1836 uti
2704 1775 2978 1836 'vestibus
3022 1777 3289 1857 propriis
3334 1777 3668 1852 infidelium,

2134 1866 2388 1941 scilicet,
2420 1865 2643 1945 quibus
2685 1866 2777 1928 illi
2816 1867 2933 1928 soli
2972 1873 3257 1929 utuntur.
3306 1870 3479 1930 Ratio
3511 1869 3669 1930 dubi-

2135 1959 2311 2022 tandi
2354 1966 2465 2031 est,
2516 1960 2665 2038 quia
2710 1967 2859 2020 tunc
2883 1960 3131 2022 videtur
3172 1960 3373 2022 fidelis
3428 1961 3671 2040 profiteri

2138 2071 2205 2112 55
2255 2052 2593 2114 infidelem.
2654 2053 2977 2129 Probatur,
3018 2054 3166 2132 quia
3220 2071 3334 2134 per
3378 2055 3483 2116 illa
3520 2055 3673 2133 signa

2136 2152 2415 2220 externa,
2444 2152 2749 2224 quantum
2776 2145 2845 2206 in
2868 2165 2933 2207 se
2962 2152 3076 2220 est,
3108 2145 3259 2206 facit
3314 2153 3385 2208 ut
3436 2147 3512 2208 ab
3558 2147 3675 2208 aliis

2136 2237 2403 2300 infidelis
2456 2244 2798 2316 reputetur,
2851 2239 3017 2318 quod
3061 2246 3123 2302 et
3154 2245 3371 2302 eontra
3401 2239 3671 2300 honorem

2137 2332 2281 2392 fidei
2310 2349 2441 2394 esse
2493 2330 2757 2407 videtur,
2803 2339 2867 2393 et
2915 2351 3045 2404 esse
3080 2333 3370 2412 quasdam
3426 2333 3674 2396 virtualis

2135 2426 2386 2502 negatio
2432 2423 2597 2484 fidei.
2648 2425 2823 2485 Unde
2875 2425 3160 2503 arguitur
3210 2427 3504 2500 secundo,
3547 2427 3673 2505 quia

2134 2518 2288 2580 illud
2306 2518 2549 2580 videtur
2564 2535 2696 2578 esse
2722 2519 3037 2597 quoddam
3064 2520 3459 2582 mendacium
3486 2520 3543 2580 iu
3562 2537 3674 2578 ma-

2132 2613 2291 2672 teria
2314 2612 2489 2689 gravi
2522 2617 2584 2672 et
2596 2612 2954 2690 perniciosa.
2980 2611 3307 2688 Probatur,
3337 2613 3503 2691 quia,
3514 2611 3673 2689 juxta

2134 2705 2481 2766 doctrinam
2541 2703 2669 2765 divi
2727 2704 2995 2766 Thomae.
3066 2706 3345 2766 secunda
3390 2704 3669 2778 secundae,

2130 2804 2345 2878 quaest.
2380 2800 2443 2871 3,
2492 2798 2666 2858 artic.
2714 2799 2937 2876 prime,
2974 2798 3381 2860 mendacium
3416 2816 3537 2858 non
3578 2797 3675 2858 mi·

2133 2911 2250 2953 nus
2281 2891 2485 2954 verbis
2520 2909 2706 2969 quam
2736 2890 2925 2951 rebus
2952 2890 3405 2968 committitur3
3434 2891 3535 2951 sed
3561 2907 3674 2949 ver·

2132 2985 2227 3046 bis
2250 3003 2315 3046 se
2333 2983 2608 3064 profiteri
2628 2982 2941 3045 infidelem
2963 2991 3055 3044 est
3068 3001 3261 3061 grave
3284 2985 3671 3058 mendacium,

2131 3096 2279 3156 ergo
2302 3085 2365 3140 et
2388 3075 2659 3138 externis
2692 3075 2963 3136 vestibus
2991 3094 3053 3138 se
3084 3076 3355 3139 similem
3386 3075 3670 3138 exhihere.

2132 3171 2362 3247 Tertio,
2380 3171 2525 3248 quia
2572 3169 2725 3228 alias
2770 3169 3009 3230 licitum
3050 3179 3208 3234 esset
3250 3171 3333 3231 ad
3368 3170 3597 3231 libitum
3624 3174 3675 3228 et

2136 3267 2269 3325 sine
2294 3269 2553 3342 urgente
2579 3263 2940 3324 necessitate
2970 3263 3065 3322 his
3094 3263 3376 3324 vestibus
3404 3263 3515 3338 uti,
3532 3260 3671 3341 quod

2137 3357 2311 3419 nullo
2360 3355 2545 3416 modo
2599 3355 2841 3417 videtur
2897 3356 3381 3418 admittendum.
3438 3354 3676 3435 Sequela

2139 3449 2435 3530 probatur
2454 3493 2474 3524 ,
2528 3449 2675 3527 quia
2722 3447 2820 3508 vel
2875 3448 2997 3510 511ae
3048 3456 3245 3510 vestes
3301 3449 3531 3510 habent
3584 3465 3677 3507 an-

2138 3561 2364 3606 nexam
2394 3543 2613 3604 falsam
2632 3541 3175 3619 significationem,
3205 3544 3308 3604 vel
3337 3563 3485 3619 110115
3514 3543 3562 3604 51
3588 3542 3680 3602 ha·

2139 3637 2291 3698 hent
2330 3636 2525 3714 illam,
2546 3654 2869 3715 nunquam
2922 3636 3069 3698 licet
3124 3639 3249 3700 illis
3322 3639 3415 3700 uti
3440 3683 3459 3713 ,
3514 3638 3679 3698 etiam

2139 3739 2388 3812 propter
2432 3730 2899 3806 necessitatem3
2946 3730 2999 3791 si
3054 3749 3201 3792 vero
3256 3751 3389 3794 non
3446 3731 3676 3804 habent,

2139 3823 2350 3886 licebit
2370 3823 2491 3884 illis
2518 3824 2705 3884 etiam
2732 3823 2963 3902 absque
2996 3824 3359 3886 necessitate
3387 3824 3497 3884 uti.

2218 3921 2281 3978 4.
2338 3918 2445 3981 Uti
2478 3918 2742 3981 vestibus
2762 3917 3041 3998 propriis
3068 3917 3405 3997 infidelium
3432 3937 3503 3980 σω
3522 3933 3684 3980 causa

2127 4012 2307 4091 justa
2351 4029 2471 4072 non
2510 4016 2599 4072 esc
2641 4009 2969 4074 intrinsece
3018 4011 3271 4074 malum.
3293 4043 3379 4058 —
3406 4011 3684 4074 Probatur

2140 4123 2216 4167 ex
2240 4121 2359 4166 usu
2388 4103 2770 4180 fidolium.-
2794 4103 2983 4166 Ratio
3009 4122 3049 4166 a
3060 4105 3372 4184 priori.—
3388 4100 3685 4166 Nihilomi-

2143 4217 2259 4258 nus
2286 4195 2619 4258 dicendum
2648 4202 2888 4258 estnon
2914 4215 3045 4258 esse
3091 4197 3429 4259 intrinsece
3472 4196 3683 4257 malum

2142 4289 2385 4350 homini
2404 4287 2573 4348 fideli
2600 4295 2659 4348 et
2674 4289 3020 4350 Christiano
3046 4291 3141 4350 uti
3158 4291 3431 4351 vestibus
3448 4287 3685 4369 propriis

2142 4381 2511 4456 infidelium,
2540 4382 2591 4441 si
2610 4381 2678 4442 id
2718 4381 2907 4444 faciat
2934 4381 3012 4442 ob
3043 4383 3491 4456 necessitatem,
3508 4381 3685 4440 velex

2142 4492 2325 4536 causa
2348 4474 2537 4553 justa.
2557 4476 2627 4534 lu
2650 4473 2763 4534 hac
2778 4472 3157 4536 resolutione
3172 4476 3549 4536 conveniunt
3570 4490 3685 4532 om·

2142 4587 2255 4630 nes
2270 4574 2545 4628 auctores
2572 4566 2801 4628 citandi
2844 4568 2913 4627 in
2942 4567 3131 4628 dubio
3158 4569 3465 4646 sequenti.
3484 4569 3553 4628 Et
3567 4582 3683 4645 pro·

2146 4661 2332 4722 batur
2358 4661 2561 4741 primo
2604 4677 2682 4721 ex
2724 4677 2841 4720 usu
2870 4660 3151 4722 omnium
3188 4660 3494 4736 fidelium,
3518 4661 3684 4721 etiam

2145 4756 2348 4815 Deum
2377 4753 2771 4829 timentium3
2806 4769 2949 4814 nam
2981 4754 3049 4814 in
3078 4753 3289 4815 multis
3314 4753 3550 4815 casibus
3570 4753 3687 4812 sine

2147 4846 2275 4906 ullo
2306 4846 2595 4924 scrupulo
2612 4845 2799 4906 simili
2820 4846 3095 4906 remedio
3117 4852 3403 4920 utuntur,
3428 4846 3523 4908 vel
3549 4845 3617 4905 ad
3634 4861 3687 4903 se

2148 4939 2603 5010 occultandum,
2635 4937 2734 4999 vel
2762 4939 2837 5000 ad
2870 4957 3012 5000 suas
3034 4941 3307 5000 actiones
3334 4939 3681 5018 dirigendas

2150 5033 2249 5094 Sic
2274 5032 2475 5094 solent
2498 5032 2825 5094 Christiani
2862 5033 3047 5094 duces
3076 5035 3325 5108 nfitere
3368 5033 3686 5112 explorato-

2152 5145 2245 5188 res
2285 5128 2449 5188 inter
2492 5125 2795 5200 infidele8‚
2830 5143 3049 5188 eorum
3098 5128 3371 5189 vestibus
3414 5127 3509 5188 vel
3558 5124 3687 5184 insi-

2150 5219 2378 5298 gnibus
2402 5219 2676 5294 indutos,
2724 5224 2787 5278 et
2829 5217 2897 5278 in
2956 5220 3231 5280 exercitu
3280 5219 3379 5280 vel
3426 5219 3488 5280 in
3516 5216 3686 5278 classe

2150 5313 2337 5374 maris
2376 5312 2574 5374 solent
2616 5329 2841 5389 ponere
2895 5312 3123 5377 vexilla
3149 5311 3515 5385 infidelium,
3566 5325 3685 5386 qum

2146 5405 2309 5465 facta.
2337 5422 2463 5465 non
2494 5405 2897 5480 damnantur,
2934 5405 3061 5466 imo
3092 5423 3207 5466 nec
3250 5403 3559 5466 mendacia
3604 5417 3687 5460 re-

2149 5503 2483 5578 putantur,
2510 5501 2573 5560 et
2610 5497 2772 5558 inter
2792 5497 3003 5560 fideles
3032 5498 3196 5580 ipsos
3214 5498 3404 5562 laicus
3430 5495 3687 5558 induitur
