3900 6217
706 375 875 428 SECT.
912 377 951 427 1.
988 373 1197 428 U‘rnun
1232 371 1409 424 fmus
1442 369 1645 423 PONAT
1678 367 1954 432 Amnum
1987 363 2262 418 usumin
2299 365 2360 415 ΙΝ
2396 349 2786 420 VOLUNTAm
2821 355 2958 409 mc.

217 475 417 560 priori
439 479 607 536 statu
628 473 1014 554 frequentius
1042 472 1266 534 excitat
1293 473 1580 533 timorem
1596 469 1789 532 servi-

216 569 345 631 lem
368 590 386 644 3
448 574 512 629 et
556 568 649 628 ita
695 567 971 646 loquitur
997 565 1430 628 Tridentinum
1462 583 1673 644 supra.
1722 563 1791 624 In

218 661 553 744 posteriori
594 667 803 723 autem
849 666 1035 732 statu,
1086 659 1328 722 facilius
1356 657 1583 720 excitat
1606 658 1793 718 timo-

220 771 359 817 rem
402 754 684 830 filialem,
740 753 849 834 qui
904 773 983 815 ex
1022 753 1322 814 charitate
1360 751 1639 813 nascitur
1662 766 1683 828 ;
1734 754 1796 811 et

182 850 495 945 ‘charitas
543 849 595 909 si
621 848 890 929 perfecta
939 848 1041 924 sit,
1084 853 1155 907 ut
1190 846 1349 908 dixit
1382 845 1591 920 Joan„
1622 853 1793 922 foras

222 943 427 1008 mittit
452 943 743 1018 timorem,
772 942 987 1022 utique
1026 941 1311 1003 servilem
1331 963 1349 1016 3
1372 958 1573 1020 neque
1588 941 1795 1001 obstat

220 1035 395 1118 quod
447 1037 637 1098 timor
667 1036 859 1097 etiam
908 1037 1102 1116 possit
1135 1034 1431 1096 inducere
1472 1033 1547 1094 ad
1574 1031 1789 1109 fidem,

222 1131 380 1210 quia
400 1127 498 1190 vel
516 1127 655 1190 talis
674 1129 863 1190 timor
882 1130 1173 1209 supponit
1190 1126 1379 1189 fidem
1408 1125 1708 1206 aliquam,
1734 1132 1797 1187 et

218 1224 315 1284 sic
344 1223 585 1284 inducit
606 1222 685 1282 ad
722 1221 1243 1302 perseverantiam
1284 1227 1348 1283 et
1382 1226 1793 1300 augmentum

218 1315 403 1391 fidei,
426 1314 529 1377 vel
549 1321 639 1376 est
678 1322 823 1376 ante
852 1317 1129 1395 primum
1156 1321 1362 1376 actum
1393 1313 1563 1389 fidei,
1595 1324 1657 1374 et
1704 1311 1793 1372 sic

216 1408 327 1470 vel
356 1416 454 1471 ωε
474 1408 653 1471 valde
674 1409 1096 1489 imperfectus,
1119 1413 1181 1470 et
1197 1408 1433 1469 ordinis
1455 1404 1787 1481 naturalis3

217 1503 329 1565 vel
372 1502 575 1566 solum
603 1509 693 1565 est
733 1503 800 1564 in
831 1502 1009 1565 nobis
1044 1521 1157 1582 per
1184 1501 1439 1562 modum
1467 1498 1793 1561 excitantis

216 1599 451 1678 gratiae
475 1599 833 1660 resultantis
856 1617 933 1659 ex
961 1599 1166 1678 aliqua
1200 1597 1655 1659 illuminatione
1700 1595 1791 1656 di-

216 1694 417 1768 vina3
446 1692 634 1755 timor
680 1699 889 1755 autem
928 1690 1434 1772 supernaturalis,
1466 1696 1528 1751 et
1568 1688 1677 1769 qui
1712 1693 1793 1749 sit

224 1785 519 1866 proprius
546 1793 717 1847 actus
750 1786 1086 1860 humanus,
1136 1801 1380 1862 semper
1406 1789 1497 1844 est
1541 1782 1791 1844 effectus

220 1879 400 1940 fidei.
432 1880 499 1940 ln
524 1879 647 1940 alia
670 1895 815 1940 vero
847 1883 1021 1960 parte
1045 1875 1209 1938 illius
1227 1875 1589 1955 objectionis
1604 1874 1792 1935 attin·

224 1972 495 2051 gebatur
521 1972 777 2052 quaestio
804 1990 949 2033 cum
974 1971 1280 2032 haereticis
1307 1970 1384 2030 de
1407 1967 1792 2050 justificatio-

222 2083 329 2140 ne,
360 2065 674 2146 quomodo
697 2067 777 2126 sit
815 2064 1065 2126 effectus
1084 2063 1255 2141 fidei,
1288 2061 1393 2124 sed
1422 2079 1559 2123 eam
1582 2061 1795 2122 remit-

222 2157 501 2218 timusin
530 2159 860 2220 materiam
888 2157 966 2218 de
992 2155 1225 2232 Gratia,
1256 2155 1367 2217 lib.
1400 2157 1463 2233 8,
1511 2172 1645 2235 cap.
1689 2157 1790 2230 17,

221 2254 288 2312 et
327 2250 605 2312 breviter
648 2251 907 2312 dicimus
940 2249 1128 2311 fidem
1162 2267 1291 2310 non
1334 2247 1662 2328 purificare
1691 2265 1795 2309 cor

218 2342 597 2419 formaliter,
634 2344 739 2405 sed
766 2343 1317 2405 fundamentaliter
1328 2348 1389 2402 et
1414 2341 1789 2416 radicaliter,

218 2443 279 2496 ct
300 2436 639 2498 excitando
663 2437 1047 2499 voluntatem
1076 2435 1153 2497 ad
1176 2435 1447 2516 reliquos
1471 2441 1664 2510 actua,
1682 2451 1793 2514 per

220 2548 381 2610 quos
424 2531 794 2608 purificatur
846 2536 912 2591 et
958 2535 1122 2590 recte
1170 2528 1519 2608 disponitur
1558 2545 1663 2589 cor
1712 2527 1787 2588 ad

219 2621 595 2683 charitatem
633 2629 694 2684 et
722 2624 987 2701 gratiam
1016 2621 1358 2683 formaliter
1384 2621 1589 2700 ipsum
1624 2623 1792 2701 puri-

218 2714 519 2775 ficantem
533 2729 554 2791 3
576 2721 643 2775 et
656 2715 741 2775 sic
757 2715 907 2776 dicit
921 2715 1327 2794 Augustinus,
1348 2713 1505 2774 libro
1518 2713 1791 2774 secundo

224 2816 439 2869 contra
469 2807 633 2868 duas
670 2807 971 2888 Epistolas
1002 2807 1498 2887 Pelagianorum‚
1548 2824 1683 2886 cap.
1718 2807 1787 2866 5:

232 2901 473 2964 Iustam
488 2901 565 2964 ab
580 2901 839 2981 injustis
860 2901 1188 2982 distinguit
1205 2902 1345 2984 ipsa
1358 2901 1457 2964 lex
1467 2901 1637 2980 fidoi,
1654 2897 1799 2980 quia

223 2995 427 3072 jutus
444 3011 525 3056 cco
536 2995 661 3072 fido
686 2994 877 3068 vivit,·
905 2996 993 3056 sic
1022 2995 1211 3057 etiam
1240 2993 1320 3055 de
1341 2993 1464 3054 fide
1494 2993 1653 3055 dixit
1674 2993 1795 3054 Leo

234 3088 411 3164 Papa,
450 3103 647 3148 serm.
680 3087 722 3148 4
748 3087 825 3148 de
852 3087 1199 3168 Epiphan.:
1232 3087 1389 3151 Hoec
1419 3090 1509 3149 est
1564 3103 1697 3167 qwoe
1729 3087 1798 3148 de

220 3179 639 3258 peccam-ibus
661 3181 813 3256 facit
844 3183 1113 3256 sanctos,
1151 3181 1367 3259 utique
1386 3179 1716 3241 excitando
1736 3184 1801 3240 et

222 3271 583 3332 inducendo
606 3271 745 3333 illos
770 3291 785 3346 ;
819 3279 883 3334 et
902 3275 991 3335 sic
1028 3273 1220 3353 etiam
1248 3273 1397 3334 dicit
1443 3273 1689 3348 Paulus,
1718 3272 1799 3332 ad

220 3363 357 3425 Gal.
388 3369 453 3440 5,
482 3365 653 3442 quod
670 3367 820 3446 fides
835 3384 949 3446 per
972 3365 1330 3432 clem-itatem
1353 3370 1672 3448 operatum·
1689 3363 1799 3426 ubi

222 3459 416 3519 etiam
442 3459 650 3520 obiter
670 3461 873 3522 notari
892 3465 1093 3539 potest
1108 3467 1323 3522 contra
1346 3461 1593 3522 eosdem
1602 3459 1799 3520 haere·

222 3553 399 3627 ticos,
424 3548 651 3628 fidem,
683 3571 827 3632 quoe
858 3553 1045 3614 habet
1064 3554 1178 3616 hos
1210 3553 1483 3629 effectus,
1514 3572 1642 3614 non
1670 3571 1800 3614 esse

220 3645 413 3706 fidem
454 3645 633 3706 illam
667 3646 991 3726 specialem
1028 3647 1105 3708 de
1145 3648 1395 3729 propria
1434 3647 1759 3710 sanctitate
1778 3691 1796 3720 ,

220 3757 410 3818 quam
432 3739 559 3818 ipsi
582 3739 855 3818 fingunt,
900 3759 1046 3801 nam
1087 3741 1193 3802 illa
1216 3742 1294 3802 de
1314 3758 1379 3801 se
1422 3759 1548 3801 non
1573 3739 1799 3802 excitat

221 3834 297 3893 ad
320 3833 721 3894 sanctitatem
746 3834 891 3894 vitas
911 3841 972 3896 et
992 3853 1264 3910 morum,
1294 3834 1402 3894 sed
1430 3835 1635 3913 potius
1656 3851 1797 3914 pro-

224 3935 293 3986 ut
340 3925 421 3986 ab
464 3926 617 4006 ipsis
638 3927 913 4006 ponitur,
961 3927 1277 3990 licentiam
1322 3927 1560 4008 praebet
1598 3928 1795 3989 libere

224 4020 547 4098 operandi,
594 4027 657 4081 et
698 4023 997 4101 peccandi
1032 4041 1175 4083 cum
1209 4021 1317 4084 illa
1358 4022 1610 4099 fiducia,
1639 4025 1800 4104 quod

217 4117 534 4192 peceatum
556 4129 679 4175 mn
692 4113 1097 4195 imputabim-
1105 4142 1131 4189 ;
1151 4121 1335 4195 prout
1362 4123 1572 4178 autem
1598 4115 1704 4178 illa
1718 4115 1795 4176 fi·

222 4205 327 4265 ἀῶ
350 4205 495 4266 dari
512 4212 712 4285 potest
735 4226 811 4270 ex
839 4207 1089 4287 speciali
1111 4207 1431 4288 privilegio
1452 4207 1663 4282 alicui,
1687 4224 1795 4286 per

224 4297 614 4376 singularem
630 4299 1093 4377 revelationem,
1110 4301 1403 4381 supponit
1416 4300 1619 4380 potius
1649 4317 1793 4360 san-

225 4393 508 4452 ctitatem
537 4410 731 4471 quam
754 4393 923 4468 facit,
950 4393 1233 4474 quamvis
1253 4394 1474 4473 juvare
1497 4393 1687 4472 possit
1715 4393 1791 4454 ad

222 4485 616 4565 spiritualem
636 4487 976 4567 profectum
1007 4494 1069 4549 et
1096 4487 1601 4548 consolationem.
1620 4485 1797 4548 Unde

222 4583 395 4657 patet
414 4581 743 4660 responsio
762 4579 839 4641 ad
864 4579 1149 4642 ultimam
1181 4574 1623 4658 obj'ectionem3
1644 4577 1796 4640 fate·

220 4689 367 4732 mur
421 4673 601 4732 enim
645 4690 817 4751 spem
868 4673 1059 4734 etiam
1105 4691 1235 4734 aese
1290 4671 1578 4734 effectum
1628 4672 1793 4747 fidei,

218 4781 411 4843 quem
448 4782 582 4826 non
604 4765 812 4826 omisit
832 4765 1014 4826 divus
1027 4764 1297 4828 Thomas
1322 4767 1389 4826 in
1410 4765 1517 4827 illo
1540 4767 1799 4827 articulo

218 4858 455 4938 primo,
489 4859 569 4920 ad
594 4865 999 4938 argumenta3
1027 4859 1133 4921 sed
1150 4861 1405 4921 fortasse
1434 4859 1510 4920 de
1534 4859 1642 4920 illo
1672 4878 1798 4920 non

218 4951 367 5012 feeit
396 4951 731 5032 specialem
764 4952 1195 5032 quaestionem,
1238 4953 1388 5032 quia
1434 4951 1501 5013 in
1531 4955 1665 5033 ipsa
1690 4953 1793 5014 dc-

220 5043 510 5105 finitione
538 5045 690 5106 fidei
732 5045 969 5124 positus
996 5045 1218 5107 fuerat.
1269 5046 1398 5106 Sub
1440 5046 1662 5106 ultimo
1688 5063 1796 5108 au-

220 5141 346 5197 tem
393 5137 627 5200 ellectu
655 5139 1041 5220 purificandi
1089 5155 1213 5214 cor,
1254 5137 1491 5198 includi
1540 5145 1798 5218 possunt

222 5247 439 5292 omnes
466 5231 618 5292 boni
646 5238 879 5306 motus,
917 5233 1025 5312 qui
1048 5251 1160 5312 per
1196 5231 1385 5293 fidem
1410 5237 1665 5311 possunt
1693 5250 1797 5293 ex-

222 5321 423 5384 citari.
460 5324 579 5386 Vel
602 5326 795 5386 etiam
822 5325 947 5385 dici
974 5322 1491 5404 potestjustitiam
1522 5330 1795 5386 nostram

220 5422 357 5493 post
380 5416 579 5479 fidem
606 5417 894 5478 inchoari
924 5435 964 5478 a
1016 5417 1264 5492 timore,
1314 5425 1375 5477 et
1418 5416 1484 5478 in
1510 5417 1794 5496 purifica·

222 5508 393 5572 tione
446 5510 655 5576 cordis
701 5511 1148 5587 consummari,
1212 5517 1275 5576 et
1316 5509 1455 5576 ideo
1500 5509 1615 5574 sub
1670 5509 1793 5576 illis

3317 347 3440 410 203

1868 467 2106 530 duobus
2132 463 2423 527 extremis
2449 477 2666 524 omnes
2696 457 2950 522 effectus
2982 455 3128 520 fidei
3155 472 3434 537 compre-

1870 560 2083 627 hendi.
2827 559 2847 586 ‘

2342 760 2788 826 DISPUTATIO
2829 757 2962 820 Vn.

1930 993 2008 1038 DE
2031 990 2298 1038 VIRTUTF.
2325 988 2482 1034 Flnm
2508 985 2789 1040 QUANTUM
2823 984 2902 1030 An
2929 983 3188 1032 HABITUS
3218 983 3276 1028 Β]
3287 981 3375 1027 [18.
3413 1031 3420 1036 ,

1956 1210 2211 1273 Materia
2237 1209 2424 1288 hujus
2453 1203 2886 1286 disputationis
2914 1220 3147 1282 magua
3175 1220 3253 1262 ex
3285 1217 3436 1280 par-

1872 1310 1934 1367 te
1960 1310 2224 1366 tractata
2251 1309 2346 1364 est
2389 1303 2456 1362 in
2495 1299 2666 1360 libris
2691 1299 2772 1359 de
2806 1297 3039 1371 Gratia,
3070 1295 3316 1372 agendo
3359 1293 3438 1355 de

1870 1396 2184 1460 habitibus
2229 1395 2472 1469 infusis,
2501 1399 2564 1455 et
2595 1391 2736 1454 ideo
2759 1391 2830 1452 in
2871 1388 3160 1470 praesenti
3193 1387 3436 1448 omitte·

1872 1511 2014 1554 mus
2054 1491 2264 1553 omnia
2293 1505 2430 1567 quas
2457 1485 2773 1566 generalia
2805 1489 2970 1558 sunt,
2995 1480 3196 1542 solum
3231 1478 3438 1540 brevi-

1872 1594 1966 1647 ter
2009 1582 2338 1646 indicando
2364 1579 2676 1660 quomodo
2710 1579 2777 1639 in
2803 1576 2990 1637 fidem
3015 1573 3389 1635 conveniant
3415 1591 3434 1647 ς

1874 1677 1982 1738 illa
2023 1695 2172 1738 vero
2197 1692 2336 1756 quse
2365 1673 2598 1735 fuerint
2617 1671 2767 1734 fidei
2781 1669 3036 1752 propria
3055 1685 3132 1730 ex
3156 1666 3430 1748 professo

1872 1770 2350 1833 declarabimus.

2508 2005 2726 2058 SECTIO
2761 2005 2800 2058 1.

1885 2219 2106 2283 Utnm
2143 2217 2296 2294 fides
2328 2219 2521 2300 ponat
2549 2213 2810 2296 aliquem
2849 2213 3117 2278 habitum
3149 2210 3218 2273 in
3255 2209 3439 2276 intol-

2135 2310 2318 2385 leotu,
2347 2315 2404 2374 et
2427 2309 2564 2390 quis
2587 2307 2680 2372 vol
2705 2306 2908 2390 qualis
2937 2306 3042 2370 illo
3065 2306 3197 2369 sit?

1957 2531 2015 2589 l.
2042 2525 2320 2590 Assertio
2340 2527 2552 2609 prima
2566 2549 2590 2586 .·
2615 2526 2800 2590 datm·
2819 2525 2968 2605 fides
2997 2521 3437 2588 habitualis.—

1875 2621 2106 2696 Primo‚
2122 2637 2404 2701 suppono
2423 2625 2726 2700 tanquam
2745 2625 2984 2680 certum
3007 2616 3144 2677 dari
3167 2615 3234 2676 in
3256 2615 3440 2676 intel·-

1880 2713 2054 2776 lectu
2097 2713 2382 2774 habitum
2427 2711 2574 2773 fidei
2623 2729 2736 2792 per
2774 2729 2839 2773 se
2893 2709 3199 2784 infusum,
3241 2713 3314 2768 ut
3359 2725 3438 2768 ex

1882 2808 2156 2889 professo
2181 2807 2464 2882 disserui,
2493 2806 2602 2868 lib.
2635 2807 2674 2867 6
2704 2806 2782 2866 de
2807 2805 3006 2879 Grat.,
3038 2821 3176 2884 cap.
3213 2804 3275 2864 8.
3308 2801 3437 2864 Cir·

1878 2921 1954 2964 ca
2013 2919 2202 2982 quam
2247 2903 2647 2962 assertionem
2695 2897 3146 2960 advertendum
3195 2902 3310 2970 est,
3360 2911 3438 2955 ex

1876 3013 2066 3076 supra
2097 2994 2299 3069 dictis,
2348 2993 2510 3054 circa
2537 2994 2784 3054 easdem
2814 3011 2910 3054 res
2937 2990 3236 3053 revelatas
3257 3003 3438 3069 posse

1882 3107 1996 3150 nos
2022 3086 2250 3149 habere
2277 3094 2452 3148 actus
2479 3085 2624 3148 fidei
2649 3085 2984 3166 acquisitas,
3028 3085 3136 3164 qui
3177 3089 3434 3144 natura·

1877 3182 1970 3243 les
1997 3187 2164 3257 sunt,
2193 3187 2255 3242 et
2297 3187 2596 3260 praeterea
2639 3186 2813 3242 actus
2858 3177 3004 3240 fidei
3051 3177 3292 3238 infusas.
3345 3177 3437 3236 Ex

1880 3274 2192 3356 prioribus
2219 3291 2368 3353 ergo
2401 3273 2799 3336 manifestum
2819 3277 2912 3334 est
2929 3271 3230 3334 resultare
3251 3271 3318 3329 in
3343 3270 3438 3330 in·

1878 3369 2130 3430 tellectu
2173 3367 2459 3429 habitum
2497 3367 2890 3446 acquisitum,
2922 3367 3032 3446 qui
3071 3364 3147 3426 fit
3187 3362 3440 3444 propria

1881 3463 2117 3524 virtute
2147 3469 2209 3523 et
2237 3462 2479 3522 actione
2507 3461 2727 3522 talium
2755 3467 3029 3536 actuum,
3081 3465 3145 3521 et
3185 3473 3438 3518 manere

1881 3562 2104 3636 potest,
2138 3555 2381 3616 etiamsi
2425 3554 2579 3616 fides
2603 3555 2811 3616 infusa
2858 3553 3206 3626 amittatur,
3255 3555 3326 3610 ut
3371 3549 3440 3609 in

1881 3649 2168 3712 haeretico
2195 3655 2454 3712 constat.
2504 3651 2680 3712 Unde
2710 3649 2830 3709 tuit
2853 3647 3112 3727 quaestio
3139 3643 3302 3725 apud
3331 3660 3441 3704 an·

1879 3746 2086 3826 tiquos
2119 3747 2427 3822 Doctores,
2461 3761 2545 3805 an
2579 3748 2801 3824 praeter
2832 3743 3002 3803 hunc
3029 3740 3314 3800 habitum
3343 3751 3438 3796 re·-

1878 3840 2162 3918 quiratur
2182 3837 2342 3899 alius
2381 3839 2449 3898 in
2473 3836 2813 3911 intellectu,
2840 3836 2948 3916 qui
2971 3835 3050 3895 sit
3077 3832 3339 3906 infusus,
3377 3835 3440 3890 et

1875 3932 2068 4011 aliqui
2116 3951 2334 3992 eorum
2378 3933 2446 3992 in
2498 3937 2741 4011 partem
2787 3934 3123 4006 negantem
3167 3924 3436 3986 inclina-

1872 4032 2043 4100 runt,
2076 4025 2221 4104 quia
2247 4023 2551 4105 putabant
2569 4028 2776 4085 actum
2810 4021 2956 4084 fidei
2983 4021 3202 4082 infusas
3233 4017 3436 4098 quoad

1873 4118 2283 4179 substantiam
2326 4135 2454 4178 non
2497 4115 2796 4196 distingui
2831 4116 2910 4176 ab
2955 4113 3280 4193 acquisitO,
3315 4111 3433 4172 sic-

1883 4230 2006 4291 que
2031 4210 2334 4290 putabant
2359 4208 2643 4270 habitum
2696 4208 2972 4269 infusum
3018 4225 3143 4267 non
3171 4223 3300 4266 esse
3329 4221 3438 4264 ne-

1887 4305 2244 4365 cessarium.
2290 4304 2430 4364 Jam
2482 4321 2631 4364 vero
2671 4315 2834 4364 certa
2875 4319 2972 4362 res
2999 4307 3090 4361 est
3112 4299 3249 4360 dari
3272 4299 3438 4358 hunc

1873 4395 2161 4457 habitum
2189 4395 2489 4472 infusum,
2527 4403 2752 4457 natura
2797 4413 2910 4456 sua
2958 4393 3318 4455 distinctum
3359 4390 3438 4450 ab

1876 4488 2198 4568 acquisito.
2229 4489 2411 4560 Ratio
2452 4495 2568 4564 est,
2618 4487 2766 4570 quia
2813 4494 2984 4549 actus
3035 4485 3180 4548 fidei
3212 4484 3438 4545 infusae

1876 4587 2025 4641 suut
2073 4581 2276 4660 specie
2325 4581 2604 4644 distincti
2650 4580 2730 4642 ab
2771 4579 3108 4660 acquisitis,
3157 4579 3302 4660 quia
3327 4577 3437 4638 ha·

1878 4674 2031 4735 bent
2055 4674 2360 4735 rationem
2397 4674 2724 4736 formalem
2756 4673 2984 4753 objecti
3011 4672 3199 4751 louge
3239 4671 3440 4733 diver·

1877 4785 2034 4827 sam.
2063 4767 2220 4826 Item
2245 4774 2391 4828 sunt
2415 4768 2915 4848 supernaturales
2929 4766 3130 4846 quoad
3159 4764 3440 4826 substan-

1880 4861 2060 4934 tiam,
2092 4865 2373 4938 utsupra
2397 4861 2598 4922 visum
2627 4869 2738 4936 est,
2765 4862 3059 4942 disputat.
3091 4861 3154 4934 6,
3184 4863 3330 4920 sect.
3363 4861 3436 4934 ὃς

1879 4972 2032 5033 ergo
2058 4954 2388 5032 requirunt
2414 4953 2697 5016 habitum
2721 4956 2998 5035 ejusdem
3021 4953 3276 5014 ordinis.

1955 5049 2016 5108 2.
2061 5047 2323 5109 Dubium
2370 5067 2452 5112 an
2479 5050 2566 5113 sit
2593 5056 2819 5113 certum
2848 5051 2917 5112 de
2931 5046 3440 5129 fida—Auctoris

1874 5139 2162 5205 resolutio
2193 5143 2541 5221 affirmans.
2579 5177 2655 5187 —
2673 5142 2839 5204 Solet
2866 5150 3074 5203 autem
3122 5141 3318 5220 quaeri
3357 5158 3438 5200 an

1876 5230 1996 5294 hoc
2026 5239 2306 5313 tempore
2337 5234 2650 5296 conclusio
2677 5234 2876 5314 quoad
2907 5234 3067 5294 hanc
3093 5239 3332 5313 partem
3359 5233 3442 5292 sit

1875 5326 1951 5388 de
1979 5325 2140 5401 fide3
2177 5345 2322 5388 nam
2365 5327 2560 5407 aliqui
2607 5327 2967 5406 simpliciter
3017 5333 3274 5404 negant,
3296 5325 3440 5388 lieet

1874 5420 2085 5482 dicant
2111 5439 2240 5483 esse
2287 5423 2375 5483 ita
2403 5429 2657 5499 certam,
2693 5428 2764 5483 ut
2795 5424 2930 5482 sine
2957 5423 3304 5484 temeritate
3329 5439 3441 5484 ne-

1875 5514 2016 5599 gari
2044 5532 2170 5578 non
2203 5515 2413 5600 possit.
2446 5513 2567 5582 Alii
2615 5515 2832 5576 dicunt
2858 5531 2987 5579 esse
3031 5513 3110 5577 de
3137 5515 3260 5578 fide
3287 5533 3440 5597 quo·
