3900 6217
783 427 954 482 SECT.
989 428 1048 482 V.
1087 429 1168 482 AN
1198 425 1424 508 Lucem·-
1452 427 1814 482 occuL‘rAuss
1846 421 2053 490 FmEM,
2090 426 2335 482 U'rmtno
2368 427 2686 489 vufflens,
2718 427 2851 480 ETC.

264 551 446 598 carens
467 529 567 592 tali
593 528 802 608 sign03
827 545 1030 608 neque
1057 528 1244 590 etiam
1276 535 1423 591 tunc
1447 528 1774 590 occultatio

265 629 385 691 fidei
405 621 553 686 maia
573 627 686 695 est,
707 623 853 702 quia
871 621 1033 684 nihil
1055 623 1324 684 occurrit
1347 623 1509 702 quod
1536 639 1777 703 semper

262 721 460 798 obliget
483 715 830 794 hujusmodi
866 714 1076 776 fideles
1099 713 1177 777 ad
1208 715 1453 796 semper
1471 713 1774 777 'confiten-

262 816 380 876 dam
415 811 588 872 fidem
619 825 730 888 per
763 807 886 868 tale
920 808 1192 888 signum.
1233 809 1405 882 Quod
1451 827 1777 889 possumus

259 908 356 968 hoc
390 902 556 964 modo
588 901 932 978 ostendere,
971 903 1381 982 retorquendo
1409 901 1778 963 fundamen-

260 1006 372 1060 tum
395 996 703 1056 contrariae
731 995 1084 1056 sententias:
1115 1013 1265 1056 nam
1297 997 1396 1056 vel
1423 995 1530 1056 illa
1557 995 1656 1056 lex
1685 1001 1778 1068 est

251 1095 412 1172 justa,
439 1088 533 1150 vel
557 1089 884 1170 tyrannica
911 1105 929 1148 :
957 1089 1009 1149 si
1036 1095 1125 1150 est
1149 1089 1336 1169 justa,
1370 1109 1492 1150 non
1527 1096 1617 1151 est
1653 1089 1778 1150 lata

257 1187 310 1246 in
335 1183 524 1244 odium
553 1181 722 1257 fidei,
747 1179 914 1242 unde
943 1197 1068 1244 non
1099 1183 1331 1261 obligat
1354 1183 1432 1244 ad
1457 1182 1780 1244 confessio-

255 1293 376 1338 nem
397 1277 541 1355 eJ'us.
571 1275 725 1336 Cum
749 1291 895 1337 vero
917 1275 996 1336 sit
1019 1273 1116 1336 lex
1143 1293 1310 1336 mere
1335 1273 1552 1351 civiliS‚
1569 1295 1781 1356 quam-

253 1371 332 1430 vis
370 1367 726 1446 regulariter
767 1367 1023 1447 obliget,
1061 1387 1186 1430 non
1215 1373 1425 1430 tamen
1453 1368 1686 1448 obligat
1713 1379 1782 1431 ut

252 1468 546 1542 semperet
579 1461 644 1522 in
685 1463 858 1522 omni
897 1479 1063 1538 casu,
1102 1464 1290 1524 etiam
1325 1481 1466 1523 cum
1503 1463 1778 1543 periculo

251 1557 396 1630 vitae,
421 1554 800 1616 observanda
827 1557 937 1631 sit;
965 1575 1111 1618 nam
1140 1557 1305 1636 leges
1333 1557 1542 1619 civiles
1569 1563 1630 1620 et
1653 1574 1780 1620 me-

249 1669 304 1712 re
327 1651 604 1711 humanae
631 1667 759 1711 non
784 1650 1065 1730 obligant
1093 1671 1236 1713 cum
1257 1658 1433 1713 tanto
1460 1651 1688 1731 rigore,
1711 1659 1782 1714 ut

247 1753 451 1804 certum
480 1747 573 1802 est
583 1759 604 1820 3
629 1759 797 1822 ergo,
827 1762 954 1804 non
985 1745 1264 1806 obstante
1292 1743 1399 1807 illa
1425 1745 1585 1824 lege,
1611 1756 1782 1826 pote-

245 1838 312 1896 rit
351 1833 552 1896 fldelis'
590 1836 658 1896 in
697 1853 844 1898 casu
890 1837 1098 1918 aliquo
1145 1837 1500 1918 hujusmodi
1543 1846 1778 1901 vestem

245 1947 350 1989 nou
391 1927 651 1990 deferre.
688 1929 753 1992 Si
799 1948 944 1992 vero
991 1932 1090 1993 lex
1126 1939 1217 1994 est
1257 1933 1512 2013 injusta,
1545 1951 1616 1994 eo
1647 1933 1780 2012 ipso

247 2039 352 2082 non
378 2015 614 2101 obligat
637 2020 702 2084 in
728 2025 970 2086 ratione
995 2024 1169 2103 legis.
1191 2027 1400 2106 Neque
1425 2026 1612 2086 etiam
1639 2044 1780 2087 con-

243 2116 416 2174 stituit
446 2133 668 2177 omnes
704 2115 915 2178 fideles
951 2118 1227 2180 subditos
1253 2118 1319 2179 in
1351 2119 1645 2181 continuo
1673 2139 1779 2181 ne-

240 2209 508 2269 cessitatis
536 2209 806 2271 articulo
833 2227 1078 2290 semper
1101 2219 1161 2273 ct
1191 2231 1301 2293 pro
1325 2229 1567 2293 semper
1594 2213 1782 2273 coufi-

241 2302 385 2361 tendi
414 2301 606 2363 fldem
644 2317 754 2382 per
791 2305 916 2365 tale
955 2305 1225 2384 signum.
1257 2306 1464 2366 Primo
1503 2305 1775 2386 quidem,

237 2395 362 2472 qnia
385 2410 491 2474 per
516 2396 695 2457 illam
727 2395 929 2476 legem
959 2415 1088 2459 non
1115 2399 1362 2478 proprie
1390 2400 1778 2476 interrogan-

237 2494 324 2546 tur
347 2487 416 2548 de
443 2489 738 2564 sua'fide‚
767 2491 917 2570 quia
958 2509 1086 2551 non
1114 2491 1192 2551 ad
1216 2491 1385 2552 hunc
1425 2491 1615 2554 finem
1654 2491 1779 2552 lata

237 2593 310 2641 est
344 2580 456 2643 lex.
483 2583 707 2664 Neque
736 2601 846 2644 rex
876 2583 1188 2645 humanus
1215 2583 1483 2646 habebat
1513 2592 1780 2664 potesta-

235 2681 340 2734 tem
367 2674 441 2735 ad
468 2675 800 2737 ferendam
835 2675 1040 2756 legem
1070 2684 1320 2758 propter
1355 2677 1535 2739 illum
1563 2679 1776 2756 finem,

233 2770 320 2828 sed
367 2775 618 2830 tantum
667 2773 920 2850 propter
973 2770 1288 2851 politicum
1339 2773 1621 2834 ordinem
1646 2795 1664 2848 3
1718 2779 1780 2834 et

234 2867 524 2940 praeterea,
575 2863 858 2942 quamvis
887 2863 1150 2925 intentio
1194 2865 1486 2944 principis
1527 2865 1782 2928 ferentis

236 2954 378 3015 illam
399 2955 615 3036 legem
640 2961 795 3018 esset
820 2974 1038 3035 cogere
1062 2956 1272 3018 fideles
1295 2957 1373 3018 ad
1398 2975 1462 3018 se
1491 2957 1780 3019 manifes-

235 3049 491 3124 lamium,
519 3067 658 3111 non
693 3055 850 3112 esset
880 3050 988 3110 illa
1028 3049 1335 3112 sufficiens
1373 3053 1778 3130 interrogatio

231 3141 508 3204 inducens
575 3139 1017 3221 obligationem
1069 3143 1146 3204 ad
1203 3143 1617 3206 confitendam
1671 3145 1780 3206 illo

227 3235 393 3295 modo
435 3235 662 3312 fidem,
709 3237 857 3316 quia
901 3235 1115 3296 nullus
1153 3236 1672 3316 interrogaretur-3
1719 3245 1781 3299 et

223 3328 512 3404 generalis
551 3329 670 3390 illa
711 3329 996 3390 excitatio
1045 3347 1153 3390 seu
1201 3329 1554 3410 provocatio
1594 3331 1670 3392 ad
1716 3351 1780 3393 se

223 3422 630 3499 prodendam,
648 3441 775 3484 non
794 3421 1018 3484 sufficit
1036 3424 1113 3484 ad
1137 3421 1310 3485 illam
1335 3425 1779 3504 obligationem

222 3515 656 3594 inducendam,
683 3523 957 3596 utsupra
983 3510 1137 3593 dixi,
1164 3517 1312 3598 quia
1340 3535 1554 3580 revera
1578 3519 1781 3580 occul-

216 3615 336 3668 tare
363 3627 426 3670 se
457 3607 526 3670 in
579 3609 686 3670 illo
716 3609 978 3670 articulo
1017 3627 1218 3690 neque
1260 3615 1354 3671 est
1394 3619 1606 3672 contra
1633 3611 1780 3674 fidei

217 3699 532 3777 honorem,
579 3719 779 3782 neque
806 3702 1148 3777 moraliter,
1176 3720 1247 3763 ac
1277 3721 1386 3782 per
1425 3721 1488 3764 se
1524 3703 1778 3784 loquen-

214 3792 307 3868 do,
345 3795 714 3856 scandalum
745 3801 1000 3875 generat
1026 3795 1132 3875 qui
1161 3813 1224 3856 se
1253 3795 1542 3873 occultat,
1589 3803 1651 3857 et
1692 3797 1780 3857 ita

213 3905 579 3966 responsum
635 3894 726 3950 est
786 3889 863 3951 ad
923 3889 1400 3950 fundamentum
1455 3889 1780 3950 contrariae

211 3982 570 4042 sententiae.

287 4078 382 4134 Η.
435 4074 746 4149 Quartum
779 4075 1356 4140 dubium—Prima
1382 4075 1782 4140 sententia.—

209 4165 432 4238 Quarto
457 4175 526 4230 et
559 4169 781 4229 ultimo
806 4175 1090 4232 movetur
1121 4169 1380 4230 dubium
1408 4167 1484 4229 dc
1510 4168 1781 4229 vestibus

211 4278 310 4336 per
339 4280 404 4322 se
434 4263 649 4341 primo
685 4263 988 4342 deputatis
1019 4263 1094 4323 ad
1124 4261 1619 4342 superstitiosum
1655 4260 1780 4321 cul·

206 4358 333 4413 tum
382 4355 660 4433 alicujus
705 4355 872 4418 ialsae
921 4361 1100 4417 sectae
1114 4402 1135 4432 ,
1184 4373 1322 4436 quae
1371 4373 1502 4416 non
1547 4353 1781 4414 hahent

209 4463 609 4508 communem
640 4455 701 4508 et
727 4447 1109 4528 corporalem
1139 4467 1348 4524 usum,
1379 4448 1484 4509 sed
1514 4465 1778 4522 sacrum,

205 4539 294 4599 vel
325 4541 514 4620 quasi
542 4559 786 4602 sacrum
816 4543 883 4602 iu
909 4540 1020 4602 tali
1047 4548 1235 4617 secta,
1263 4561 1343 4602 an
1369 4539 1552 4601 liceat
1583 4539 1782 4602 Chris-

203 4633 374 4693 tiano
401 4633 585 4694 fideli
615 4633 736 4695 illis
763 4636 856 4696 uti
885 4654 996 4714 per
1023 4635 1405 4696 materialem
1435 4633 1768 4695 simulatio-

203 4743 342 4787 nem
369 4727 450 4788 ad
479 4745 550 4788 se
577 4727 1036 4790 occultandum.
1062 4727 1269 4809 Aliqui
1293 4728 1460 4790 enim
1483 4745 1561 4788 ex
1583 4726 1782 4788 citatis

203 4820 596 4897 auctoribus,
641 4823 981 4901 praesertim
1023 4821 1178 4883 Azor
1219 4829 1280 4883 et
1325 4821 1622 4897 Sanchez,
1666 4840 1782 4881 nu-

203 4929 376 4974 mero
417 4913 528 4988 10,
565 4913 834 4975 idem-de
858 4915 958 4976 his
995 4915 1265 4976 vestibus
1309 4915 1474 4994 quod
1522 4914 1597 4974 de
1643 4913 1782 4973 aliis

202 5007 577 5083 opinantur,
599 5006 906 5082 videlicet,
925 5007 990 5068 in
1012 5007 1372 5069 necessitate
1389 5007 1630 5068 licitum
1653 5023 1780 5067 esse

203 5097 426 5158 talium
450 5099 726 5158 vestium
749 5117 951 5160 usum.
975 5100 1473 5162 Fundamentum
1499 5105 1611 5175 est,
1635 5091 1782 5178 quia

199 5191 618 5268 quantumvis
640 5197 838 5253 vestes
868 5211 979 5272 per
997 5191 1280 5253 homines
1311 5192 1684 5271 deputentur
1704 5191 1781 5251 ad

199 5290 445 5344 certum
476 5301 664 5345 usum
688 5285 872 5346 etiam
903 5303 1170 5362 sacrum,
1197 5291 1258 5347 et
1281 5285 1356 5347 ad
1388 5285 1780 5365 significatio-

197 5393 346 5436 nem
396 5393 548 5456 quae
597 5377 776 5438 illum
823 5377 1171 5454 comitatur,
1221 5395 1462 5459 semper
1507 5379 1782 5440 retInent

198 5471 653 5550 aptitudinem,
682 5489 871 5552 quam
895 5469 969 5533 de
997 5489 1059 5533 se
1087 5471 1344 5548 habent,
1377 5473 1456 5534 ad
1496 5489 1779 5533 commu-

199 5581 349 5624 nem
405 5579 597 5623 usum
635 5563 883 5642 tegendi
915 5584 985 5626 ac
1028 5565 1398 5627 defendendi
1447 5583 1687 5645 corpuS,
1719 5570 1781 5625 et

3298 421 3415 487 397

1856 527 1997 589 ideo
2026 527 2275 588 licitum·
2310 534 2401 589 est
2427 527 2668 588 homini
2697 527 2790 588 uti
2831 543 3223 607 quacumque
3250 538 3418 594 veste

1854 627 2104 701 propter
2119 621 2287 681 hunc
2315 637 2498 680 usum
2527 621 2697 700 quasi
2722 620 3125 682 intrinsecum
3152 627 3213 682 et
3238 630 3418 684 natu-

1857 712 2074 789 ralem,
2116 719 2468 794 contempta
2504 707 2891 794 quacumque
2934 713 3057 774 alia
3089 713 3418 778 hominum

1855 807 2263 882 institutione,
2290 814 2351 868 et
2377 808 2792 888 permittendo
2816 805 3081 868 aliorum
3113 809 3419 890 deceptio-

1857 919 2026 976 nem,
2058 901 2299 962 etiamsi
2334 900 2479 961 inde
2511 907 2821 978 sequatur.
3257 891 3259 893 '

1941 995 2039 1054 12.
2106 995 2315 1062 Verior
2340 993 2648 1056 resolutio.
2664 995 3142 1056 —Contrariam
3167 1005 3419 1059 senten-

1857 1086 2013 1147 tiam
2064 1103 2101 1146 a
2146 1086 2383 1147 fortiori
2431 1092 2646 1147 tenent
2691 1085 3038 1165 CajetanuS,
3084 1089 3441 1168 Sylvester‚'

1859 1179 2086 1255 Tolet.,
2120 1185 2184 1239 et
2227 1179 2332 1240 alii
2362 1179 2611 1258 allegati
2643 1180 2707 1239 in
2742 1179 3009 1242 secundo
3046 1182 3261 1258 dubia,
3287 1185 3419 1264 opi-

1859 1273 2050 1333 nione
2079 1275 2300 1352 prima.
2329 1273 2523 1334 Tenet
2552 1272 2738 1336 etiam
2769 1273 3066 1353 Aragon.,
3087 1275 3251 1337 dicto
3274 1280 3421 1338 arti·

1861 1365 2003 1426 culo
2031 1366 2337 1442 secund03
2390 1365 2675 1428 Ludovic.
2726 1367 2901 1448 Lop.,
2946 1369 3010 1426 in
3046 1369 3172 1430 suis
3218 1371 3414 1432 Instit.

1863 1459 2109 1535 moral„
2150 1462 2177 1520 1
2224 1467 2417 1541 part„
2470 1477 2603 1540 cap.
2656 1461 2723 1522 41
2745 1475 2767 1539 3
2827 1466 2888 1520 et
2936 1459 3299 1538 BensoniuS,
3354 1465 3420 1527 in

1861 1559 2125 1614 tractatu
2159 1554 2235 1616 de
2272 1555 2465 1633 Fuga,
2516 1553 2629 1614 lib.
2678 1557 2736 1630 l,
2785 1554 2929 1615 dist.
2984 1557 3044 1629 l,
3089 1562 3304 1634 quaest.
3354 1559 3417 1634 4,

1861 1647 1939 1707 ad
1986 1650 2046 1707 4.
2100 1647 2596 1708 Fundamentum
2625 1653 2736 1723 est,
2769 1647 2915 1727 quia
2944 1665 3087 1708 usus
3129 1651 3422 1711 uniuscu-

1855 1741 2081 1818 jusque
2109 1740 2199 1801 rei
2228 1738 2548 1802 moraliter
2562 1739 2936 1818 judicandus
2975 1747 3165 1803 estex
3196 1745 3421 1820 prima-

1861 1833 1954 1895 rio
1992 1835 2116 1896 fine
2144 1841 2394 1916 propter
2415 1852 2603 1916 quem
2633 1833 3000 1911 instituitur,
3040 1843 3102 1898 et
3134 1837 3272 1898 idco
3314 1839 3421 1918 qui

1860 1929 1973 1992 tali
2022 1936 2188 1991 veste
2232 1932 2451 2000 utitur,
2486 1928 2800 1990 moraliter
2856 1937 3097 1991 exercet
3138 1935 3421 2011 supersti-

1862 2024 2085 2083 tiosum
2111 2023 2371 2084 cultum.
2398 2025 2473 2084 Et
2503 2023 2854 2084 declaratur
2896 2025 3117 2105 primo,
3150 2043 3295 2086 nam
3318 2044 3423 2105 po-

1859 2134 2011 2177 nere
2052 2117 2395 2192 incensum,
2452 2115 2625 2178 verbi
2659 2116 2883 2195 gratia,
2920 2117 2986 2177 in
3029 2118 3197 2198 igne,
3250 2117 3325 2180 de
3359 2137 3423 2179 se

1860 2209 2221 2271 indifferens
2265 2210 2425 2271 actio
2468 2215 2581 2284 est,
2629 2227 2768 2290 quae
2812 2215 3012 2290 potest
3043 2213 3230 2271 etiam
3286 2209 3423 2272 fieri

1858 2308 2109 2383 propter
2136 2301 2513 2383 corporalem
2541 2321 2719 2363 usum
2738 2319 2759 2380 3
2811 2311 3021 2363 tamen
3066 2303 3313 2383 quando
3349 2304 3421 2364 fit

1858 2395 1967 2455 tali
1998 2395 2182 2456 modo
2211 2396 2492 2456 instituto
2521 2395 2597 2456 ad
2634 2389 2868 2456 cul't'um
2899 2394 3235 2476 religioniS,
3263 2398 3421 2458 inse-

1858 2487 2197 2569 parabilem
2230 2487 2417 2550 habet
2446 2487 2617 2549 illam
2648 2487 3188 2567 significationem,
3218 2505 3423 2550 mora-

1860 2583 2001 2644 liter
2042 2579 2376 2660 loquendo,
2428 2584 2490 2641 et
2532 2581 2675 2643 ideo
2714 2600 2840 2642 non
2890 2584 3089 2662 potest
3136 2583 3422 2644 simulate

1859 2674 1996 2736 fieri
2025 2674 2103 2735 ad
2130 2673 2319 2734 fidem
2350 2673 2803 2750 occultandam,
2838 2681 2911 2734 ut
2956 2691 3142 2754 supra
3186 2673 3420 2736 dictum

1861 2773 1950 2829 est
1970 2789 1985 2840 3
2018 2785 2165 2846 ergo
2208 2768 2371 2828 idem
2419 2774 2531 2844 est,
2586 2767 2981 2848 proportione
3024 2771 3285 2841 servata,
3342 2768 3421 2828 de

1859 2877 1974 2920 usu
2004 2861 2223 2921 talium
2254 2862 2517 2921 vestium
2554 2877 2889 2936 sacrarum,
2936 2877 3045 2920 seu
3080 2861 3288 2940 potius
3328 2879 3422 2922 sa-

1859 2953 2257 3032 crilegarum.
3274 2952 3284 2963 '

1943 3047 2041 3107 13.
2086 3045 2470 3126 Explicatur
2497 3043 2756 3128 amplius
2806 3063 2950 3109 vera
2989 3047 3307 3112 sententia.
3339 3081 3423 3096 --

1861 3141 2029 3201 Inter
2053 3140 2167 3200 has
2191 3140 2546 3215 sententias,
2574 3138 2706 3200 baec
2730 3141 3034 3219 posterior
3066 3159 3191 3201 non
3221 3141 3420 3202 solum

1860 3233 2152 3310 securior,
2187 3233 2291 3294 sed
2326 3235 2514 3294 etiam
2555 3231 2931 3311 probabilior
2960 3233 3115 3293 mihi
3150 3233 3417 3311 videtur,

1861 3327 2107 3387 sirecte
2146 3325 2505 3406 explicetur.
2538 3327 2685 3386 Dico
2736 3333 2945 3387 autem
2982 3343 3108 3414 esse
3153 3328 3420 3388 securio—

1859 3437 2017 3495 rem,
2046 3420 2191 3498 quia
2216 3419 2292 3480 ad
2324 3417 2658 3479 minimum
2680 3419 2821 3480 talis
2853 3436 2999 3479 usus
3026 3419 3213 3480 habet
3240 3437 3420 3498 regu-

1860 3512 2071 3573 lariter
2101 3511 2465 3591 adjunctum
2500 3509 2882 3587 scandalum,
2928 3517 2988 3574 et
3030 3513 3167 3573 idco
3201 3513 3419 3574 saltem

1860 3605 1936 3665 ad
1976 3605 2301 3666 vitandum
2337 3604 2489 3664 illud
2516 3609 2808 3666 tenentur
2852 3603 3061 3666 fideles
3103 3605 3181 3666 ab
3210 3606 3419 3684 hujus-

1860 3697 2031 3759 modi
2055 3697 2362 3759 abstinere
2381 3715 2519 3757 usu.
2550 3695 3030 3759 Probabiliorem
3051 3703 3259 3760 autem
3281 3717 3421 3759 cen·

1860 3811 1963 3853 seo
2011 3798 2147 3852 tum
2176 3798 2427 3872 propter
2453 3791 2757 3852 rationem
2782 3791 3030 3865 factam,
3060 3797 3195 3852 tum
3232 3793 3419 3854 etiam

1860 3888 2009 3966 quia
2036 3906 2131 3949 res
2166 3885 2525 3965 hujusmodi
2555 3886 2685 3947 fere
2731 3887 3190 3966 aequiparantur
3217 3885 3420 3947 verbis

1859 3980 1926 4039 in
1958 3977 2409 4058 significatione
2457 3995 2590 4054 sua,
2645 3979 2791 4058 quia
2831 3980 3128 4058 primario
3158 3986 3303 4039 sunt
3342 3979 3420 4040 ad

1859 4071 2049 4134 talem
2074 4071 2586 4150 significationem
2614 4071 2936 4150 impositoe;
2970 4081 3031 4132 et
3076 4073 3420 4134 actionibus

1860 4165 2047 4226 sacris
2075 4165 2259 4226 etiam
2290 4172 2434 4224 sunt
2462 4163 2715 4238 simileS‚
2746 4168 3049 4243 quatenus
3081 4165 3158 4226 ad
3185 4167 3433 4227 cultum

1861 4277 1973 4340 per
2023 4277 2087 4320 se
2136 4259 2338 4338 primo
2371 4257 2763 4332 ordinantur3
2811 4264 2873 4318 et
2906 4257 3047 4319 ideo
3093 4259 3251 4319 sicut
3293 4277 3419 4320 non

1860 4352 2005 4414 licet
2033 4352 2308 4412 actiones
2336 4349 2473 4410 falsi
2503 4349 2702 4410 cultus
2732 4367 3038 4427 exercere,
3085 4369 3201 4412 nec
3229 4351 3439 4414 verba‘

1861 4445 2280 4526 significantia
2329 4444 2726 4522 negationem
2779 4443 2923 4505 fidei
2977 4445 3274 4523 proferre,
3332 4444 3420 4506 ita

1860 4559 2065 4619 neque
2092 4558 2240 4599 usus
2268 4537 2485 4598 talium
2518 4535 2781 4596 vestium
2813 4536 3258 4618 permittendus
3288 4545 3417 4614 est3

1863 4634 1991 4694 dixi
2048 4639 2277 4706 autem,
2332 4629 2696 4712 regulariter
2745 4629 3050 4710 loquendo,
3106 4632 3253 4710 quia
3304 4631 3420 4692 hoc

1863 4725 2132 4786 maxime
2156 4723 2451 4804 procedit,
2472 4721 2719 4801 quando
2750 4723 2963 4801 inipso
2992 4729 3271 4784 servatur
3292 4741 3423 4784 mo-

1861 4819 1976 4880 dus
1996 4816 2337 4896 religiosuS‚
2350 4815 2449 4876 vel
2468 4814 2947 4893 superstitiosus,
2968 4822 3218 4895 propter
3234 4833 3422 4896 quem

1865 4912 2045 4970 vestis
2086 4914 2179 4970 est
2220 4907 2528 4983 instituta3
2562 4923 2708 4966 nam
2744 4908 2795 4966 si
2826 4909 2965 4987 quis
2999 4913 3274 4969 uteretur
3311 4908 3421 4970 tali

1860 5006 2029 5064 veste
2048 5001 2234 5063 modo
2262 4999 2517 5080 profano
2546 5006 2608 5060 et
2634 4999 2900 5078 vulgari,
2930 5007 3081 5061 tunc
3112 5002 3308 5080 magis
3332 5003 3420 5062 vi-

1861 5095 2114 5158 deretur
2146 5100 2540 5156 contemnere
2577 5093 3065 5172 superstitiosum
3107 5111 3289 5154 usum
3320 5113 3422 5156 ve-

1861 5191 1991 5264 stis,
2009 5191 2262 5268 ejusque
2283 5185 2757 5261 institutionem,
2774 5203 2960 5265 quam
2978 5185 3149 5246 illam
3167 5187 3417 5263 imitari,

1862 5288 1924 5344 et
1949 5289 2099 5342 tunc
2123 5286 2323 5361 posset
2344 5297 2474 5340 esse
2490 5279 2697 5339 licitus
2714 5279 2855 5340 talis
2876 5297 3044 5351 usuS,
3069 5280 3215 5360 quia
3234 5282 3419 5340 etiam

1860 5375 2220 5437 scandalum
2245 5377 2309 5434 et
2329 5370 2484 5433 falsa
2511 5370 2878 5450 significatio
2902 5379 3185 5434 cessaret.

2510 5523 2775 5544 ...*-
