<?xml version="1.0" encoding="UTF-8"?>
<!DOCTYPE html PUBLIC "-//W3C//DTD XHTML 1.0 Transitional//EN"
    "http://www.w3.org/TR/xhtml1/DTD/xhtml1-transitional.dtd">
<html xmlns="http://www.w3.org/1999/xhtml" xml:lang="en" lang="en">
 <head>
  <title>
</title>
<meta http-equiv="Content-Type" content="text/html;charset=utf-8" />
  <meta name='ocr-system' content='tesseract 3.04.00' />
  <meta name='ocr-capabilities' content='ocr_page ocr_carea ocr_par ocr_line ocrx_word'/>
</head>
<body>
  <div class='ocr_page' id='page_1' title='image "./rpfranciscisuar00duvagoog_0206.png"; bbox 0 0 3900 6217; ppageno 0'>
   <div class='ocr_carea' id='block_1_1' title="bbox 414 461 1992 5573">
    <p class='ocr_par' dir='ltr' id='par_1_1' title="bbox 415 461 1992 2674">
     <span class='ocr_line' id='line_1_1' title="bbox 418 461 1982 542; baseline -0.003 -14"><span class='ocrx_word' id='word_1_1' title='bbox 418 483 631 528; x_wconf 79' lang='lat' dir='ltr'>vorem</span> <span class='ocrx_word' id='word_1_2' title='bbox 671 463 965 528; x_wconf 79' lang='lat' dir='ltr'>contrarii</span> <span class='ocrx_word' id='word_1_3' title='bbox 990 463 1241 526; x_wconf 83' lang='lat' dir='ltr'>erroris.</span> <span class='ocrx_word' id='word_1_4' title='bbox 1288 462 1469 539; x_wconf 85' lang='lat' dir='ltr'>Nam,</span> <span class='ocrx_word' id='word_1_5' title='bbox 1494 462 1639 525; x_wconf 88' lang='lat' dir='ltr'>licet</span> <span class='ocrx_word' id='word_1_6' title='bbox 1662 481 1776 542; x_wconf 87' lang='lat' dir='ltr'>per</span> <span class='ocrx_word' id='word_1_7' title='bbox 1794 461 1982 524; x_wconf 86' lang='lat' dir='ltr'>ratio·</span> 
     </span>
     <span class='ocr_line' id='line_1_2' title="bbox 415 554 1982 637; baseline -0.006 -13"><span class='ocrx_word' id='word_1_8' title='bbox 415 578 564 624; x_wconf 87' lang='lat' dir='ltr'>nem</span> <span class='ocrx_word' id='word_1_9' title='bbox 618 556 969 622; x_wconf 85' lang='lat' dir='ltr'>naturalem</span> <span class='ocrx_word' id='word_1_10' title='bbox 1030 555 1222 637; x_wconf 88' lang='lat' dir='ltr'>possit</span> <span class='ocrx_word' id='word_1_11' title='bbox 1278 556 1567 636; x_wconf 82' lang='lat' dir='ltr'>cognosci</span> <span class='ocrx_word' id='word_1_12' title='bbox 1598 554 1982 618; x_wconf 87' lang='lat' dir='ltr'>credendum</span> 
     </span>
     <span class='ocr_line' id='line_1_3' title="bbox 416 649 1983 730; baseline -0.004 -14"><span class='ocrx_word' id='word_1_13' title='bbox 416 671 547 716; x_wconf 86' lang='lat' dir='ltr'>esse</span> <span class='ocrx_word' id='word_1_14' title='bbox 582 651 769 714; x_wconf 82' lang='lat' dir='ltr'>rebus</span> <span class='ocrx_word' id='word_1_15' title='bbox 806 649 1091 712; x_wconf 79' lang='lat' dir='ltr'>revelatis</span> <span class='ocrx_word' id='word_1_16' title='bbox 1124 667 1165 710; x_wconf 88' lang='lat' dir='ltr'>a</span> <span class='ocrx_word' id='word_1_17' title='bbox 1202 650 1331 712; x_wconf 90' lang='lat' dir='ltr'>Deo</span> <span class='ocrx_word' id='word_1_18' title='bbox 1358 649 1730 712; x_wconf 86' lang='lat' dir='ltr'>sufficienter</span> <span class='ocrx_word' id='word_1_19' title='bbox 1750 665 1983 730; x_wconf 86' lang='lat' dir='ltr'>propo-</span> 
     </span>
     <span class='ocr_line' id='line_1_4' title="bbox 419 741 1982 822; baseline -0.004 -11"><span class='ocrx_word' id='word_1_20' title='bbox 419 746 579 820; x_wconf 85' lang='lat' dir='ltr'>sitis,</span> <span class='ocrx_word' id='word_1_21' title='bbox 608 761 735 806; x_wconf 90' lang='lat' dir='ltr'>non</span> <span class='ocrx_word' id='word_1_22' title='bbox 762 749 963 822; x_wconf 82' lang='lat' dir='ltr'>potest</span> <span class='ocrx_word' id='word_1_23' title='bbox 986 747 1198 804; x_wconf 75' lang='lat' dir='ltr'>tamen</span> <span class='ocrx_word' id='word_1_24' title='bbox 1226 742 1517 821; x_wconf 84' lang='lat' dir='ltr'>cognosci</span> <span class='ocrx_word' id='word_1_25' title='bbox 1540 741 1707 821; x_wconf 88' lang='lat' dir='ltr'>quod</span> <span class='ocrx_word' id='word_1_26' title='bbox 1742 742 1823 804; x_wconf 90' lang='lat' dir='ltr'>sit</span> <span class='ocrx_word' id='word_1_27' title='bbox 1849 759 1982 804; x_wconf 87' lang='lat' dir='ltr'>cre·</span> 
     </span>
     <span class='ocr_line' id='line_1_5' title="bbox 416 835 1984 916; baseline -0.004 -11"><span class='ocrx_word' id='word_1_28' title='bbox 416 839 695 904; x_wconf 88' lang='lat' dir='ltr'>dendum</span> <span class='ocrx_word' id='word_1_29' title='bbox 730 855 809 900; x_wconf 85' lang='lat' dir='ltr'>ex</span> <span class='ocrx_word' id='word_1_30' title='bbox 846 835 1031 900; x_wconf 85' lang='lat' dir='ltr'>modo</span> <span class='ocrx_word' id='word_1_31' title='bbox 1054 853 1179 916; x_wconf 85' lang='lat' dir='ltr'>quo</span> <span class='ocrx_word' id='word_1_32' title='bbox 1202 835 1356 900; x_wconf 80' lang='lat' dir='ltr'>fides</span> <span class='ocrx_word' id='word_1_33' title='bbox 1382 836 1599 898; x_wconf 79' lang='lat' dir='ltr'>divina</span> <span class='ocrx_word' id='word_1_34' title='bbox 1621 835 1835 912; x_wconf 87' lang='lat' dir='ltr'>credit,</span> <span class='ocrx_word' id='word_1_35' title='bbox 1868 835 1984 898; x_wconf 86' lang='lat' dir='ltr'>sci·</span> 
     </span>
     <span class='ocr_line' id='line_1_6' title="bbox 415 927 1984 1010; baseline -0.002 -15"><span class='ocrx_word' id='word_1_36' title='bbox 415 932 561 996; x_wconf 83' lang='lat' dir='ltr'>licet</span> <span class='ocrx_word' id='word_1_37' title='bbox 588 950 666 994; x_wconf 85' lang='lat' dir='ltr'>ex</span> <span class='ocrx_word' id='word_1_38' title='bbox 696 949 850 1010; x_wconf 87' lang='lat' dir='ltr'>pura</span> <span class='ocrx_word' id='word_1_39' title='bbox 894 929 1005 991; x_wconf 85' lang='lat' dir='ltr'>Dei</span> <span class='ocrx_word' id='word_1_40' title='bbox 1045 931 1437 999; x_wconf 80' lang='lat' dir='ltr'>auctoritate,</span> <span class='ocrx_word' id='word_1_41' title='bbox 1467 947 1597 994; x_wconf 82' lang='lat' dir='ltr'>nen</span> <span class='ocrx_word' id='word_1_42' title='bbox 1622 927 1984 992; x_wconf 80' lang='lat' dir='ltr'>resolvendo</span> 
     </span>
     <span class='ocr_line' id='line_1_7' title="bbox 418 1021 1986 1104; baseline -0.003 -16"><span class='ocrx_word' id='word_1_43' title='bbox 418 1026 605 1090; x_wconf 81' lang='lat' dir='ltr'>fidem</span> <span class='ocrx_word' id='word_1_44' title='bbox 650 1025 721 1086; x_wconf 91' lang='lat' dir='ltr'>in</span> <span class='ocrx_word' id='word_1_45' title='bbox 768 1023 1043 1104; x_wconf 85' lang='lat' dir='ltr'>aliquam</span> <span class='ocrx_word' id='word_1_46' title='bbox 1070 1021 1261 1086; x_wconf 85' lang='lat' dir='ltr'>aliam</span> <span class='ocrx_word' id='word_1_47' title='bbox 1306 1023 1639 1098; x_wconf 82' lang='lat' dir='ltr'>rationem,</span> <span class='ocrx_word' id='word_1_48' title='bbox 1666 1040 1774 1086; x_wconf 82' lang='lat' dir='ltr'>seu</span> <span class='ocrx_word' id='word_1_49' title='bbox 1800 1022 1986 1086; x_wconf 87' lang='lat' dir='ltr'>moti·</span> 
     </span>
     <span class='ocr_line' id='line_1_8' title="bbox 420 1113 1982 1196; baseline -0.002 -17"><span class='ocrx_word' id='word_1_50' title='bbox 420 1136 572 1182; x_wconf 84' lang='lat' dir='ltr'>vum</span> <span class='ocrx_word' id='word_1_51' title='bbox 596 1123 873 1181; x_wconf 86' lang='lat' dir='ltr'>creatum</span> <span class='ocrx_word' id='word_1_52' title='bbox 902 1115 1229 1189; x_wconf 76' lang='lat' dir='ltr'>credendi3</span> <span class='ocrx_word' id='word_1_53' title='bbox 1258 1132 1433 1190; x_wconf 86' lang='lat' dir='ltr'>nam,</span> <span class='ocrx_word' id='word_1_54' title='bbox 1484 1121 1557 1178; x_wconf 84' lang='lat' dir='ltr'>ut</span> <span class='ocrx_word' id='word_1_55' title='bbox 1596 1132 1785 1196; x_wconf 86' lang='lat' dir='ltr'>supra</span> <span class='ocrx_word' id='word_1_56' title='bbox 1824 1113 1982 1190; x_wconf 78' lang='lat' dir='ltr'>dixi,</span> 
     </span>
     <span class='ocr_line' id='line_1_9' title="bbox 420 1206 1988 1292; baseline -0.004 -18"><span class='ocrx_word' id='word_1_57' title='bbox 420 1211 577 1292; x_wconf 84' lang='lat' dir='ltr'>disp.</span> <span class='ocrx_word' id='word_1_58' title='bbox 604 1212 667 1282; x_wconf 80' lang='grc'>3,</span> <span class='ocrx_word' id='word_1_59' title='bbox 696 1213 843 1272; x_wconf 88' lang='lat' dir='ltr'>sect.</span> <span class='ocrx_word' id='word_1_60' title='bbox 878 1210 982 1285; x_wconf 74' lang='lat'>12,</span> <span class='ocrx_word' id='word_1_61' title='bbox 1022 1208 1267 1272; x_wconf 89' lang='lat' dir='ltr'>duobus</span> <span class='ocrx_word' id='word_1_62' title='bbox 1295 1207 1495 1270; x_wconf 86' lang='lat' dir='ltr'>modis</span> <span class='ocrx_word' id='word_1_63' title='bbox 1535 1213 1793 1290; x_wconf 85' lang='lat' dir='ltr'>possunt</span> <span class='ocrx_word' id='word_1_64' title='bbox 1818 1206 1988 1270; x_wconf 87' lang='lat' dir='ltr'>credi</span> 
     </span>
     <span class='ocr_line' id='line_1_10' title="bbox 420 1302 1990 1378; baseline -0.004 -8"><span class='ocrx_word' id='word_1_65' title='bbox 420 1323 519 1370; x_wconf 83' lang='lat' dir='ltr'>res</span> <span class='ocrx_word' id='word_1_66' title='bbox 548 1305 715 1368; x_wconf 79' lang='lat' dir='ltr'>fidei.</span> <span class='ocrx_word' id='word_1_67' title='bbox 746 1303 983 1378; x_wconf 85' lang='lat' dir='ltr'>Primo,</span> <span class='ocrx_word' id='word_1_68' title='bbox 1022 1302 1387 1366; x_wconf 70' lang='lat' dir='ltr'>resolvendo</span> <span class='ocrx_word' id='word_1_69' title='bbox 1416 1320 1735 1366; x_wconf 74' lang='lat' dir='ltr'>assensum</span> <span class='ocrx_word' id='word_1_70' title='bbox 1766 1302 1833 1364; x_wconf 90' lang='lat' dir='ltr'>in</span> <span class='ocrx_word' id='word_1_71' title='bbox 1878 1321 1990 1364; x_wconf 79' lang='lat' dir='ltr'>ex·</span> 
     </span>
     <span class='ocr_line' id='line_1_11' title="bbox 420 1395 1988 1474; baseline -0.001 -16"><span class='ocrx_word' id='word_1_72' title='bbox 420 1404 598 1462; x_wconf 83' lang='lat' dir='ltr'>terna</span> <span class='ocrx_word' id='word_1_73' title='bbox 651 1395 915 1471; x_wconf 80' lang='lat' dir='ltr'>motiva,</span> <span class='ocrx_word' id='word_1_74' title='bbox 970 1395 1067 1458; x_wconf 83' lang='lat' dir='ltr'>vel</span> <span class='ocrx_word' id='word_1_75' title='bbox 1120 1397 1299 1474; x_wconf 82' lang='lat' dir='ltr'>signa</span> <span class='ocrx_word' id='word_1_76' title='bbox 1352 1395 1801 1471; x_wconf 87' lang='lat' dir='ltr'>credibilitatis,</span> <span class='ocrx_word' id='word_1_77' title='bbox 1850 1401 1988 1456; x_wconf 85' lang='lat' dir='ltr'>tan·</span> 
     </span>
     <span class='ocr_line' id='line_1_12' title="bbox 423 1487 1988 1571; baseline -0.001 -19"><span class='ocrx_word' id='word_1_78' title='bbox 423 1508 613 1571; x_wconf 88' lang='lat' dir='ltr'>quam</span> <span class='ocrx_word' id='word_1_79' title='bbox 646 1490 709 1552; x_wconf 87' lang='lat' dir='ltr'>in</span> <span class='ocrx_word' id='word_1_80' title='bbox 758 1489 1063 1552; x_wconf 83' lang='lat' dir='ltr'>rationem</span> <span class='ocrx_word' id='word_1_81' title='bbox 1096 1488 1413 1565; x_wconf 86' lang='lat' dir='ltr'>credendi,</span> <span class='ocrx_word' id='word_1_82' title='bbox 1440 1496 1503 1550; x_wconf 88' lang='lat' dir='ltr'>et</span> <span class='ocrx_word' id='word_1_83' title='bbox 1540 1487 1621 1551; x_wconf 86' lang='lat' dir='ltr'>ad</span> <span class='ocrx_word' id='word_1_84' title='bbox 1649 1487 1767 1550; x_wconf 89' lang='lat' dir='ltr'>hoc</span> <span class='ocrx_word' id='word_1_85' title='bbox 1786 1505 1988 1567; x_wconf 83' lang='lat' dir='ltr'>genus</span> 
     </span>
     <span class='ocr_line' id='line_1_13' title="bbox 418 1581 1990 1663; baseline -0.003 -15"><span class='ocrx_word' id='word_1_86' title='bbox 418 1584 567 1648; x_wconf 81' lang='lat' dir='ltr'>fidei</span> <span class='ocrx_word' id='word_1_87' title='bbox 596 1583 875 1646; x_wconf 82' lang='lat' dir='ltr'>sufficere</span> <span class='ocrx_word' id='word_1_88' title='bbox 900 1588 1105 1663; x_wconf 87' lang='lat' dir='ltr'>potest</span> <span class='ocrx_word' id='word_1_89' title='bbox 1140 1582 1431 1644; x_wconf 81' lang='lat' dir='ltr'>voluntas</span> <span class='ocrx_word' id='word_1_90' title='bbox 1479 1581 1807 1656; x_wconf 87' lang='lat' dir='ltr'>naturalis,</span> <span class='ocrx_word' id='word_1_91' title='bbox 1840 1581 1990 1663; x_wconf 85' lang='lat' dir='ltr'>quia</span> 
     </span>
     <span class='ocr_line' id='line_1_14' title="bbox 419 1674 1986 1756; baseline -0.003 -14"><span class='ocrx_word' id='word_1_92' title='bbox 419 1694 550 1744; x_wconf 87' lang='lat' dir='ltr'>non</span> <span class='ocrx_word' id='word_1_93' title='bbox 574 1675 952 1738; x_wconf 74' lang='lat' dir='ltr'>transcendit</span> <span class='ocrx_word' id='word_1_94' title='bbox 989 1674 1176 1736; x_wconf 85' lang='lat' dir='ltr'>fidem</span> <span class='ocrx_word' id='word_1_95' title='bbox 1202 1675 1591 1755; x_wconf 79' lang='lat' dir='ltr'>acquisitam,</span> <span class='ocrx_word' id='word_1_96' title='bbox 1628 1693 1831 1756; x_wconf 84' lang='lat' dir='ltr'>neque</span> <span class='ocrx_word' id='word_1_97' title='bbox 1854 1694 1986 1738; x_wconf 88' lang='lat' dir='ltr'>cer·</span> 
     </span>
     <span class='ocr_line' id='line_1_15' title="bbox 420 1767 1986 1832; baseline 0 -2"><span class='ocrx_word' id='word_1_98' title='bbox 420 1769 753 1832; x_wconf 79' lang='lat' dir='ltr'>titudinem</span> <span class='ocrx_word' id='word_1_99' title='bbox 787 1768 1151 1830; x_wconf 84' lang='lat' dir='ltr'>humanam.</span> <span class='ocrx_word' id='word_1_100' title='bbox 1202 1767 1376 1830; x_wconf 77' lang='lat' dir='ltr'>Alius</span> <span class='ocrx_word' id='word_1_101' title='bbox 1432 1769 1655 1830; x_wconf 87' lang='lat' dir='ltr'>modus</span> <span class='ocrx_word' id='word_1_102' title='bbox 1694 1769 1986 1832; x_wconf 85' lang='lat' dir='ltr'>credendi</span> 
     </span>
     <span class='ocr_line' id='line_1_16' title="bbox 420 1861 1984 1944; baseline -0.002 -17"><span class='ocrx_word' id='word_1_103' title='bbox 420 1869 535 1937; x_wconf 82' lang='lat' dir='ltr'>eet,</span> <span class='ocrx_word' id='word_1_104' title='bbox 566 1881 721 1944; x_wconf 88' lang='lat' dir='ltr'>pure</span> <span class='ocrx_word' id='word_1_105' title='bbox 754 1861 1026 1924; x_wconf 88' lang='lat' dir='ltr'>sistendo</span> <span class='ocrx_word' id='word_1_106' title='bbox 1051 1862 1117 1924; x_wconf 89' lang='lat' dir='ltr'>in</span> <span class='ocrx_word' id='word_1_107' title='bbox 1152 1863 1523 1926; x_wconf 86' lang='lat' dir='ltr'>auctoritate</span> <span class='ocrx_word' id='word_1_108' title='bbox 1548 1863 1785 1938; x_wconf 85' lang='lat' dir='ltr'>divina,</span> <span class='ocrx_word' id='word_1_109' title='bbox 1816 1868 1880 1924; x_wconf 90' lang='lat' dir='ltr'>et</span> <span class='ocrx_word' id='word_1_110' title='bbox 1904 1862 1984 1924; x_wconf 92' lang='lat' dir='ltr'>ad</span> 
     </span>
     <span class='ocr_line' id='line_1_17' title="bbox 418 1955 1986 2019; baseline -0.001 -1"><span class='ocrx_word' id='word_1_111' title='bbox 418 1955 589 2018; x_wconf 81' lang='lat' dir='ltr'>hunc</span> <span class='ocrx_word' id='word_1_112' title='bbox 632 1955 890 2018; x_wconf 87' lang='lat' dir='ltr'>modum</span> <span class='ocrx_word' id='word_1_113' title='bbox 927 1956 1191 2018; x_wconf 80' lang='lat' dir='ltr'>dicimus</span> <span class='ocrx_word' id='word_1_114' title='bbox 1242 1973 1373 2016; x_wconf 83' lang='lat' dir='ltr'>esse</span> <span class='ocrx_word' id='word_1_115' title='bbox 1424 1956 1829 2019; x_wconf 84' lang='lat' dir='ltr'>necessariam</span> <span class='ocrx_word' id='word_1_116' title='bbox 1878 1973 1986 2016; x_wconf 78' lang='lat' dir='ltr'>vo·</span> 
     </span>
     <span class='ocr_line' id='line_1_18' title="bbox 420 2047 1987 2130; baseline 0 -20"><span class='ocrx_word' id='word_1_117' title='bbox 420 2049 725 2112; x_wconf 84' lang='lat' dir='ltr'>luntatem</span> <span class='ocrx_word' id='word_1_118' title='bbox 771 2047 1325 2130; x_wconf 74' lang='lat' dir='ltr'>supernaturalem.</span> <span class='ocrx_word' id='word_1_119' title='bbox 1378 2048 1591 2111; x_wconf 81' lang='lat' dir='ltr'>Altera</span> <span class='ocrx_word' id='word_1_120' title='bbox 1625 2067 1772 2112; x_wconf 80' lang='lat' dir='ltr'>vero</span> <span class='ocrx_word' id='word_1_121' title='bbox 1824 2047 1987 2110; x_wconf 84' lang='lat' dir='ltr'>diffi-</span> 
     </span>
     <span class='ocr_line' id='line_1_19' title="bbox 420 2142 1988 2206; baseline 0.001 -2"><span class='ocrx_word' id='word_1_122' title='bbox 420 2143 615 2205; x_wconf 80' lang='lat' dir='ltr'>cultas</span> <span class='ocrx_word' id='word_1_123' title='bbox 654 2150 825 2205; x_wconf 84' lang='lat' dir='ltr'>tacta</span> <span class='ocrx_word' id='word_1_124' title='bbox 870 2143 1035 2206; x_wconf 81' lang='lat' dir='ltr'>circa</span> <span class='ocrx_word' id='word_1_125' title='bbox 1088 2142 1423 2206; x_wconf 83' lang='lat' dir='ltr'>secundam</span> <span class='ocrx_word' id='word_1_126' title='bbox 1468 2143 1867 2206; x_wconf 80' lang='lat' dir='ltr'>assertionem</span> <span class='ocrx_word' id='word_1_127' title='bbox 1906 2142 1988 2206; x_wconf 83' lang='lat' dir='ltr'>de</span> 
     </span>
     <span class='ocr_line' id='line_1_20' title="bbox 420 2234 1982 2316; baseline -0.001 -18"><span class='ocrx_word' id='word_1_128' title='bbox 420 2244 563 2298; x_wconf 88' lang='lat' dir='ltr'>actu</span> <span class='ocrx_word' id='word_1_129' title='bbox 592 2235 939 2300; x_wconf 82' lang='lat' dir='ltr'>intellectus</span> <span class='ocrx_word' id='word_1_130' title='bbox 968 2235 1202 2316; x_wconf 75' lang='lat' dir='ltr'>praevio</span> <span class='ocrx_word' id='word_1_131' title='bbox 1246 2235 1323 2297; x_wconf 84' lang='lat' dir='ltr'>ad</span> <span class='ocrx_word' id='word_1_132' title='bbox 1363 2234 1527 2298; x_wconf 84' lang='lat' dir='ltr'>hanc</span> <span class='ocrx_word' id='word_1_133' title='bbox 1573 2235 1982 2312; x_wconf 80' lang='lat' dir='ltr'>voluntatem,</span> 
     </span>
     <span class='ocr_line' id='line_1_21' title="bbox 421 2329 1986 2410; baseline 0.001 -20"><span class='ocrx_word' id='word_1_134' title='bbox 421 2329 691 2410; x_wconf 85' lang='lat' dir='ltr'>postulat</span> <span class='ocrx_word' id='word_1_135' title='bbox 732 2329 1038 2408; x_wconf 82' lang='lat' dir='ltr'>integram</span> <span class='ocrx_word' id='word_1_136' title='bbox 1076 2329 1505 2409; x_wconf 68' lang='lat' dir='ltr'>quaestionem,</span> <span class='ocrx_word' id='word_1_137' title='bbox 1554 2346 1741 2408; x_wconf 85' lang='lat' dir='ltr'>quam</span> <span class='ocrx_word' id='word_1_138' title='bbox 1784 2329 1855 2391; x_wconf 89' lang='lat' dir='ltr'>iu</span> <span class='ocrx_word' id='word_1_139' title='bbox 1892 2347 1986 2391; x_wconf 90' lang='lat' dir='ltr'>se-</span> 
     </span>
     <span class='ocr_line' id='line_1_22' title="bbox 420 2421 1990 2502; baseline 0.002 -20"><span class='ocrx_word' id='word_1_140' title='bbox 420 2424 638 2502; x_wconf 78' lang='lat' dir='ltr'>quenti</span> <span class='ocrx_word' id='word_1_141' title='bbox 688 2423 960 2486; x_wconf 82' lang='lat' dir='ltr'>sectione</span> <span class='ocrx_word' id='word_1_142' title='bbox 1015 2421 1310 2484; x_wconf 83' lang='lat' dir='ltr'>tractabe.</span> <span class='ocrx_word' id='word_1_143' title='bbox 1370 2422 1549 2484; x_wconf 83' lang='lat' dir='ltr'>Prius</span> <span class='ocrx_word' id='word_1_144' title='bbox 1597 2439 1745 2483; x_wconf 78' lang='lat' dir='ltr'>vero</span> <span class='ocrx_word' id='word_1_145' title='bbox 1792 2421 1990 2502; x_wconf 84' lang='lat' dir='ltr'>expli·</span> 
     </span>
     <span class='ocr_line' id='line_1_23' title="bbox 421 2514 1992 2595; baseline -0.002 -17"><span class='ocrx_word' id='word_1_146' title='bbox 421 2515 633 2578; x_wconf 72' lang='lat' dir='ltr'>eandm</span> <span class='ocrx_word' id='word_1_147' title='bbox 662 2521 811 2581; x_wconf 89' lang='lat' dir='ltr'>sunt</span> <span class='ocrx_word' id='word_1_148' title='bbox 832 2514 973 2578; x_wconf 79' lang='lat' dir='ltr'>alise</span> <span class='ocrx_word' id='word_1_149' title='bbox 1005 2515 1447 2595; x_wconf 81' lang='lat' dir='ltr'>proprietatees</span> <span class='ocrx_word' id='word_1_150' title='bbox 1473 2514 1661 2595; x_wconf 83' lang='lat' dir='ltr'>hujus</span> <span class='ocrx_word' id='word_1_151' title='bbox 1684 2521 1857 2578; x_wconf 87' lang='lat' dir='ltr'>actus</span> <span class='ocrx_word' id='word_1_152' title='bbox 1882 2533 1992 2576; x_wconf 78' lang='lat' dir='ltr'>vo-</span> 
     </span>
     <span class='ocr_line' id='line_1_24' title="bbox 422 2607 701 2674; baseline 0.007 -4"><span class='ocrx_word' id='word_1_153' title='bbox 422 2607 701 2674; x_wconf 85' lang='lat' dir='ltr'>luntatis.</span> 
     </span>
    </p>

    <p class='ocr_par' dir='ltr' id='par_1_2' title="bbox 414 2701 1990 5573">
     <span class='ocr_line' id='line_1_25' title="bbox 502 2701 1986 2768; baseline -0.001 -2"><span class='ocrx_word' id='word_1_154' title='bbox 502 2705 565 2766; x_wconf 78' lang='lat'>8.</span> <span class='ocrx_word' id='word_1_155' title='bbox 587 2702 867 2768; x_wconf 71' lang='lat' dir='ltr'>Assertio</span> <span class='ocrx_word' id='word_1_156' title='bbox 900 2703 1089 2767; x_wconf 76' lang='lat' dir='ltr'>tortia</span> <span class='ocrx_word' id='word_1_157' title='bbox 1106 2721 1129 2758; x_wconf 87' lang='lat'>··</span> <span class='ocrx_word' id='word_1_158' title='bbox 1158 2702 1437 2766; x_wconf 70' lang='lat' dir='ltr'>voluntas</span> <span class='ocrx_word' id='word_1_159' title='bbox 1462 2701 1735 2765; x_wconf 70' lang='lat' dir='ltr'>credendi</span> <span class='ocrx_word' id='word_1_160' title='bbox 1766 2706 1853 2765; x_wconf 75' lang='lat' dir='ltr'>ert</span> <span class='ocrx_word' id='word_1_161' title='bbox 1882 2701 1986 2764; x_wconf 73' lang='lat' dir='ltr'>ho·</span> 
     </span>
     <span class='ocr_line' id='line_1_26' title="bbox 419 2794 1988 2875; baseline -0.001 -13"><span class='ocrx_word' id='word_1_162' title='bbox 419 2805 591 2862; x_wconf 68' lang='lat' dir='ltr'>nesta</span> <span class='ocrx_word' id='word_1_163' title='bbox 620 2803 675 2862; x_wconf 75' lang='lat' dir='ltr'>et</span> <span class='ocrx_word' id='word_1_164' title='bbox 706 2795 1453 2860; x_wconf 62' lang='lat' dir='ltr'>laudabilia—,Probatur</span> <span class='ocrx_word' id='word_1_165' title='bbox 1478 2797 1677 2875; x_wconf 74' lang='lat' dir='ltr'>primo</span> <span class='ocrx_word' id='word_1_166' title='bbox 1712 2813 1785 2858; x_wconf 71' lang='lat' dir='ltr'><strong><em>w</em></strong></span> <span class='ocrx_word' id='word_1_167' title='bbox 1810 2794 1988 2860; x_wconf 80' lang='lat' dir='ltr'>Scri·</span> 
     </span>
     <span class='ocr_line' id='line_1_27' title="bbox 414 2886 1988 2970; baseline -0.003 -16"><span class='ocrx_word' id='word_1_168' title='bbox 414 2897 605 2970; x_wconf 71' lang='lat' dir='ltr'>ptura</span> <span class='ocrx_word' id='word_1_169' title='bbox 620 2933 640 2965; x_wconf 94' lang='lat'>,</span> <span class='ocrx_word' id='word_1_170' title='bbox 680 2891 1006 2967; x_wconf 71' lang='lat' dir='ltr'>refutando</span> <span class='ocrx_word' id='word_1_171' title='bbox 1048 2907 1308 2953; x_wconf 73' lang='lat' dir='ltr'>morsm</span> <span class='ocrx_word' id='word_1_172' title='bbox 1344 2886 1676 2952; x_wconf 68' lang='lat' dir='ltr'>Maniolaoei</span> <span class='ocrx_word' id='word_1_173' title='bbox 1700 2894 1756 2952; x_wconf 80' lang='lat' dir='ltr'>et</span> <span class='ocrx_word' id='word_1_174' title='bbox 1790 2888 1988 2952; x_wconf 66' lang='lat' dir='ltr'>Ahar·-</span> 
     </span>
     <span class='ocr_line' id='line_1_28' title="bbox 420 2980 1986 3046; baseline -0.003 0"><span class='ocrx_word' id='word_1_175' title='bbox 420 2984 607 3046; x_wconf 79' lang='lat' dir='ltr'>lardi.</span> <span class='ocrx_word' id='word_1_176' title='bbox 636 3015 720 3032; x_wconf 89' lang='lat'>-</span> <span class='ocrx_word' id='word_1_177' title='bbox 750 2983 897 3044; x_wconf 87' lang='lat' dir='ltr'>Dico</span> <span class='ocrx_word' id='word_1_178' title='bbox 941 2983 1125 3044; x_wconf 83' lang='lat' dir='ltr'>tertio</span> <span class='ocrx_word' id='word_1_179' title='bbox 1162 3003 1177 3042; x_wconf 71' lang='grc' dir='ltr'><em>ε</em></span> <span class='ocrx_word' id='word_1_180' title='bbox 1224 2981 1513 3044; x_wconf 79' lang='lat' dir='ltr'>voluntas</span> <span class='ocrx_word' id='word_1_181' title='bbox 1554 2980 1844 3042; x_wconf 84' lang='lat' dir='ltr'>credendi</span> <span class='ocrx_word' id='word_1_182' title='bbox 1870 2980 1986 3043; x_wconf 86' lang='lat' dir='ltr'>ho-</span> 
     </span>
     <span class='ocr_line' id='line_1_29' title="bbox 421 3073 1988 3155; baseline -0.001 -18"><span class='ocrx_word' id='word_1_183' title='bbox 421 3081 597 3138; x_wconf 84' lang='lat' dir='ltr'>nesta</span> <span class='ocrx_word' id='word_1_184' title='bbox 624 3081 741 3151; x_wconf 83' lang='lat' dir='ltr'>est,</span> <span class='ocrx_word' id='word_1_185' title='bbox 756 3081 943 3155; x_wconf 83' lang='lat' dir='ltr'>atque</span> <span class='ocrx_word' id='word_1_186' title='bbox 966 3076 1125 3138; x_wconf 84' lang='lat' dir='ltr'>adeo</span> <span class='ocrx_word' id='word_1_187' title='bbox 1146 3075 1349 3154; x_wconf 84' lang='lat' dir='ltr'>ipsum</span> <span class='ocrx_word' id='word_1_188' title='bbox 1374 3074 1649 3149; x_wconf 74' lang='lat' dir='ltr'>Credere,</span> <span class='ocrx_word' id='word_1_189' title='bbox 1678 3073 1988 3136; x_wconf 80' lang='lat' dir='ltr'>laudabile</span> 
     </span>
     <span class='ocr_line' id='line_1_30' title="bbox 420 3165 1988 3231; baseline -0.001 -1"><span class='ocrx_word' id='word_1_190' title='bbox 420 3167 611 3231; x_wconf 85' lang='lat' dir='ltr'>etiam</span> <span class='ocrx_word' id='word_1_191' title='bbox 654 3174 750 3230; x_wconf 84' lang='lat' dir='ltr'>est</span> <span class='ocrx_word' id='word_1_192' title='bbox 784 3175 851 3230; x_wconf 89' lang='lat' dir='ltr'>et</span> <span class='ocrx_word' id='word_1_193' title='bbox 874 3168 1229 3231; x_wconf 84' lang='lat' dir='ltr'>honestum.</span> <span class='ocrx_word' id='word_1_194' title='bbox 1272 3167 1447 3230; x_wconf 79' lang='lat' dir='ltr'>Circa</span> <span class='ocrx_word' id='word_1_195' title='bbox 1490 3165 1655 3228; x_wconf 85' lang='lat' dir='ltr'>hanc</span> <span class='ocrx_word' id='word_1_196' title='bbox 1702 3167 1988 3228; x_wconf 78' lang='lat' dir='ltr'>assertio-</span> 
     </span>
     <span class='ocr_line' id='line_1_31' title="bbox 420 3259 1988 3338; baseline -0.001 -16"><span class='ocrx_word' id='word_1_197' title='bbox 420 3278 567 3324; x_wconf 86' lang='lat' dir='ltr'>nem</span> <span class='ocrx_word' id='word_1_198' title='bbox 608 3261 839 3324; x_wconf 81' lang='lat' dir='ltr'>erravit</span> <span class='ocrx_word' id='word_1_199' title='bbox 876 3259 1277 3335; x_wconf 74' lang='lat' dir='ltr'>Manichaeus,</span> <span class='ocrx_word' id='word_1_200' title='bbox 1317 3265 1471 3321; x_wconf 89' lang='lat' dir='ltr'>teste</span> <span class='ocrx_word' id='word_1_201' title='bbox 1498 3260 1867 3338; x_wconf 76' lang='lat' dir='ltr'>Augustino,</span> <span class='ocrx_word' id='word_1_202' title='bbox 1912 3259 1988 3322; x_wconf 85' lang='lat' dir='ltr'>li-</span> 
     </span>
     <span class='ocr_line' id='line_1_32' title="bbox 419 3351 1987 3434; baseline -0.003 -18"><span class='ocrx_word' id='word_1_203' title='bbox 419 3353 535 3416; x_wconf 86' lang='lat' dir='ltr'>bro</span> <span class='ocrx_word' id='word_1_204' title='bbox 552 3353 631 3418; x_wconf 84' lang='lat' dir='ltr'>de</span> <span class='ocrx_word' id='word_1_205' title='bbox 648 3354 933 3418; x_wconf 86' lang='lat' dir='ltr'>Utilitate</span> <span class='ocrx_word' id='word_1_206' title='bbox 948 3353 1242 3417; x_wconf 82' lang='lat' dir='ltr'>credendi</span> <span class='ocrx_word' id='word_1_207' title='bbox 1268 3355 1337 3415; x_wconf 90' lang='lat' dir='ltr'>in</span> <span class='ocrx_word' id='word_1_208' title='bbox 1362 3352 1561 3434; x_wconf 89' lang='lat' dir='ltr'>princi</span> <span class='ocrx_word' id='word_1_209' title='bbox 1569 3352 1694 3431; x_wconf 84' lang='lat' dir='ltr'>pio,</span> <span class='ocrx_word' id='word_1_210' title='bbox 1715 3359 1779 3414; x_wconf 89' lang='lat' dir='ltr'>et</span> <span class='ocrx_word' id='word_1_211' title='bbox 1798 3351 1987 3414; x_wconf 83' lang='lat' dir='ltr'>Abai-</span> 
     </span>
     <span class='ocr_line' id='line_1_33' title="bbox 418 3445 1984 3528; baseline -0.002 -17"><span class='ocrx_word' id='word_1_212' title='bbox 418 3445 654 3522; x_wconf 85' lang='lat' dir='ltr'>lardus,</span> <span class='ocrx_word' id='word_1_213' title='bbox 704 3453 859 3510; x_wconf 86' lang='lat' dir='ltr'>teste</span> <span class='ocrx_word' id='word_1_214' title='bbox 884 3447 1225 3520; x_wconf 73' lang='lat' dir='ltr'>Ber-nardo,</span> <span class='ocrx_word' id='word_1_215' title='bbox 1272 3447 1449 3528; x_wconf 87' lang='lat' dir='ltr'>epist.</span> <span class='ocrx_word' id='word_1_216' title='bbox 1484 3447 1637 3522; x_wconf 78' lang='lat'>1903</span> <span class='ocrx_word' id='word_1_217' title='bbox 1683 3446 1771 3507; x_wconf 90' lang='lat' dir='ltr'>illi</span> <span class='ocrx_word' id='word_1_218' title='bbox 1814 3447 1984 3508; x_wconf 87' lang='lat' dir='ltr'>enim</span> 
     </span>
     <span class='ocr_line' id='line_1_34' title="bbox 420 3539 1986 3619; baseline -0.001 -18"><span class='ocrx_word' id='word_1_219' title='bbox 420 3540 715 3604; x_wconf 84' lang='lat' dir='ltr'>dixerunt</span> <span class='ocrx_word' id='word_1_220' title='bbox 737 3541 897 3604; x_wconf 83' lang='lat' dir='ltr'>nihil</span> <span class='ocrx_word' id='word_1_221' title='bbox 922 3559 1051 3602; x_wconf 86' lang='lat' dir='ltr'>esse</span> <span class='ocrx_word' id='word_1_222' title='bbox 1090 3539 1495 3614; x_wconf 84' lang='lat' dir='ltr'>credendum,</span> <span class='ocrx_word' id='word_1_223' title='bbox 1532 3539 1652 3600; x_wconf 89' lang='lat' dir='ltr'>nisi</span> <span class='ocrx_word' id='word_1_224' title='bbox 1688 3539 1853 3619; x_wconf 84' lang='lat' dir='ltr'>quod</span> <span class='ocrx_word' id='word_1_225' title='bbox 1888 3557 1986 3600; x_wconf 85' lang='lat' dir='ltr'>ra·</span> 
     </span>
     <span class='ocr_line' id='line_1_35' title="bbox 419 3631 1988 3713; baseline 0 -19"><span class='ocrx_word' id='word_1_226' title='bbox 419 3633 589 3698; x_wconf 85' lang='lat' dir='ltr'>tione</span> <span class='ocrx_word' id='word_1_227' title='bbox 638 3639 895 3697; x_wconf 80' lang='lat' dir='ltr'>constat.</span> <span class='ocrx_word' id='word_1_228' title='bbox 944 3634 1173 3696; x_wconf 85' lang='lat' dir='ltr'>Contra</span> <span class='ocrx_word' id='word_1_229' title='bbox 1228 3649 1417 3713; x_wconf 85' lang='lat' dir='ltr'>quem</span> <span class='ocrx_word' id='word_1_230' title='bbox 1464 3649 1735 3694; x_wconf 82' lang='lat' dir='ltr'>errorem</span> <span class='ocrx_word' id='word_1_231' title='bbox 1787 3631 1988 3694; x_wconf 84' lang='lat' dir='ltr'>multa</span> 
     </span>
     <span class='ocr_line' id='line_1_36' title="bbox 420 3723 1985 3807; baseline -0.003 -17"><span class='ocrx_word' id='word_1_232' title='bbox 420 3727 588 3790; x_wconf 87' lang='lat' dir='ltr'>dicta</span> <span class='ocrx_word' id='word_1_233' title='bbox 616 3733 785 3804; x_wconf 83' lang='lat' dir='ltr'>suut,</span> <span class='ocrx_word' id='word_1_234' title='bbox 809 3727 975 3807; x_wconf 85' lang='lat' dir='ltr'>disp.</span> <span class='ocrx_word' id='word_1_235' title='bbox 1007 3729 1071 3800; x_wconf 87' lang='grc'>3,</span> <span class='ocrx_word' id='word_1_236' title='bbox 1112 3725 1431 3788; x_wconf 83' lang='lat' dir='ltr'>tractando</span> <span class='ocrx_word' id='word_1_237' title='bbox 1466 3725 1545 3786; x_wconf 91' lang='lat' dir='ltr'>de</span> <span class='ocrx_word' id='word_1_238' title='bbox 1590 3723 1831 3803; x_wconf 85' lang='lat' dir='ltr'>objecto</span> <span class='ocrx_word' id='word_1_239' title='bbox 1858 3725 1985 3786; x_wconf 83' lang='lat' dir='ltr'>for-</span> 
     </span>
     <span class='ocr_line' id='line_1_37' title="bbox 421 3816 1988 3897; baseline -0.002 -15"><span class='ocrx_word' id='word_1_240' title='bbox 421 3819 573 3882; x_wconf 86' lang='lat' dir='ltr'>mali</span> <span class='ocrx_word' id='word_1_241' title='bbox 592 3819 740 3882; x_wconf 83' lang='lat' dir='ltr'>fidei</span> <span class='ocrx_word' id='word_1_242' title='bbox 752 3837 773 3896; x_wconf 89' lang='lat'>;</span> <span class='ocrx_word' id='word_1_243' title='bbox 812 3827 875 3882; x_wconf 90' lang='lat' dir='ltr'>et</span> <span class='ocrx_word' id='word_1_244' title='bbox 896 3819 1267 3882; x_wconf 80' lang='lat' dir='ltr'>sufficienter</span> <span class='ocrx_word' id='word_1_245' title='bbox 1293 3816 1679 3897; x_wconf 71' lang='lat' dir='ltr'>improbatur</span> <span class='ocrx_word' id='word_1_246' title='bbox 1706 3817 1825 3878; x_wconf 82' lang='lat' dir='ltr'>hoc</span> <span class='ocrx_word' id='word_1_247' title='bbox 1850 3835 1988 3879; x_wconf 86' lang='lat' dir='ltr'>mo·</span> 
     </span>
     <span class='ocr_line' id='line_1_38' title="bbox 420 3910 1984 3992; baseline 0 -18"><span class='ocrx_word' id='word_1_248' title='bbox 420 3913 524 3989; x_wconf 89' lang='lat' dir='ltr'>do,</span> <span class='ocrx_word' id='word_1_249' title='bbox 572 3931 651 3976; x_wconf 76' lang='lat' dir='ltr'>ex</span> <span class='ocrx_word' id='word_1_250' title='bbox 686 3914 1051 3992; x_wconf 78' lang='lat' dir='ltr'>Augustino.</span> <span class='ocrx_word' id='word_1_251' title='bbox 1107 3912 1267 3986; x_wconf 83' lang='lat' dir='ltr'>Quia</span> <span class='ocrx_word' id='word_1_252' title='bbox 1330 3911 1428 3973; x_wconf 77' lang='lat' dir='ltr'>vel</span> <span class='ocrx_word' id='word_1_253' title='bbox 1484 3910 1854 3990; x_wconf 79' lang='lat' dir='ltr'>intelligitur</span> <span class='ocrx_word' id='word_1_254' title='bbox 1904 3912 1984 3974; x_wconf 85' lang='lat' dir='ltr'>de</span> 
     </span>
     <span class='ocr_line' id='line_1_39' title="bbox 418 4005 1986 4085; baseline -0.001 -17"><span class='ocrx_word' id='word_1_255' title='bbox 418 4007 592 4070; x_wconf 86' lang='lat' dir='ltr'>omni</span> <span class='ocrx_word' id='word_1_256' title='bbox 618 4006 765 4083; x_wconf 81' lang='lat' dir='ltr'>fide,</span> <span class='ocrx_word' id='word_1_257' title='bbox 812 4012 943 4068; x_wconf 85' lang='lat' dir='ltr'>tam</span> <span class='ocrx_word' id='word_1_258' title='bbox 986 4005 1268 4068; x_wconf 82' lang='lat' dir='ltr'>humana</span> <span class='ocrx_word' id='word_1_259' title='bbox 1304 4021 1495 4085; x_wconf 86' lang='lat' dir='ltr'>quam</span> <span class='ocrx_word' id='word_1_260' title='bbox 1540 4005 1779 4082; x_wconf 81' lang='lat' dir='ltr'>divina,</span> <span class='ocrx_word' id='word_1_261' title='bbox 1804 4012 1869 4067; x_wconf 91' lang='lat' dir='ltr'>et</span> <span class='ocrx_word' id='word_1_262' title='bbox 1894 4006 1986 4068; x_wconf 88' lang='lat' dir='ltr'>sic</span> 
     </span>
     <span class='ocr_line' id='line_1_40' title="bbox 418 4099 1986 4180; baseline 0 -18"><span class='ocrx_word' id='word_1_263' title='bbox 418 4101 757 4162; x_wconf 81' lang='lat' dir='ltr'>destruitur</span> <span class='ocrx_word' id='word_1_264' title='bbox 782 4117 895 4180; x_wconf 81' lang='lat' dir='ltr'>per</span> <span class='ocrx_word' id='word_1_265' title='bbox 920 4099 1100 4162; x_wconf 85' lang='lat' dir='ltr'>illum</span> <span class='ocrx_word' id='word_1_266' title='bbox 1128 4117 1402 4162; x_wconf 86' lang='lat' dir='ltr'>errorem</span> <span class='ocrx_word' id='word_1_267' title='bbox 1456 4099 1661 4160; x_wconf 87' lang='lat' dir='ltr'>omnis</span> <span class='ocrx_word' id='word_1_268' title='bbox 1705 4099 1986 4162; x_wconf 83' lang='lat' dir='ltr'>humana</span> 
     </span>
     <span class='ocr_line' id='line_1_41' title="bbox 418 4191 1985 4273; baseline 0 -19"><span class='ocrx_word' id='word_1_269' title='bbox 418 4193 673 4258; x_wconf 68' lang='lat' dir='ltr'>sociem</span> <span class='ocrx_word' id='word_1_270' title='bbox 694 4200 759 4256; x_wconf 89' lang='lat' dir='ltr'>et</span> <span class='ocrx_word' id='word_1_271' title='bbox 796 4191 1207 4273; x_wconf 80' lang='lat' dir='ltr'>providentia,</span> <span class='ocrx_word' id='word_1_272' title='bbox 1236 4194 1387 4272; x_wconf 85' lang='lat' dir='ltr'>quia</span> <span class='ocrx_word' id='word_1_273' title='bbox 1412 4193 1535 4254; x_wconf 86' lang='lat' dir='ltr'>nisi</span> <span class='ocrx_word' id='word_1_274' title='bbox 1563 4192 1848 4254; x_wconf 83' lang='lat' dir='ltr'>homines</span> <span class='ocrx_word' id='word_1_275' title='bbox 1870 4193 1985 4254; x_wconf 87' lang='lat' dir='ltr'>ali-</span> 
     </span>
     <span class='ocr_line' id='line_1_42' title="bbox 420 4285 1980 4368; baseline 0 -20"><span class='ocrx_word' id='word_1_276' title='bbox 420 4287 571 4368; x_wconf 87' lang='lat' dir='ltr'>quid</span> <span class='ocrx_word' id='word_1_277' title='bbox 596 4286 875 4362; x_wconf 79' lang='lat' dir='ltr'>credant,</span> <span class='ocrx_word' id='word_1_278' title='bbox 906 4303 1111 4366; x_wconf 83' lang='lat' dir='ltr'>neque</span> <span class='ocrx_word' id='word_1_279' title='bbox 1148 4285 1267 4348; x_wconf 77' lang='lat' dir='ltr'>filii</span> <span class='ocrx_word' id='word_1_280' title='bbox 1294 4293 1633 4364; x_wconf 76' lang='lat' dir='ltr'>agnoscent</span> <span class='ocrx_word' id='word_1_281' title='bbox 1668 4293 1980 4365; x_wconf 84' lang='lat' dir='ltr'>parentes,</span> 
     </span>
     <span class='ocr_line' id='line_1_43' title="bbox 420 4379 1985 4461; baseline 0 -19"><span class='ocrx_word' id='word_1_282' title='bbox 420 4399 625 4461; x_wconf 80' lang='lat' dir='ltr'>neque</span> <span class='ocrx_word' id='word_1_283' title='bbox 654 4379 1028 4443; x_wconf 78' lang='lat' dir='ltr'>commercia</span> <span class='ocrx_word' id='word_1_284' title='bbox 1052 4379 1329 4442; x_wconf 77' lang='lat' dir='ltr'>hnmana</span> <span class='ocrx_word' id='word_1_285' title='bbox 1368 4379 1574 4442; x_wconf 83' lang='lat' dir='ltr'>locum</span> <span class='ocrx_word' id='word_1_286' title='bbox 1619 4379 1849 4442; x_wconf 83' lang='lat' dir='ltr'>habere</span> <span class='ocrx_word' id='word_1_287' title='bbox 1875 4399 1985 4460; x_wconf 89' lang='lat' dir='ltr'>po-</span> 
     </span>
     <span class='ocr_line' id='line_1_44' title="bbox 418 4473 1988 4554; baseline -0.001 -18"><span class='ocrx_word' id='word_1_288' title='bbox 418 4481 651 4538; x_wconf 82' lang='lat' dir='ltr'>terunt.</span> <span class='ocrx_word' id='word_1_289' title='bbox 691 4474 807 4536; x_wconf 77' lang='lat' dir='ltr'>Vel</span> <span class='ocrx_word' id='word_1_290' title='bbox 833 4473 1205 4552; x_wconf 72' lang='lat' dir='ltr'>intelligitur</span> <span class='ocrx_word' id='word_1_291' title='bbox 1242 4473 1591 4554; x_wconf 77' lang='lat' dir='ltr'>specialiter</span> <span class='ocrx_word' id='word_1_292' title='bbox 1634 4474 1715 4535; x_wconf 88' lang='lat' dir='ltr'>de</span> <span class='ocrx_word' id='word_1_293' title='bbox 1742 4473 1865 4535; x_wconf 86' lang='lat' dir='ltr'>fide</span> <span class='ocrx_word' id='word_1_294' title='bbox 1890 4475 1988 4534; x_wconf 90' lang='lat' dir='ltr'>di·</span> 
     </span>
     <span class='ocr_line' id='line_1_45' title="bbox 426 4566 1987 4647; baseline 0 -19"><span class='ocrx_word' id='word_1_295' title='bbox 426 4569 597 4644; x_wconf 79' lang='lat' dir='ltr'>vina,</span> <span class='ocrx_word' id='word_1_296' title='bbox 626 4573 691 4628; x_wconf 88' lang='lat' dir='ltr'>et</span> <span class='ocrx_word' id='word_1_297' title='bbox 717 4567 807 4628; x_wconf 88' lang='lat' dir='ltr'>sic</span> <span class='ocrx_word' id='word_1_298' title='bbox 826 4567 1019 4628; x_wconf 79' lang='lat' dir='ltr'>etiam</span> <span class='ocrx_word' id='word_1_299' title='bbox 1048 4574 1139 4628; x_wconf 86' lang='lat' dir='ltr'>est</span> <span class='ocrx_word' id='word_1_300' title='bbox 1167 4566 1563 4629; x_wconf 82' lang='lat' dir='ltr'>stultissimus</span> <span class='ocrx_word' id='word_1_301' title='bbox 1588 4585 1763 4628; x_wconf 85' lang='lat' dir='ltr'>error</span> <span class='ocrx_word' id='word_1_302' title='bbox 1770 4583 1793 4646; x_wconf 89' lang='lat'>;</span> <span class='ocrx_word' id='word_1_303' title='bbox 1810 4585 1958 4628; x_wconf 84' lang='lat' dir='ltr'>nam</span> <span class='ocrx_word' id='word_1_304' title='bbox 1964 4613 1987 4647; x_wconf 90' lang='lat'>,</span> 
     </span>
     <span class='ocr_line' id='line_1_46' title="bbox 420 4659 1990 4738; baseline 0 -16"><span class='ocrx_word' id='word_1_305' title='bbox 420 4661 478 4722; x_wconf 72' lang='lat' dir='ltr'>si</span> <span class='ocrx_word' id='word_1_306' title='bbox 517 4661 923 4722; x_wconf 67' lang='lat' dir='ltr'>testimonium·</span> <span class='ocrx_word' id='word_1_307' title='bbox 968 4659 1273 4722; x_wconf 65' lang='lat' dir='ltr'>hominum</span> <span class='ocrx_word' id='word_1_308' title='bbox 1320 4659 1653 4738; x_wconf 60' lang='lat' dir='ltr'>aon-ipimus</span> <span class='ocrx_word' id='word_1_309' title='bbox 1667 4703 1685 4734; x_wconf 91' lang='lat'>,</span> <span class='ocrx_word' id='word_1_310' title='bbox 1724 4675 1835 4721; x_wconf 70' lang='lat' dir='ltr'>cnr</span> <span class='ocrx_word' id='word_1_311' title='bbox 1870 4677 1990 4722; x_wconf 69' lang='lat' dir='ltr'>non</span> 
     </span>
     <span class='ocr_line' id='line_1_47' title="bbox 419 4753 1990 4832; baseline 0.001 -18"><span class='ocrx_word' id='word_1_312' title='bbox 419 4756 621 4831; x_wconf 59' lang='lat' dir='ltr'>napis</span> <span class='ocrx_word' id='word_1_313' title='bbox 660 4753 1073 4815; x_wconf 65' lang='lat' dir='ltr'>testimonium</span> <span class='ocrx_word' id='word_1_314' title='bbox 1123 4753 1265 4826; x_wconf 79' lang='lat' dir='ltr'>Dei,</span> <span class='ocrx_word' id='word_1_315' title='bbox 1318 4754 1473 4832; x_wconf 76' lang='lat' dir='ltr'>qaod</span> <span class='ocrx_word' id='word_1_316' title='bbox 1520 4754 1724 4832; x_wconf 69' lang='lat' dir='ltr'>majus</span> <span class='ocrx_word' id='word_1_317' title='bbox 1766 4755 1892 4816; x_wconf 74' lang='lat' dir='ltr'>est?</span> <span class='ocrx_word' id='word_1_318' title='bbox 1920 4761 1990 4816; x_wconf 84' lang='lat' dir='ltr'>ut</span> 
     </span>
     <span class='ocr_line' id='line_1_48' title="bbox 420 4845 1990 4928; baseline 0.001 -20"><span class='ocrx_word' id='word_1_319' title='bbox 420 4845 581 4908; x_wconf 80' lang='lat' dir='ltr'>dixit</span> <span class='ocrx_word' id='word_1_320' title='bbox 602 4846 813 4921; x_wconf 70' lang='lat' dir='ltr'>Joau„</span> <span class='ocrx_word' id='word_1_321' title='bbox 842 4846 1024 4928; x_wconf 85' lang='lat' dir='ltr'>epist.</span> <span class='ocrx_word' id='word_1_322' title='bbox 1076 4849 1135 4908; x_wconf 98' lang='grc'>1.</span> <span class='ocrx_word' id='word_1_323' title='bbox 1166 4845 1443 4907; x_wconf 79' lang='lat' dir='ltr'>Assertio</span> <span class='ocrx_word' id='word_1_324' title='bbox 1486 4863 1637 4924; x_wconf 84' lang='lat' dir='ltr'>ergo</span> <span class='ocrx_word' id='word_1_325' title='bbox 1678 4847 1990 4926; x_wconf 84' lang='lat' dir='ltr'>proposita</span> 
     </span>
     <span class='ocr_line' id='line_1_49' title="bbox 419 4937 1990 5019; baseline -0.001 -17"><span class='ocrx_word' id='word_1_326' title='bbox 419 4939 497 5002; x_wconf 89' lang='lat' dir='ltr'>de</span> <span class='ocrx_word' id='word_1_327' title='bbox 523 4938 649 5000; x_wconf 85' lang='lat' dir='ltr'>fide</span> <span class='ocrx_word' id='word_1_328' title='bbox 682 4946 851 5002; x_wconf 84' lang='lat' dir='ltr'>certa</span> <span class='ocrx_word' id='word_1_329' title='bbox 874 4945 971 5001; x_wconf 86' lang='lat' dir='ltr'>est</span> <span class='ocrx_word' id='word_1_330' title='bbox 986 4983 1007 5015; x_wconf 93' lang='lat'>,</span> <span class='ocrx_word' id='word_1_331' title='bbox 1052 4945 1117 5000; x_wconf 89' lang='lat' dir='ltr'>et</span> <span class='ocrx_word' id='word_1_332' title='bbox 1158 4937 1539 5000; x_wconf 78' lang='lat' dir='ltr'>sufficienter</span> <span class='ocrx_word' id='word_1_333' title='bbox 1571 4937 1869 5019; x_wconf 83' lang='lat' dir='ltr'>probatur</span> <span class='ocrx_word' id='word_1_334' title='bbox 1908 4959 1990 5002; x_wconf 78' lang='lat' dir='ltr'>ex</span> 
     </span>
     <span class='ocr_line' id='line_1_50' title="bbox 419 5029 1990 5110; baseline 0 -16"><span class='ocrx_word' id='word_1_335' title='bbox 419 5029 545 5094; x_wconf 86' lang='lat' dir='ltr'>illis</span> <span class='ocrx_word' id='word_1_336' title='bbox 564 5031 903 5110; x_wconf 73' lang='lat' dir='ltr'>Scriptum</span> <span class='ocrx_word' id='word_1_337' title='bbox 926 5030 1321 5107; x_wconf 80' lang='lat' dir='ltr'>testimoniis,</span> <span class='ocrx_word' id='word_1_338' title='bbox 1350 5031 1419 5092; x_wconf 88' lang='lat' dir='ltr'>in</span> <span class='ocrx_word' id='word_1_339' title='bbox 1446 5031 1671 5110; x_wconf 83' lang='lat' dir='ltr'>quibus</span> <span class='ocrx_word' id='word_1_340' title='bbox 1710 5031 1865 5094; x_wconf 85' lang='lat' dir='ltr'>fides</span> <span class='ocrx_word' id='word_1_341' title='bbox 1892 5051 1990 5094; x_wconf 82' lang='lat' dir='ltr'>as·</span> 
     </span>
     <span class='ocr_line' id='line_1_51' title="bbox 418 5123 1989 5203; baseline 0 -17"><span class='ocrx_word' id='word_1_342' title='bbox 418 5124 646 5186; x_wconf 87' lang='lat' dir='ltr'>seritur</span> <span class='ocrx_word' id='word_1_343' title='bbox 670 5124 1011 5187; x_wconf 81' lang='lat' dir='ltr'>necessaria</span> <span class='ocrx_word' id='word_1_344' title='bbox 1048 5123 1127 5186; x_wconf 83' lang='lat' dir='ltr'>ad</span> <span class='ocrx_word' id='word_1_345' title='bbox 1161 5123 1527 5203; x_wconf 80' lang='lat' dir='ltr'>placendum</span> <span class='ocrx_word' id='word_1_346' title='bbox 1564 5123 1737 5201; x_wconf 75' lang='lat' dir='ltr'>Dm,</span> <span class='ocrx_word' id='word_1_347' title='bbox 1766 5125 1845 5187; x_wconf 89' lang='lat' dir='ltr'>ad</span> <span class='ocrx_word' id='word_1_348' title='bbox 1868 5125 1989 5186; x_wconf 82' lang='lat' dir='ltr'>He·</span> 
     </span>
     <span class='ocr_line' id='line_1_52' title="bbox 418 5213 1988 5297; baseline 0.001 -20"><span class='ocrx_word' id='word_1_349' title='bbox 418 5213 617 5278; x_wconf 68' lang='lat' dir='ltr'>bross</span> <span class='ocrx_word' id='word_1_350' title='bbox 652 5215 985 5280; x_wconf 83' lang='lat' dir='ltr'>undecimo</span> <span class='ocrx_word' id='word_1_351' title='bbox 1016 5235 1033 5288; x_wconf 77' lang='grc' dir='ltr'>ς</span> <span class='ocrx_word' id='word_1_352' title='bbox 1080 5217 1232 5297; x_wconf 85' lang='lat' dir='ltr'>quia</span> <span class='ocrx_word' id='word_1_353' title='bbox 1278 5233 1409 5278; x_wconf 88' lang='lat' dir='ltr'>nou</span> <span class='ocrx_word' id='word_1_354' title='bbox 1434 5215 1637 5297; x_wconf 83' lang='lat' dir='ltr'>placet</span> <span class='ocrx_word' id='word_1_355' title='bbox 1673 5218 1827 5288; x_wconf 84' lang='lat' dir='ltr'>Deo,</span> <span class='ocrx_word' id='word_1_356' title='bbox 1864 5218 1988 5280; x_wconf 86' lang='lat' dir='ltr'>nisi</span> 
     </span>
     <span class='ocr_line' id='line_1_53' title="bbox 419 5308 1988 5390; baseline 0.001 -20"><span class='ocrx_word' id='word_1_357' title='bbox 419 5309 583 5390; x_wconf 85' lang='lat' dir='ltr'>quod</span> <span class='ocrx_word' id='word_1_358' title='bbox 630 5308 957 5374; x_wconf 59' lang='lat' dir='ltr'>hanutum</span> <span class='ocrx_word' id='word_1_359' title='bbox 1004 5315 1117 5372; x_wconf 85' lang='lat' dir='ltr'>est.</span> <span class='ocrx_word' id='word_1_360' title='bbox 1158 5310 1310 5370; x_wconf 81' lang='lat' dir='ltr'>Item</span> <span class='ocrx_word' id='word_1_361' title='bbox 1359 5309 1425 5371; x_wconf 90' lang='lat' dir='ltr'>in</span> <span class='ocrx_word' id='word_1_362' title='bbox 1480 5309 1709 5389; x_wconf 83' lang='lat' dir='ltr'>quibus</span> <span class='ocrx_word' id='word_1_363' title='bbox 1752 5309 1988 5372; x_wconf 74' lang='lat' dir='ltr'>dicitnr</span> 
     </span>
     <span class='ocr_line' id='line_1_54' title="bbox 422 5400 1986 5482; baseline 0.004 -22"><span class='ocrx_word' id='word_1_364' title='bbox 422 5400 574 5462; x_wconf 80' lang='lat' dir='ltr'>fides</span> <span class='ocrx_word' id='word_1_365' title='bbox 600 5401 957 5481; x_wconf 79' lang='lat' dir='ltr'>justificare,</span> <span class='ocrx_word' id='word_1_366' title='bbox 985 5401 1087 5465; x_wconf 73' lang='lat' dir='ltr'>vel</span> <span class='ocrx_word' id='word_1_367' title='bbox 1116 5419 1247 5465; x_wconf 85' lang='lat' dir='ltr'>esse</span> <span class='ocrx_word' id='word_1_368' title='bbox 1276 5402 1552 5466; x_wconf 88' lang='lat' dir='ltr'>radicem</span> <span class='ocrx_word' id='word_1_369' title='bbox 1584 5403 1867 5482; x_wconf 72' lang='lat' dir='ltr'>jiistitiae,</span> <span class='ocrx_word' id='word_1_370' title='bbox 1904 5403 1986 5466; x_wconf 89' lang='lat' dir='ltr'>ad</span> 
     </span>
     <span class='ocr_line' id='line_1_55' title="bbox 422 5493 1984 5573; baseline 0 -11"><span class='ocrx_word' id='word_1_371' title='bbox 422 5493 733 5562; x_wconf 71' lang='lat' dir='ltr'>Romanos</span> <span class='ocrx_word' id='word_1_372' title='bbox 762 5497 803 5560; x_wconf 75' lang='lat'><strong>3</strong></span> <span class='ocrx_word' id='word_1_373' title='bbox 822 5555 829 5560; x_wconf 83' lang='grc'><strong>,</strong></span> <span class='ocrx_word' id='word_1_374' title='bbox 850 5501 915 5558; x_wconf 85' lang='lat' dir='ltr'>et</span> <span class='ocrx_word' id='word_1_375' title='bbox 938 5495 1003 5573; x_wconf 73' lang='lat'>4,</span> <span class='ocrx_word' id='word_1_376' title='bbox 1038 5513 1185 5559; x_wconf 75' lang='lat' dir='ltr'>enim</span> <span class='ocrx_word' id='word_1_377' title='bbox 1221 5494 1551 5558; x_wconf 83' lang='lat' dir='ltr'>similibus.</span> <span class='ocrx_word' id='word_1_378' title='bbox 1580 5497 1657 5559; x_wconf 85' lang='lat' dir='ltr'>Et</span> <span class='ocrx_word' id='word_1_379' title='bbox 1683 5495 1984 5562; x_wconf 78' lang='lat' dir='ltr'>Actorum</span> 
     </span>
    </p>
   </div>
   <div class='ocr_carea' id='block_1_2' title="bbox 1580 361 2459 418">
    <p class='ocr_par' dir='ltr' id='par_1_3' title="bbox 1580 361 2459 418">
     <span class='ocr_line' id='line_1_56' title="bbox 1580 361 2459 418; baseline -0.001 -2"><span class='ocrx_word' id='word_1_380' title='bbox 1580 361 1815 416; x_wconf 71' lang='lat' dir='ltr'>marm.</span> <span class='ocrx_word' id='word_1_381' title='bbox 1854 362 1935 414; x_wconf 73' lang='lat' dir='ltr'>Vl.</span> <span class='ocrx_word' id='word_1_382' title='bbox 1969 362 2052 416; x_wconf 73' lang='grc' dir='ltr'>ΒΕ</span> <span class='ocrx_word' id='word_1_383' title='bbox 2083 361 2246 416; x_wconf 72' lang='lat' dir='ltr'>Acw</span> <span class='ocrx_word' id='word_1_384' title='bbox 2279 363 2459 418; x_wconf 68' lang='lat' dir='ltr'>nnn.</span> 
     </span>
    </p>
   </div>
   <div class='ocr_carea' id='block_1_3' title="bbox 2057 462 3640 4555">
    <p class='ocr_par' dir='ltr' id='par_1_4' title="bbox 2061 462 3636 1569">
     <span class='ocr_line' id='line_1_57' title="bbox 2065 462 3632 542; baseline -0.001 -17"><span class='ocrx_word' id='word_1_385' title='bbox 2065 464 2142 527; x_wconf 74' lang='lat'>15</span> <span class='ocrx_word' id='word_1_386' title='bbox 2175 481 2192 525; x_wconf 90' lang='lat'>:</span> <span class='ocrx_word' id='word_1_387' title='bbox 2221 463 2382 527; x_wconf 74' lang='lat' dir='ltr'>Fide</span> <span class='ocrx_word' id='word_1_388' title='bbox 2415 462 2758 542; x_wconf 68' lang='lat' dir='ltr'>purificans</span> <span class='ocrx_word' id='word_1_389' title='bbox 2793 463 2974 526; x_wconf 77' lang='lat' dir='ltr'>corda</span> <span class='ocrx_word' id='word_1_390' title='bbox 3012 479 3252 534; x_wconf 67' lang='lat' dir='ltr'>corum</span> <span class='ocrx_word' id='word_1_391' title='bbox 3289 480 3414 526; x_wconf 86' lang='lat' dir='ltr'>non</span> <span class='ocrx_word' id='word_1_392' title='bbox 3455 463 3632 526; x_wconf 86' lang='lat' dir='ltr'>enim</span> 
     </span>
     <span class='ocr_line' id='line_1_58' title="bbox 2063 555 3632 638; baseline -0.001 -19"><span class='ocrx_word' id='word_1_393' title='bbox 2063 557 2429 638; x_wconf 83' lang='lat' dir='ltr'>purificatur</span> <span class='ocrx_word' id='word_1_394' title='bbox 2481 575 2590 618; x_wconf 89' lang='lat' dir='ltr'>cor</span> <span class='ocrx_word' id='word_1_395' title='bbox 2641 556 2766 618; x_wconf 85' lang='lat' dir='ltr'>nisi</span> <span class='ocrx_word' id='word_1_396' title='bbox 2823 555 3064 618; x_wconf 71' lang='lat' dir='ltr'>actibus</span> <span class='ocrx_word' id='word_1_397' title='bbox 3119 555 3425 633; x_wconf 82' lang='lat' dir='ltr'>honestis3</span> <span class='ocrx_word' id='word_1_398' title='bbox 3479 573 3632 618; x_wconf 87' lang='lat' dir='ltr'>nam</span> 
     </span>
     <span class='ocr_line' id='line_1_59' title="bbox 2062 648 3634 730; baseline -0.001 -18"><span class='ocrx_word' id='word_1_399' title='bbox 2062 650 2392 712; x_wconf 82' lang='lat' dir='ltr'>contrariis</span> <span class='ocrx_word' id='word_1_400' title='bbox 2443 650 2650 730; x_wconf 89' lang='lat' dir='ltr'>potius</span> <span class='ocrx_word' id='word_1_401' title='bbox 2711 648 3078 710; x_wconf 69' lang='lat' dir='ltr'>marulatur.</span> <span class='ocrx_word' id='word_1_402' title='bbox 3137 649 3415 730; x_wconf 84' lang='lat' dir='ltr'>Denique</span> <span class='ocrx_word' id='word_1_403' title='bbox 3477 649 3634 710; x_wconf 82' lang='lat' dir='ltr'>fides</span> 
     </span>
     <span class='ocr_line' id='line_1_60' title="bbox 2063 741 3634 824; baseline -0.001 -20"><span class='ocrx_word' id='word_1_404' title='bbox 2063 742 2357 806; x_wconf 82' lang='lat' dir='ltr'>laudatur</span> <span class='ocrx_word' id='word_1_405' title='bbox 2387 760 2548 824; x_wconf 64' lang='lat' dir='ltr'>saepe</span> <span class='ocrx_word' id='word_1_406' title='bbox 2587 743 2658 804; x_wconf 90' lang='lat' dir='ltr'>in</span> <span class='ocrx_word' id='word_1_407' title='bbox 2685 742 3028 821; x_wconf 73' lang='lat' dir='ltr'>Scriptura,</span> <span class='ocrx_word' id='word_1_408' title='bbox 3053 749 3118 804; x_wconf 88' lang='lat' dir='ltr'>et</span> <span class='ocrx_word' id='word_1_409' title='bbox 3147 741 3468 806; x_wconf 80' lang='lat' dir='ltr'>credentes</span> <span class='ocrx_word' id='word_1_410' title='bbox 3487 741 3634 804; x_wconf 84' lang='lat' dir='ltr'>bea-</span> 
     </span>
     <span class='ocr_line' id='line_1_61' title="bbox 2061 834 3634 916; baseline 0 -19"><span class='ocrx_word' id='word_1_411' title='bbox 2061 834 2398 912; x_wconf 78' lang='lat' dir='ltr'>tificantur,</span> <span class='ocrx_word' id='word_1_412' title='bbox 2429 835 2612 914; x_wconf 77' lang='lat' dir='ltr'>juxta</span> <span class='ocrx_word' id='word_1_413' title='bbox 2645 835 2844 897; x_wconf 80' lang='lat' dir='ltr'>illud:</span> <span class='ocrx_word' id='word_1_414' title='bbox 2877 836 3076 900; x_wconf 66' lang='lat' dir='ltr'>Beate</span> <span class='ocrx_word' id='word_1_415' title='bbox 3101 853 3234 916; x_wconf 68' lang='lat' dir='ltr'>qaus</span> <span class='ocrx_word' id='word_1_416' title='bbox 3267 836 3587 900; x_wconf 70' lang='lat' dir='ltr'>credidisti</span> <span class='ocrx_word' id='word_1_417' title='bbox 3604 857 3634 905; x_wconf 91' lang='lat'><em>;</em></span> 
     </span>
     <span class='ocr_line' id='line_1_62' title="bbox 2063 928 3632 1010; baseline 0 -20"><span class='ocrx_word' id='word_1_418' title='bbox 2063 928 2368 992; x_wconf 86' lang='lat' dir='ltr'>increduli</span> <span class='ocrx_word' id='word_1_419' title='bbox 2433 935 2648 990; x_wconf 80' lang='lat' dir='ltr'>autem</span> <span class='ocrx_word' id='word_1_420' title='bbox 2713 928 3258 1010; x_wconf 79' lang='lat' dir='ltr'>reprehenduntur</span> <span class='ocrx_word' id='word_1_421' title='bbox 3328 934 3632 1008; x_wconf 81' lang='lat' dir='ltr'>tanquam</span> 
     </span>
     <span class='ocr_line' id='line_1_63' title="bbox 2063 1022 3635 1106; baseline -0.001 -21"><span class='ocrx_word' id='word_1_422' title='bbox 2063 1022 2265 1099; x_wconf 73' lang='lat' dir='ltr'>stulti,</span> <span class='ocrx_word' id='word_1_423' title='bbox 2295 1028 2351 1086; x_wconf 73' lang='lat' dir='ltr'>st</span> <span class='ocrx_word' id='word_1_424' title='bbox 2377 1023 2548 1086; x_wconf 73' lang='lat' dir='ltr'>tardi</span> <span class='ocrx_word' id='word_1_425' title='bbox 2573 1024 2781 1093; x_wconf 72' lang='lat' dir='ltr'>eoo-de:</span> <span class='ocrx_word' id='word_1_426' title='bbox 2803 1039 2954 1102; x_wconf 85' lang='lat' dir='ltr'>ergo</span> <span class='ocrx_word' id='word_1_427' title='bbox 2981 1029 3046 1084; x_wconf 86' lang='lat' dir='ltr'>et</span> <span class='ocrx_word' id='word_1_428' title='bbox 3069 1022 3358 1086; x_wconf 78' lang='lat' dir='ltr'>voluntas</span> <span class='ocrx_word' id='word_1_429' title='bbox 3379 1022 3635 1106; x_wconf 82' lang='lat' dir='ltr'>creden·</span> 
     </span>
     <span class='ocr_line' id='line_1_64' title="bbox 2065 1114 3636 1196; baseline -0.001 -18"><span class='ocrx_word' id='word_1_430' title='bbox 2065 1114 2130 1178; x_wconf 88' lang='lat' dir='ltr'>di</span> <span class='ocrx_word' id='word_1_431' title='bbox 2157 1121 2220 1177; x_wconf 88' lang='lat' dir='ltr'>et</span> <span class='ocrx_word' id='word_1_432' title='bbox 2257 1116 2466 1196; x_wconf 86' lang='lat' dir='ltr'>ipsum</span> <span class='ocrx_word' id='word_1_433' title='bbox 2501 1117 2733 1180; x_wconf 72' lang='lat' dir='ltr'>erodere</span> <span class='ocrx_word' id='word_1_434' title='bbox 2764 1119 2912 1181; x_wconf 88' lang='lat' dir='ltr'>sunt</span> <span class='ocrx_word' id='word_1_435' title='bbox 2937 1121 3110 1178; x_wconf 88' lang='lat' dir='ltr'>actus</span> <span class='ocrx_word' id='word_1_436' title='bbox 3136 1116 3382 1180; x_wconf 78' lang='lat' dir='ltr'>honesti</span> <span class='ocrx_word' id='word_1_437' title='bbox 3415 1121 3482 1178; x_wconf 89' lang='lat' dir='ltr'>et</span> <span class='ocrx_word' id='word_1_438' title='bbox 3498 1116 3636 1178; x_wconf 89' lang='lat' dir='ltr'>lau·</span> 
     </span>
     <span class='ocr_line' id='line_1_65' title="bbox 2067 1207 3632 1290; baseline 0.003 -21"><span class='ocrx_word' id='word_1_439' title='bbox 2067 1207 2144 1270; x_wconf 89' lang='lat' dir='ltr'>de</span> <span class='ocrx_word' id='word_1_440' title='bbox 2183 1208 2400 1288; x_wconf 75' lang='lat' dir='ltr'>digni3</span> <span class='ocrx_word' id='word_1_441' title='bbox 2437 1209 2516 1270; x_wconf 91' lang='lat' dir='ltr'>de</span> <span class='ocrx_word' id='word_1_442' title='bbox 2557 1227 2682 1290; x_wconf 86' lang='lat' dir='ltr'>quo</span> <span class='ocrx_word' id='word_1_443' title='bbox 2729 1208 2928 1273; x_wconf 76' lang='lat' dir='ltr'>videri</span> <span class='ocrx_word' id='word_1_444' title='bbox 2979 1215 3180 1289; x_wconf 63' lang='lat' dir='ltr'>potest</span> <span class='ocrx_word' id='word_1_445' title='bbox 3217 1209 3632 1290; x_wconf 74' lang='lat' dir='ltr'>Augustinus,</span> 
     </span>
     <span class='ocr_line' id='line_1_66' title="bbox 2065 1302 3636 1384; baseline 0.002 -20"><span class='ocrx_word' id='word_1_446' title='bbox 2065 1305 2332 1364; x_wconf 86' lang='lat' dir='ltr'>tractatu</span> <span class='ocrx_word' id='word_1_447' title='bbox 2358 1305 2441 1366; x_wconf 71' lang='lat'>22</span> <span class='ocrx_word' id='word_1_448' title='bbox 2479 1310 2546 1366; x_wconf 88' lang='lat' dir='ltr'>et</span> <span class='ocrx_word' id='word_1_449' title='bbox 2569 1304 2651 1366; x_wconf 74' lang='lat'>68</span> <span class='ocrx_word' id='word_1_450' title='bbox 2685 1304 2754 1363; x_wconf 89' lang='lat' dir='ltr'>in</span> <span class='ocrx_word' id='word_1_451' title='bbox 2795 1302 3008 1374; x_wconf 66' lang='lat' dir='ltr'>Joan„</span> <span class='ocrx_word' id='word_1_452' title='bbox 3055 1308 3123 1366; x_wconf 88' lang='lat' dir='ltr'>et</span> <span class='ocrx_word' id='word_1_453' title='bbox 3153 1302 3330 1384; x_wconf 82' lang='lat' dir='ltr'>epist.</span> <span class='ocrx_word' id='word_1_454' title='bbox 3369 1305 3482 1380; x_wconf 67' lang='lat'>563</span> <span class='ocrx_word' id='word_1_455' title='bbox 3511 1306 3636 1367; x_wconf 86' lang='lat' dir='ltr'>Eu·</span> 
     </span>
     <span class='ocr_line' id='line_1_67' title="bbox 2069 1393 3633 1478; baseline 0.003 -22"><span class='ocrx_word' id='word_1_456' title='bbox 2069 1393 2298 1471; x_wconf 87' lang='lat' dir='ltr'>sebius,</span> <span class='ocrx_word' id='word_1_457' title='bbox 2322 1395 2480 1458; x_wconf 81' lang='lat' dir='ltr'>libro</span> <span class='ocrx_word' id='word_1_458' title='bbox 2505 1397 2712 1477; x_wconf 84' lang='lat' dir='ltr'>primo</span> <span class='ocrx_word' id='word_1_459' title='bbox 2735 1395 2812 1458; x_wconf 89' lang='lat' dir='ltr'>de</span> <span class='ocrx_word' id='word_1_460' title='bbox 2831 1394 3304 1474; x_wconf 70' lang='lat' dir='ltr'>Praeparatione,</span> <span class='ocrx_word' id='word_1_461' title='bbox 3333 1397 3534 1478; x_wconf 80' lang='lat' dir='ltr'>capite</span> <span class='ocrx_word' id='word_1_462' title='bbox 3553 1399 3633 1474; x_wconf 73' lang='lat'>35</span> 
     </span>
     <span class='ocr_line' id='line_1_68' title="bbox 2069 1487 3174 1569; baseline 0.002 -19"><span class='ocrx_word' id='word_1_463' title='bbox 2069 1491 2134 1550; x_wconf 80' lang='lat' dir='ltr'>et</span> <span class='ocrx_word' id='word_1_464' title='bbox 2157 1489 2534 1565; x_wconf 86' lang='lat' dir='ltr'>Bernardus,</span> <span class='ocrx_word' id='word_1_465' title='bbox 2553 1489 2722 1552; x_wconf 86' lang='lat' dir='ltr'>dicta</span> <span class='ocrx_word' id='word_1_466' title='bbox 2749 1487 3004 1569; x_wconf 83' lang='lat' dir='ltr'>epistola</span> <span class='ocrx_word' id='word_1_467' title='bbox 3035 1490 3174 1552; x_wconf 80' lang='grc'><strong>190.</strong></span> 
     </span>
    </p>

    <p class='ocr_par' dir='ltr' id='par_1_5' title="bbox 2057 1581 3640 4555">
     <span class='ocr_line' id='line_1_69' title="bbox 2147 1581 3638 1664; baseline 0.003 -20"><span class='ocrx_word' id='word_1_468' title='bbox 2147 1581 2209 1644; x_wconf 79' lang='grc'>9.</span> <span class='ocrx_word' id='word_1_469' title='bbox 2257 1582 2485 1646; x_wconf 69' lang='lat' dir='ltr'>Deinde</span> <span class='ocrx_word' id='word_1_470' title='bbox 2527 1583 2748 1646; x_wconf 74' lang='lat' dir='ltr'>directo</span> <span class='ocrx_word' id='word_1_471' title='bbox 2799 1583 3162 1657; x_wconf 69' lang='lat' dir='ltr'>ostenditur,</span> <span class='ocrx_word' id='word_1_472' title='bbox 3207 1582 3638 1664; x_wconf 58' lang='lat' dir='ltr'>‘istium</span> 
     </span>
     <span class='ocr_line' id='line_1_70' title="bbox 2067 1675 3640 1760; baseline 0.003 -22"><span class='ocrx_word' id='word_1_473' title='bbox 2067 1675 2428 1740; x_wconf 64' lang='lat' dir='ltr'>honestatum</span> <span class='ocrx_word' id='word_1_474' title='bbox 2464 1677 2534 1740; x_wconf 74' lang='lat' dir='ltr'>in·</span> <span class='ocrx_word' id='word_1_475' title='bbox 2553 1677 2930 1757; x_wconf 51' lang='lat' dir='ltr'>effectivam,</span> <span class='ocrx_word' id='word_1_476' title='bbox 2955 1682 3013 1741; x_wconf 75' lang='lat' dir='ltr'>et</span> <span class='ocrx_word' id='word_1_477' title='bbox 3043 1679 3382 1755; x_wconf 58' lang='lat' dir='ltr'>monam,</span> <span class='ocrx_word' id='word_1_478' title='bbox 3409 1681 3478 1742; x_wconf 79' lang='lat' dir='ltr'>de</span> <span class='ocrx_word' id='word_1_479' title='bbox 3499 1679 3640 1760; x_wconf 62' lang='lat' dir='ltr'>qui»</span> 
     </span>
     <span class='ocr_line' id='line_1_71' title="bbox 2067 1771 3639 1850; baseline 0 -16"><span class='ocrx_word' id='word_1_480' title='bbox 2067 1771 2176 1834; x_wconf 68' lang='lat' dir='ltr'>bus</span> <span class='ocrx_word' id='word_1_481' title='bbox 2207 1774 2264 1833; x_wconf 90' lang='grc'>1.</span> <span class='ocrx_word' id='word_1_482' title='bbox 2291 1773 2352 1844; x_wconf 74' lang='lat'>2,</span> <span class='ocrx_word' id='word_1_483' title='bbox 2380 1775 2566 1834; x_wconf 69' lang='lat' dir='ltr'>tract.</span> <span class='ocrx_word' id='word_1_484' title='bbox 2599 1771 2662 1847; x_wconf 84' lang='lat'>3,</span> <span class='ocrx_word' id='word_1_485' title='bbox 2687 1771 2846 1850; x_wconf 74' lang='lat' dir='ltr'>disp.</span> <span class='ocrx_word' id='word_1_486' title='bbox 2879 1774 2920 1834; x_wconf 76' lang='lat'><em>2</em></span> <span class='ocrx_word' id='word_1_487' title='bbox 2955 1777 3011 1834; x_wconf 77' lang='lat' dir='ltr'>sc</span> <span class='ocrx_word' id='word_1_488' title='bbox 3039 1772 3266 1834; x_wconf 83' lang='lat' dir='ltr'>3.--Ut</span> <span class='ocrx_word' id='word_1_489' title='bbox 3293 1777 3504 1834; x_wconf 87' lang='lat' dir='ltr'>autem</span> <span class='ocrx_word' id='word_1_490' title='bbox 3531 1789 3639 1834; x_wconf 85' lang='lat' dir='ltr'>ra·-</span> 
     </span>
     <span class='ocr_line' id='line_1_72' title="bbox 2065 1863 3638 1946; baseline -0.001 -19"><span class='ocrx_word' id='word_1_491' title='bbox 2065 1865 2238 1927; x_wconf 91' lang='lat' dir='ltr'>tione</span> <span class='ocrx_word' id='word_1_492' title='bbox 2271 1863 2626 1928; x_wconf 85' lang='lat' dir='ltr'>declaretur</span> <span class='ocrx_word' id='word_1_493' title='bbox 2661 1865 2799 1926; x_wconf 77' lang='lat' dir='ltr'>hoec</span> <span class='ocrx_word' id='word_1_494' title='bbox 2837 1865 3090 1941; x_wconf 77' lang='lat' dir='ltr'>veritas,</span> <span class='ocrx_word' id='word_1_495' title='bbox 3127 1872 3371 1946; x_wconf 78' lang='lat' dir='ltr'>oportet</span> <span class='ocrx_word' id='word_1_496' title='bbox 3417 1865 3638 1928; x_wconf 79' lang='lat' dir='ltr'>adver-</span> 
     </span>
     <span class='ocr_line' id='line_1_73' title="bbox 2065 1957 3638 2039; baseline 0.001 -20"><span class='ocrx_word' id='word_1_497' title='bbox 2065 1963 2198 2020; x_wconf 87' lang='lat' dir='ltr'>tere</span> <span class='ocrx_word' id='word_1_498' title='bbox 2233 1975 2314 2019; x_wconf 84' lang='lat' dir='ltr'>ex</span> <span class='ocrx_word' id='word_1_499' title='bbox 2365 1961 2426 2020; x_wconf 85' lang='grc'>1.</span> <span class='ocrx_word' id='word_1_500' title='bbox 2471 1962 2535 2034; x_wconf 77' lang='lat'>2,</span> <span class='ocrx_word' id='word_1_501' title='bbox 2583 1977 2649 2037; x_wconf 90' lang='lat' dir='ltr'>q.</span> <span class='ocrx_word' id='word_1_502' title='bbox 2689 1958 2786 2031; x_wconf 88' lang='grc'>18,</span> <span class='ocrx_word' id='word_1_503' title='bbox 2819 1957 3132 2039; x_wconf 83' lang='lat' dir='ltr'>duplicem</span> <span class='ocrx_word' id='word_1_504' title='bbox 3183 1975 3316 2020; x_wconf 88' lang='lat' dir='ltr'>esse</span> <span class='ocrx_word' id='word_1_505' title='bbox 3349 1958 3638 2020; x_wconf 87' lang='lat' dir='ltr'>honesta-</span> 
     </span>
     <span class='ocr_line' id='line_1_74' title="bbox 2067 2051 3638 2131; baseline 0 -19"><span class='ocrx_word' id='word_1_506' title='bbox 2067 2055 2220 2128; x_wconf 86' lang='lat' dir='ltr'>tem,</span> <span class='ocrx_word' id='word_1_507' title='bbox 2247 2069 2356 2112; x_wconf 91' lang='lat' dir='ltr'>seu</span> <span class='ocrx_word' id='word_1_508' title='bbox 2384 2051 2716 2130; x_wconf 85' lang='lat' dir='ltr'>dupliciter</span> <span class='ocrx_word' id='word_1_509' title='bbox 2741 2069 2916 2131; x_wconf 82' lang='lat' dir='ltr'>posse</span> <span class='ocrx_word' id='word_1_510' title='bbox 2942 2051 3212 2114; x_wconf 70' lang='lat' dir='ltr'>inveniri</span> <span class='ocrx_word' id='word_1_511' title='bbox 3252 2052 3316 2114; x_wconf 89' lang='lat' dir='ltr'>iu</span> <span class='ocrx_word' id='word_1_512' title='bbox 3347 2057 3492 2114; x_wconf 83' lang='lat' dir='ltr'>actu</span> <span class='ocrx_word' id='word_1_513' title='bbox 3515 2052 3638 2114; x_wconf 84' lang='lat' dir='ltr'>hu-</span> 
     </span>
     <span class='ocr_line' id='line_1_75' title="bbox 2065 2143 3636 2224; baseline 0.001 -20"><span class='ocrx_word' id='word_1_514' title='bbox 2065 2161 2278 2220; x_wconf 87' lang='lat' dir='ltr'>mano,</span> <span class='ocrx_word' id='word_1_515' title='bbox 2308 2145 2564 2220; x_wconf 86' lang='lat' dir='ltr'>scilicet,</span> <span class='ocrx_word' id='word_1_516' title='bbox 2595 2144 2900 2224; x_wconf 72' lang='lat' dir='ltr'>objectiva</span> <span class='ocrx_word' id='word_1_517' title='bbox 2927 2143 3028 2204; x_wconf 80' lang='lat' dir='ltr'>vel</span> <span class='ocrx_word' id='word_1_518' title='bbox 3070 2143 3418 2206; x_wconf 75' lang='lat' dir='ltr'>formaliter</span> <span class='ocrx_word' id='word_1_519' title='bbox 3456 2161 3475 2207; x_wconf 73' lang='grc' dir='ltr'><strong><em>ε</em></strong></span> <span class='ocrx_word' id='word_1_520' title='bbox 3517 2144 3636 2206; x_wconf 86' lang='lat' dir='ltr'>ob-</span> 
     </span>
     <span class='ocr_line' id='line_1_76' title="bbox 2057 2233 3630 2319; baseline 0 -21"><span class='ocrx_word' id='word_1_521' title='bbox 2057 2235 2288 2314; x_wconf 82' lang='lat' dir='ltr'>jectiva</span> <span class='ocrx_word' id='word_1_522' title='bbox 2337 2257 2468 2300; x_wconf 88' lang='lat' dir='ltr'>esse</span> <span class='ocrx_word' id='word_1_523' title='bbox 2525 2244 2726 2319; x_wconf 78' lang='lat' dir='ltr'>potest</span> <span class='ocrx_word' id='word_1_524' title='bbox 2787 2238 2856 2300; x_wconf 87' lang='lat' dir='ltr'>in</span> <span class='ocrx_word' id='word_1_525' title='bbox 2899 2245 3040 2300; x_wconf 88' lang='lat' dir='ltr'>actu</span> <span class='ocrx_word' id='word_1_526' title='bbox 3091 2237 3282 2300; x_wconf 74' lang='lat' dir='ltr'>etiam</span> <span class='ocrx_word' id='word_1_527' title='bbox 3333 2233 3590 2301; x_wconf 78' lang='lat' dir='ltr'>externo</span> <span class='ocrx_word' id='word_1_528' title='bbox 3606 2283 3630 2314; x_wconf 94' lang='lat'>,</span> 
     </span>
     <span class='ocr_line' id='line_1_77' title="bbox 2069 2330 3634 2412; baseline 0.001 -22"><span class='ocrx_word' id='word_1_529' title='bbox 2069 2335 2376 2410; x_wconf 86' lang='lat' dir='ltr'>quatenus</span> <span class='ocrx_word' id='word_1_530' title='bbox 2402 2335 2604 2412; x_wconf 84' lang='lat' dir='ltr'>potest</span> <span class='ocrx_word' id='word_1_531' title='bbox 2625 2349 2756 2394; x_wconf 85' lang='lat' dir='ltr'>esse</span> <span class='ocrx_word' id='word_1_532' title='bbox 2779 2330 3091 2410; x_wconf 83' lang='lat' dir='ltr'>objectum</span> <span class='ocrx_word' id='word_1_533' title='bbox 3121 2330 3432 2393; x_wconf 81' lang='lat' dir='ltr'>interioris</span> <span class='ocrx_word' id='word_1_534' title='bbox 3453 2337 3634 2392; x_wconf 86' lang='lat' dir='ltr'>actus</span> 
     </span>
     <span class='ocr_line' id='line_1_78' title="bbox 2071 2424 3638 2505; baseline 0.001 -19"><span class='ocrx_word' id='word_1_535' title='bbox 2071 2425 2430 2500; x_wconf 80' lang='lat' dir='ltr'>voluntatis,</span> <span class='ocrx_word' id='word_1_536' title='bbox 2463 2426 2626 2488; x_wconf 87' lang='lat' dir='ltr'>sicut</span> <span class='ocrx_word' id='word_1_537' title='bbox 2665 2426 3058 2505; x_wconf 71' lang='lat' dir='ltr'>eleemosyna</span> <span class='ocrx_word' id='word_1_538' title='bbox 3091 2424 3324 2488; x_wconf 79' lang='lat' dir='ltr'>dicitur</span> <span class='ocrx_word' id='word_1_539' title='bbox 3345 2443 3495 2488; x_wconf 86' lang='lat' dir='ltr'>-esse</span> <span class='ocrx_word' id='word_1_540' title='bbox 3520 2426 3638 2488; x_wconf 85' lang='lat' dir='ltr'>ho·</span> 
     </span>
     <span class='ocr_line' id='line_1_79' title="bbox 2071 2519 3634 2600; baseline -0.002 -17"><span class='ocrx_word' id='word_1_541' title='bbox 2071 2525 2271 2590; x_wconf 86' lang='lat' dir='ltr'>nesta,</span> <span class='ocrx_word' id='word_1_542' title='bbox 2287 2525 2598 2600; x_wconf 83' lang='lat' dir='ltr'>qnatenus</span> <span class='ocrx_word' id='word_1_543' title='bbox 2619 2526 2710 2580; x_wconf 86' lang='lat' dir='ltr'>est</span> <span class='ocrx_word' id='word_1_544' title='bbox 2723 2525 2906 2582; x_wconf 80' lang='lat' dir='ltr'>rectse</span> <span class='ocrx_word' id='word_1_545' title='bbox 2931 2519 3154 2580; x_wconf 88' lang='lat' dir='ltr'>rationi</span> <span class='ocrx_word' id='word_1_546' title='bbox 3180 2525 3600 2582; x_wconf 81' lang='lat' dir='ltr'>consentanea</span> <span class='ocrx_word' id='word_1_547' title='bbox 3611 2541 3634 2594; x_wconf 87' lang='lat'>;</span> 
     </span>
     <span class='ocr_line' id='line_1_80' title="bbox 2074 2611 3640 2676; baseline -0.001 0"><span class='ocrx_word' id='word_1_548' title='bbox 2074 2613 2418 2676; x_wconf 80' lang='lat' dir='ltr'>formaliter</span> <span class='ocrx_word' id='word_1_549' title='bbox 2445 2619 2658 2676; x_wconf 85' lang='lat' dir='ltr'>autem</span> <span class='ocrx_word' id='word_1_550' title='bbox 2683 2613 3003 2676; x_wconf 84' lang='lat' dir='ltr'>invenitur</span> <span class='ocrx_word' id='word_1_551' title='bbox 3033 2611 3329 2674; x_wconf 80' lang='lat' dir='ltr'>honestas</span> <span class='ocrx_word' id='word_1_552' title='bbox 3373 2612 3442 2672; x_wconf 91' lang='lat' dir='ltr'>in</span> <span class='ocrx_word' id='word_1_553' title='bbox 3474 2613 3640 2674; x_wconf 84' lang='lat' dir='ltr'>inte-</span> 
     </span>
     <span class='ocr_line' id='line_1_81' title="bbox 2065 2704 3638 2786; baseline -0.003 -16"><span class='ocrx_word' id='word_1_554' title='bbox 2065 2707 2218 2770; x_wconf 85' lang='lat' dir='ltr'>riori</span> <span class='ocrx_word' id='word_1_555' title='bbox 2241 2712 2384 2770; x_wconf 88' lang='lat' dir='ltr'>actu</span> <span class='ocrx_word' id='word_1_556' title='bbox 2415 2705 2774 2782; x_wconf 76' lang='lat' dir='ltr'>voluntatis,</span> <span class='ocrx_word' id='word_1_557' title='bbox 2803 2711 3112 2786; x_wconf 78' lang='lat' dir='ltr'>quatenus</span> <span class='ocrx_word' id='word_1_558' title='bbox 3137 2704 3338 2766; x_wconf 85' lang='lat' dir='ltr'>tendit</span> <span class='ocrx_word' id='word_1_559' title='bbox 3359 2705 3426 2764; x_wconf 88' lang='lat' dir='ltr'>in</span> <span class='ocrx_word' id='word_1_560' title='bbox 3459 2704 3638 2784; x_wconf 81' lang='lat' dir='ltr'>obje-</span> 
     </span>
     <span class='ocr_line' id='line_1_82' title="bbox 2065 2798 3638 2874; baseline -0.001 -10"><span class='ocrx_word' id='word_1_561' title='bbox 2065 2806 2236 2864; x_wconf 88' lang='lat' dir='ltr'>ctum</span> <span class='ocrx_word' id='word_1_562' title='bbox 2272 2801 2630 2874; x_wconf 87' lang='lat' dir='ltr'>honestum,</span> <span class='ocrx_word' id='word_1_563' title='bbox 2671 2805 2746 2860; x_wconf 83' lang='lat' dir='ltr'>ut</span> <span class='ocrx_word' id='word_1_564' title='bbox 2789 2798 2916 2862; x_wconf 87' lang='lat' dir='ltr'>tale</span> <span class='ocrx_word' id='word_1_565' title='bbox 2959 2805 3078 2874; x_wconf 82' lang='lat' dir='ltr'>est,</span> <span class='ocrx_word' id='word_1_566' title='bbox 3133 2799 3296 2860; x_wconf 84' lang='lat' dir='ltr'>sicut</span> <span class='ocrx_word' id='word_1_567' title='bbox 3343 2799 3638 2862; x_wconf 79' lang='lat' dir='ltr'>voluntas</span> 
     </span>
     <span class='ocr_line' id='line_1_83' title="bbox 2065 2893 3635 2973; baseline -0.001 -16"><span class='ocrx_word' id='word_1_568' title='bbox 2065 2895 2258 2958; x_wconf 88' lang='lat' dir='ltr'>dandi</span> <span class='ocrx_word' id='word_1_569' title='bbox 2293 2894 2752 2973; x_wconf 79' lang='lat' dir='ltr'>eleemosynam</span> <span class='ocrx_word' id='word_1_570' title='bbox 2783 2894 3018 2954; x_wconf 85' lang='lat' dir='ltr'>dicitur</span> <span class='ocrx_word' id='word_1_571' title='bbox 3061 2893 3344 2954; x_wconf 77' lang='lat' dir='ltr'>honesta.</span> <span class='ocrx_word' id='word_1_572' title='bbox 3398 2893 3635 2955; x_wconf 84' lang='lat' dir='ltr'>Deinde</span> 
     </span>
     <span class='ocr_line' id='line_1_84' title="bbox 2067 2986 3637 3066; baseline -0.004 -14"><span class='ocrx_word' id='word_1_573' title='bbox 2067 2996 2161 3052; x_wconf 85' lang='lat' dir='ltr'>est</span> <span class='ocrx_word' id='word_1_574' title='bbox 2187 2987 2639 3050; x_wconf 67' lang='lat' dir='ltr'>advertendum⁴</span> <span class='ocrx_word' id='word_1_575' title='bbox 2661 2993 2870 3048; x_wconf 84' lang='lat' dir='ltr'>actum</span> <span class='ocrx_word' id='word_1_576' title='bbox 2897 2986 3188 3048; x_wconf 76' lang='lat' dir='ltr'>credendi</span> <span class='ocrx_word' id='word_1_577' title='bbox 3213 2991 3399 3066; x_wconf 70' lang='lat' dir='ltr'>prout</span> <span class='ocrx_word' id='word_1_578' title='bbox 3419 2991 3514 3048; x_wconf 82' lang='lat' dir='ltr'>est</span> <span class='ocrx_word' id='word_1_579' title='bbox 3535 2987 3637 3048; x_wconf 87' lang='lat' dir='ltr'>in·</span> 
     </span>
     <span class='ocr_line' id='line_1_85' title="bbox 2067 3077 3628 3159; baseline -0.002 -15"><span class='ocrx_word' id='word_1_580' title='bbox 2067 3081 2370 3156; x_wconf 82' lang='lat' dir='ltr'>tellectns,</span> <span class='ocrx_word' id='word_1_581' title='bbox 2421 3097 2550 3142; x_wconf 87' lang='lat' dir='ltr'>esse</span> <span class='ocrx_word' id='word_1_582' title='bbox 2579 3077 2890 3159; x_wconf 82' lang='lat' dir='ltr'>objectum</span> <span class='ocrx_word' id='word_1_583' title='bbox 2941 3078 3284 3142; x_wconf 79' lang='lat' dir='ltr'>voluntatis</span> <span class='ocrx_word' id='word_1_584' title='bbox 3309 3079 3628 3155; x_wconf 80' lang='lat' dir='ltr'>credendi,</span> 
     </span>
     <span class='ocr_line' id='line_1_86' title="bbox 2067 3171 3632 3255; baseline -0.001 -19"><span class='ocrx_word' id='word_1_585' title='bbox 2067 3181 2254 3255; x_wconf 84' lang='lat' dir='ltr'>prout</span> <span class='ocrx_word' id='word_1_586' title='bbox 2303 3173 2612 3236; x_wconf 84' lang='lat' dir='ltr'>antecedit</span> <span class='ocrx_word' id='word_1_587' title='bbox 2662 3172 2868 3251; x_wconf 86' lang='lat' dir='ltr'>illam;</span> <span class='ocrx_word' id='word_1_588' title='bbox 2918 3190 3050 3236; x_wconf 87' lang='lat' dir='ltr'>esse</span> <span class='ocrx_word' id='word_1_589' title='bbox 3091 3179 3302 3234; x_wconf 81' lang='lat' dir='ltr'>autem</span> <span class='ocrx_word' id='word_1_590' title='bbox 3339 3171 3632 3236; x_wconf 76' lang='lat' dir='ltr'>effectum</span> 
     </span>
     <span class='ocr_line' id='line_1_87' title="bbox 2066 3265 3636 3347; baseline -0.002 -18"><span class='ocrx_word' id='word_1_591' title='bbox 2066 3268 2222 3347; x_wconf 86' lang='lat' dir='ltr'>ejus,</span> <span class='ocrx_word' id='word_1_592' title='bbox 2255 3272 2438 3346; x_wconf 86' lang='lat' dir='ltr'>prout</span> <span class='ocrx_word' id='word_1_593' title='bbox 2463 3267 2532 3327; x_wconf 85' lang='lat' dir='ltr'>in</span> <span class='ocrx_word' id='word_1_594' title='bbox 2559 3266 2786 3346; x_wconf 87' lang='lat' dir='ltr'>reipsa</span> <span class='ocrx_word' id='word_1_595' title='bbox 2805 3265 3202 3346; x_wconf 75' lang='lat' dir='ltr'>subsequitur</span> <span class='ocrx_word' id='word_1_596' title='bbox 3226 3273 3292 3328; x_wconf 91' lang='lat' dir='ltr'>et</span> <span class='ocrx_word' id='word_1_597' title='bbox 3309 3271 3636 3328; x_wconf 71' lang='lat' dir='ltr'>cremetur</span> 
     </span>
     <span class='ocr_line' id='line_1_88' title="bbox 2065 3358 3634 3438; baseline -0.001 -16"><span class='ocrx_word' id='word_1_598' title='bbox 2065 3377 2144 3422; x_wconf 81' lang='lat' dir='ltr'>ex</span> <span class='ocrx_word' id='word_1_599' title='bbox 2163 3360 2228 3421; x_wconf 83' lang='lat' dir='ltr'>vi</span> <span class='ocrx_word' id='word_1_600' title='bbox 2252 3360 2393 3421; x_wconf 85' lang='lat' dir='ltr'>talis</span> <span class='ocrx_word' id='word_1_601' title='bbox 2421 3358 2782 3422; x_wconf 83' lang='lat' dir='ltr'>voluntatis.</span> <span class='ocrx_word' id='word_1_602' title='bbox 2809 3359 2916 3420; x_wconf 89' lang='lat' dir='ltr'>Est</span> <span class='ocrx_word' id='word_1_603' title='bbox 2941 3359 3115 3421; x_wconf 80' lang='lat' dir='ltr'>enim</span> <span class='ocrx_word' id='word_1_604' title='bbox 3139 3358 3428 3420; x_wconf 65' lang='lat' dir='ltr'>voluntas</span> <span class='ocrx_word' id='word_1_605' title='bbox 3451 3359 3634 3438; x_wconf 84' lang='lat' dir='ltr'>quasi</span> 
     </span>
     <span class='ocr_line' id='line_1_89' title="bbox 2066 3451 3636 3536; baseline -0.001 -21"><span class='ocrx_word' id='word_1_606' title='bbox 2066 3454 2347 3536; x_wconf 83' lang='lat' dir='ltr'>potentia</span> <span class='ocrx_word' id='word_1_607' title='bbox 2379 3453 2582 3514; x_wconf 79' lang='lat' dir='ltr'>activa</span> <span class='ocrx_word' id='word_1_608' title='bbox 2628 3452 2970 3528; x_wconf 85' lang='lat' dir='ltr'>actionum,</span> <span class='ocrx_word' id='word_1_609' title='bbox 3021 3469 3166 3526; x_wconf 71' lang='lat' dir='ltr'>qum</span> <span class='ocrx_word' id='word_1_610' title='bbox 3217 3451 3636 3530; x_wconf 77' lang='lat' dir='ltr'>subjiciuntur</span> 
     </span>
     <span class='ocr_line' id='line_1_90' title="bbox 2065 3543 3638 3628; baseline -0.003 -20"><span class='ocrx_word' id='word_1_611' title='bbox 2065 3547 2202 3628; x_wconf 86' lang='lat' dir='ltr'>ejus</span> <span class='ocrx_word' id='word_1_612' title='bbox 2233 3545 2518 3613; x_wconf 82' lang='lat' dir='ltr'>motioni,</span> <span class='ocrx_word' id='word_1_613' title='bbox 2569 3550 2632 3606; x_wconf 86' lang='lat' dir='ltr'>et</span> <span class='ocrx_word' id='word_1_614' title='bbox 2665 3545 2804 3606; x_wconf 91' lang='lat' dir='ltr'>ideo</span> <span class='ocrx_word' id='word_1_615' title='bbox 2831 3543 2948 3606; x_wconf 74' lang='lat' dir='ltr'>mh</span> <span class='ocrx_word' id='word_1_616' title='bbox 2985 3561 3060 3606; x_wconf 82' lang='lat' dir='ltr'>ea</span> <span class='ocrx_word' id='word_1_617' title='bbox 3092 3544 3337 3606; x_wconf 87' lang='lat' dir='ltr'>ratione</span> <span class='ocrx_word' id='word_1_618' title='bbox 3374 3549 3474 3606; x_wconf 85' lang='lat' dir='ltr'>est</span> <span class='ocrx_word' id='word_1_619' title='bbox 3519 3543 3638 3604; x_wconf 81' lang='lat' dir='ltr'>ali-</span> 
     </span>
     <span class='ocr_line' id='line_1_91' title="bbox 2065 3636 3636 3720; baseline -0.001 -20"><span class='ocrx_word' id='word_1_620' title='bbox 2065 3657 2192 3720; x_wconf 90' lang='lat' dir='ltr'>quo</span> <span class='ocrx_word' id='word_1_621' title='bbox 2225 3638 2412 3700; x_wconf 82' lang='lat' dir='ltr'>mode</span> <span class='ocrx_word' id='word_1_622' title='bbox 2451 3638 2772 3718; x_wconf 78' lang='lat' dir='ltr'>operativa</span> <span class='ocrx_word' id='word_1_623' title='bbox 2817 3637 2914 3700; x_wconf 88' lang='lat' dir='ltr'>sui</span> <span class='ocrx_word' id='word_1_624' title='bbox 2953 3636 3203 3716; x_wconf 75' lang='lat' dir='ltr'>objecti.</span> <span class='ocrx_word' id='word_1_625' title='bbox 3247 3638 3438 3698; x_wconf 79' lang='lat' dir='ltr'>Actus</span> <span class='ocrx_word' id='word_1_626' title='bbox 3479 3654 3636 3714; x_wconf 86' lang='lat' dir='ltr'>ergo</span> 
     </span>
     <span class='ocr_line' id='line_1_92' title="bbox 2063 3729 3634 3810; baseline -0.003 -16"><span class='ocrx_word' id='word_1_627' title='bbox 2063 3732 2234 3808; x_wconf 87' lang='lat' dir='ltr'>fidei,</span> <span class='ocrx_word' id='word_1_628' title='bbox 2265 3731 2606 3794; x_wconf 85' lang='lat' dir='ltr'>secundum</span> <span class='ocrx_word' id='word_1_629' title='bbox 2629 3749 2694 3792; x_wconf 89' lang='lat' dir='ltr'>se</span> <span class='ocrx_word' id='word_1_630' title='bbox 2725 3736 3056 3810; x_wconf 84' lang='lat' dir='ltr'>spectatus,</span> <span class='ocrx_word' id='word_1_631' title='bbox 3079 3736 3177 3792; x_wconf 80' lang='lat' dir='ltr'>est</span> <span class='ocrx_word' id='word_1_632' title='bbox 3193 3730 3492 3792; x_wconf 81' lang='lat' dir='ltr'>honestus</span> <span class='ocrx_word' id='word_1_633' title='bbox 3515 3729 3634 3792; x_wconf 85' lang='lat' dir='ltr'>ob-</span> 
     </span>
     <span class='ocr_line' id='line_1_93' title="bbox 2060 3823 3634 3907; baseline -0.003 -19"><span class='ocrx_word' id='word_1_634' title='bbox 2060 3827 2310 3907; x_wconf 79' lang='lat' dir='ltr'>jectiva,</span> <span class='ocrx_word' id='word_1_635' title='bbox 2337 3827 2488 3906; x_wconf 77' lang='lat' dir='ltr'>quia</span> <span class='ocrx_word' id='word_1_636' title='bbox 2532 3833 2624 3886; x_wconf 87' lang='lat' dir='ltr'>est</span> <span class='ocrx_word' id='word_1_637' title='bbox 2663 3826 2998 3887; x_wconf 82' lang='lat' dir='ltr'>conformis</span> <span class='ocrx_word' id='word_1_638' title='bbox 3037 3830 3226 3886; x_wconf 70' lang='lat' dir='ltr'>rectae</span> <span class='ocrx_word' id='word_1_639' title='bbox 3271 3823 3502 3886; x_wconf 82' lang='lat' dir='ltr'>rationi</span> <span class='ocrx_word' id='word_1_640' title='bbox 3523 3843 3634 3884; x_wconf 88' lang='lat' dir='ltr'>su-</span> 
     </span>
     <span class='ocr_line' id='line_1_94' title="bbox 2063 3917 3632 4000; baseline -0.003 -18"><span class='ocrx_word' id='word_1_641' title='bbox 2063 3919 2470 4000; x_wconf 85' lang='lat' dir='ltr'>pernaturali,</span> <span class='ocrx_word' id='word_1_642' title='bbox 2499 3925 2564 3981; x_wconf 80' lang='lat' dir='ltr'>et</span> <span class='ocrx_word' id='word_1_643' title='bbox 2607 3924 2700 3980; x_wconf 87' lang='lat' dir='ltr'>est</span> <span class='ocrx_word' id='word_1_644' title='bbox 2736 3917 2980 3980; x_wconf 76' lang='lat' dir='ltr'>debitus</span> <span class='ocrx_word' id='word_1_645' title='bbox 3019 3917 3249 3980; x_wconf 68' lang='lat' dir='ltr'>divinas</span> <span class='ocrx_word' id='word_1_646' title='bbox 3273 3917 3632 3978; x_wconf 70' lang='lat' dir='ltr'>auctoritati</span> 
     </span>
     <span class='ocr_line' id='line_1_95' title="bbox 2061 4009 3634 4092; baseline -0.001 -18"><span class='ocrx_word' id='word_1_647' title='bbox 2061 4019 2126 4074; x_wconf 88' lang='lat' dir='ltr'>et</span> <span class='ocrx_word' id='word_1_648' title='bbox 2153 4012 2420 4085; x_wconf 78' lang='lat' dir='ltr'>veritati,</span> <span class='ocrx_word' id='word_1_649' title='bbox 2449 4020 2521 4072; x_wconf 89' lang='lat' dir='ltr'>ut</span> <span class='ocrx_word' id='word_1_650' title='bbox 2549 4011 2618 4072; x_wconf 90' lang='lat' dir='ltr'>in</span> <span class='ocrx_word' id='word_1_651' title='bbox 2659 4011 3084 4092; x_wconf 81' lang='lat' dir='ltr'>superioribus</span> <span class='ocrx_word' id='word_1_652' title='bbox 3123 4012 3272 4072; x_wconf 87' lang='lat' dir='ltr'>satis</span> <span class='ocrx_word' id='word_1_653' title='bbox 3299 4009 3634 4089; x_wconf 60' lang='lat' dir='ltr'>preliatum</span> 
     </span>
     <span class='ocr_line' id='line_1_96' title="bbox 2063 4103 3634 4178; baseline -0.003 -10"><span class='ocrx_word' id='word_1_654' title='bbox 2063 4111 2177 4168; x_wconf 86' lang='lat' dir='ltr'>est.</span> <span class='ocrx_word' id='word_1_655' title='bbox 2211 4104 2510 4166; x_wconf 86' lang='lat' dir='ltr'>Voluntas</span> <span class='ocrx_word' id='word_1_656' title='bbox 2535 4111 2748 4166; x_wconf 84' lang='lat' dir='ltr'>autem</span> <span class='ocrx_word' id='word_1_657' title='bbox 2789 4103 3086 4165; x_wconf 85' lang='lat' dir='ltr'>credendi</span> <span class='ocrx_word' id='word_1_658' title='bbox 3121 4103 3399 4165; x_wconf 84' lang='lat' dir='ltr'>hahetin</span> <span class='ocrx_word' id='word_1_659' title='bbox 3441 4121 3530 4178; x_wconf 86' lang='lat' dir='ltr'>se,</span> <span class='ocrx_word' id='word_1_660' title='bbox 3556 4121 3634 4164; x_wconf 83' lang='lat' dir='ltr'>ac</span> 
     </span>
     <span class='ocr_line' id='line_1_97' title="bbox 2065 4196 3635 4276; baseline 0 -18"><span class='ocrx_word' id='word_1_661' title='bbox 2065 4199 2426 4272; x_wconf 80' lang='lat' dir='ltr'>intrinsece,</span> <span class='ocrx_word' id='word_1_662' title='bbox 2479 4203 2545 4259; x_wconf 87' lang='lat' dir='ltr'>et</span> <span class='ocrx_word' id='word_1_663' title='bbox 2577 4196 2944 4272; x_wconf 80' lang='lat' dir='ltr'>formaiiter,</span> <span class='ocrx_word' id='word_1_664' title='bbox 2993 4197 3308 4276; x_wconf 83' lang='lat' dir='ltr'>propriam</span> <span class='ocrx_word' id='word_1_665' title='bbox 3347 4197 3635 4260; x_wconf 80' lang='lat' dir='ltr'>honeste-</span> 
     </span>
     <span class='ocr_line' id='line_1_98' title="bbox 2065 4288 3638 4368; baseline 0 -16"><span class='ocrx_word' id='word_1_666' title='bbox 2065 4296 2191 4352; x_wconf 87' lang='lat' dir='ltr'>tem</span> <span class='ocrx_word' id='word_1_667' title='bbox 2236 4289 2536 4352; x_wconf 79' lang='lat' dir='ltr'>moralem</span> <span class='ocrx_word' id='word_1_668' title='bbox 2584 4288 2754 4362; x_wconf 81' lang='lat' dir='ltr'>fidei,</span> <span class='ocrx_word' id='word_1_669' title='bbox 2803 4290 2954 4368; x_wconf 81' lang='lat' dir='ltr'>quia</span> <span class='ocrx_word' id='word_1_670' title='bbox 2995 4295 3060 4350; x_wconf 90' lang='lat' dir='ltr'>et</span> <span class='ocrx_word' id='word_1_671' title='bbox 3097 4289 3168 4350; x_wconf 89' lang='lat' dir='ltr'>in</span> <span class='ocrx_word' id='word_1_672' title='bbox 3211 4307 3282 4349; x_wconf 87' lang='lat' dir='ltr'>se</span> <span class='ocrx_word' id='word_1_673' title='bbox 3323 4295 3416 4351; x_wconf 89' lang='lat' dir='ltr'>est</span> <span class='ocrx_word' id='word_1_674' title='bbox 3457 4295 3638 4352; x_wconf 82' lang='lat' dir='ltr'>actus</span> 
     </span>
     <span class='ocr_line' id='line_1_99' title="bbox 2065 4381 3630 4456; baseline -0.003 -10"><span class='ocrx_word' id='word_1_675' title='bbox 2065 4383 2410 4447; x_wconf 79' lang='lat' dir='ltr'>formaliter</span> <span class='ocrx_word' id='word_1_676' title='bbox 2453 4382 2612 4444; x_wconf 82' lang='lat' dir='ltr'>liber</span> <span class='ocrx_word' id='word_1_677' title='bbox 2649 4388 2717 4444; x_wconf 89' lang='lat' dir='ltr'>et</span> <span class='ocrx_word' id='word_1_678' title='bbox 2741 4381 2992 4444; x_wconf 88' lang='lat' dir='ltr'>moralis</span> <span class='ocrx_word' id='word_1_679' title='bbox 3006 4425 3030 4456; x_wconf 94' lang='lat'>,</span> <span class='ocrx_word' id='word_1_680' title='bbox 3075 4387 3139 4442; x_wconf 86' lang='lat' dir='ltr'>et</span> <span class='ocrx_word' id='word_1_681' title='bbox 3183 4382 3386 4444; x_wconf 85' lang='lat' dir='ltr'>tendit</span> <span class='ocrx_word' id='word_1_682' title='bbox 3421 4382 3490 4442; x_wconf 87' lang='lat' dir='ltr'>in</span> <span class='ocrx_word' id='word_1_683' title='bbox 3525 4399 3630 4442; x_wconf 86' lang='lat' dir='ltr'>ac·</span> 
     </span>
     <span class='ocr_line' id='line_1_100' title="bbox 2067 4474 3634 4555; baseline -0.002 -17"><span class='ocrx_word' id='word_1_684' title='bbox 2067 4483 2202 4538; x_wconf 89' lang='lat' dir='ltr'>tum</span> <span class='ocrx_word' id='word_1_685' title='bbox 2247 4475 2573 4551; x_wconf 77' lang='lat' dir='ltr'>credendi,</span> <span class='ocrx_word' id='word_1_686' title='bbox 2595 4483 2904 4555; x_wconf 82' lang='lat' dir='ltr'>quatenus</span> <span class='ocrx_word' id='word_1_687' title='bbox 2951 4475 3248 4544; x_wconf 78' lang='lat' dir='ltr'>honestus</span> <span class='ocrx_word' id='word_1_688' title='bbox 3289 4481 3384 4536; x_wconf 87' lang='lat' dir='ltr'>cst</span> <span class='ocrx_word' id='word_1_689' title='bbox 3425 4474 3634 4554; x_wconf 73' lang='lat' dir='ltr'>ohJee·</span> 
     </span>
    </p>
   </div>
   <div class='ocr_carea' id='block_1_4' title="bbox 2050 4566 3634 4648">
    <p class='ocr_par' dir='ltr' id='par_1_6' title="bbox 2050 4566 3634 4648">
     <span class='ocr_line' id='line_1_101' title="bbox 2050 4566 3634 4648; baseline 0.003 -18"><span class='ocrx_word' id='word_1_690' title='bbox 2050 4569 2214 4642; x_wconf 71' lang='lat' dir='ltr'>tiva,</span> <span class='ocrx_word' id='word_1_691' title='bbox 2259 4568 2410 4648; x_wconf 80' lang='lat' dir='ltr'>quia</span> <span class='ocrx_word' id='word_1_692' title='bbox 2462 4568 2733 4646; x_wconf 69' lang='lat' dir='ltr'>captivat</span> <span class='ocrx_word' id='word_1_693' title='bbox 2777 4566 3142 4632; x_wconf 67' lang='lat' dir='ltr'>intellectam</span> <span class='ocrx_word' id='word_1_694' title='bbox 3189 4570 3262 4630; x_wconf 65' lang='lat' dir='ltr'>in</span> <span class='ocrx_word' id='word_1_695' title='bbox 3291 4567 3634 4648; x_wconf 64' lang='lat' dir='ltr'>obsequium</span> 
     </span>
    </p>
   </div>
   <div class='ocr_carea' id='block_1_5' title="bbox 2063 4660 3639 5582">
    <p class='ocr_par' dir='ltr' id='par_1_7' title="bbox 2063 4660 3639 5582">
     <span class='ocr_line' id='line_1_102' title="bbox 2071 4660 3636 4740; baseline 0.001 -15"><span class='ocrx_word' id='word_1_696' title='bbox 2071 4661 2333 4734; x_wconf 73' lang='lat' dir='ltr'>Christi,</span> <span class='ocrx_word' id='word_1_697' title='bbox 2359 4667 2424 4722; x_wconf 90' lang='lat' dir='ltr'>et</span> <span class='ocrx_word' id='word_1_698' title='bbox 2453 4661 2604 4740; x_wconf 88' lang='lat' dir='ltr'>quia</span> <span class='ocrx_word' id='word_1_699' title='bbox 2629 4677 2758 4722; x_wconf 87' lang='lat' dir='ltr'>non</span> <span class='ocrx_word' id='word_1_700' title='bbox 2779 4660 2996 4724; x_wconf 87' lang='lat' dir='ltr'>leviter</span> <span class='ocrx_word' id='word_1_701' title='bbox 3037 4667 3324 4724; x_wconf 83' lang='lat' dir='ltr'>movetur</span> <span class='ocrx_word' id='word_1_702' title='bbox 3347 4661 3636 4726; x_wconf 71' lang='lat' dir='ltr'>voluntas</span> 
     </span>
     <span class='ocr_line' id='line_1_103' title="bbox 2067 4752 3632 4834; baseline -0.003 -16"><span class='ocrx_word' id='word_1_703' title='bbox 2067 4754 2144 4818; x_wconf 85' lang='lat' dir='ltr'>ad</span> <span class='ocrx_word' id='word_1_704' title='bbox 2172 4753 2335 4816; x_wconf 85' lang='lat' dir='ltr'>hanc</span> <span class='ocrx_word' id='word_1_705' title='bbox 2373 4759 2584 4818; x_wconf 82' lang='lat' dir='ltr'>actum</span> <span class='ocrx_word' id='word_1_706' title='bbox 2609 4799 2626 4827; x_wconf 88' lang='lat'>,</span> <span class='ocrx_word' id='word_1_707' title='bbox 2665 4752 2770 4816; x_wconf 80' lang='lat' dir='ltr'>sed</span> <span class='ocrx_word' id='word_1_708' title='bbox 2815 4754 3108 4834; x_wconf 78' lang='lat' dir='ltr'>prudenti</span> <span class='ocrx_word' id='word_1_709' title='bbox 3147 4753 3390 4816; x_wconf 82' lang='lat' dir='ltr'>ratione</span> <span class='ocrx_word' id='word_1_710' title='bbox 3413 4753 3632 4829; x_wconf 80' lang='lat' dir='ltr'>dueta,</span> 
     </span>
     <span class='ocr_line' id='line_1_104' title="bbox 2069 4845 3633 4927; baseline 0 -19"><span class='ocrx_word' id='word_1_711' title='bbox 2069 4855 2142 4908; x_wconf 87' lang='lat' dir='ltr'>ut</span> <span class='ocrx_word' id='word_1_712' title='bbox 2177 4865 2363 4927; x_wconf 84' lang='lat' dir='ltr'>supra</span> <span class='ocrx_word' id='word_1_713' title='bbox 2403 4847 2593 4908; x_wconf 86' lang='lat' dir='ltr'>etiam</span> <span class='ocrx_word' id='word_1_714' title='bbox 2619 4845 3000 4908; x_wconf 82' lang='lat' dir='ltr'>deciaratum</span> <span class='ocrx_word' id='word_1_715' title='bbox 3030 4852 3150 4921; x_wconf 87' lang='lat' dir='ltr'>est,</span> <span class='ocrx_word' id='word_1_716' title='bbox 3193 4853 3328 4908; x_wconf 81' lang='lat' dir='ltr'>tum</span> <span class='ocrx_word' id='word_1_717' title='bbox 3369 4846 3532 4926; x_wconf 83' lang='lat' dir='ltr'>disp.</span> <span class='ocrx_word' id='word_1_718' title='bbox 3565 4848 3633 4922; x_wconf 81' lang='lat'>3,</span> 
     </span>
     <span class='ocr_line' id='line_1_105' title="bbox 2067 4937 3632 5019; baseline -0.002 -17"><span class='ocrx_word' id='word_1_719' title='bbox 2067 4947 2212 5002; x_wconf 85' lang='lat' dir='ltr'>sect.</span> <span class='ocrx_word' id='word_1_720' title='bbox 2241 4942 2304 5016; x_wconf 89' lang='grc'>1,</span> <span class='ocrx_word' id='word_1_721' title='bbox 2330 4946 2467 5000; x_wconf 88' lang='lat' dir='ltr'>tum</span> <span class='ocrx_word' id='word_1_722' title='bbox 2493 4939 2650 5019; x_wconf 84' lang='lat' dir='ltr'>disp.</span> <span class='ocrx_word' id='word_1_723' title='bbox 2681 4941 2746 5014; x_wconf 73' lang='lat'>4,</span> <span class='ocrx_word' id='word_1_724' title='bbox 2775 4946 2924 5000; x_wconf 84' lang='lat' dir='ltr'>sect.</span> <span class='ocrx_word' id='word_1_725' title='bbox 2955 4941 3018 5000; x_wconf 75' lang='grc' dir='ltr'>Ξ.</span> <span class='ocrx_word' id='word_1_726' title='bbox 3045 4940 3120 5000; x_wconf 85' lang='lat' dir='ltr'>Et</span> <span class='ocrx_word' id='word_1_727' title='bbox 3138 4938 3288 5000; x_wconf 87' lang='lat' dir='ltr'>hinc</span> <span class='ocrx_word' id='word_1_728' title='bbox 3309 4939 3503 5000; x_wconf 86' lang='lat' dir='ltr'>etiam</span> <span class='ocrx_word' id='word_1_729' title='bbox 3529 4937 3632 5015; x_wconf 81' lang='lat' dir='ltr'>fit,</span> 
     </span>
     <span class='ocr_line' id='line_1_106' title="bbox 2067 5030 3636 5113; baseline -0.001 -19"><span class='ocrx_word' id='word_1_730' title='bbox 2067 5039 2140 5094; x_wconf 89' lang='lat' dir='ltr'>ut</span> <span class='ocrx_word' id='word_1_731' title='bbox 2169 5034 2311 5113; x_wconf 85' lang='lat' dir='ltr'>ipse</span> <span class='ocrx_word' id='word_1_732' title='bbox 2341 5037 2514 5094; x_wconf 71' lang='lat' dir='ltr'>actm</span> <span class='ocrx_word' id='word_1_733' title='bbox 2545 5031 2922 5106; x_wconf 81' lang='lat' dir='ltr'>intellectus,</span> <span class='ocrx_word' id='word_1_734' title='bbox 2945 5037 3254 5111; x_wconf 87' lang='lat' dir='ltr'>quatenus</span> <span class='ocrx_word' id='word_1_735' title='bbox 3283 5030 3636 5094; x_wconf 79' lang='lat' dir='ltr'>voluntarie</span> 
     </span>
     <span class='ocr_line' id='line_1_107' title="bbox 2069 5123 3639 5200; baseline -0.002 -13"><span class='ocrx_word' id='word_1_736' title='bbox 2069 5131 2410 5200; x_wconf 85' lang='lat' dir='ltr'>exercetur,</span> <span class='ocrx_word' id='word_1_737' title='bbox 2463 5123 2904 5186; x_wconf 84' lang='lat' dir='ltr'>denominetur</span> <span class='ocrx_word' id='word_1_738' title='bbox 2951 5123 3271 5186; x_wconf 77' lang='lat' dir='ltr'>moraliter</span> <span class='ocrx_word' id='word_1_739' title='bbox 3323 5123 3524 5184; x_wconf 84' lang='lat' dir='ltr'>bonus</span> <span class='ocrx_word' id='word_1_740' title='bbox 3569 5130 3639 5185; x_wconf 90' lang='lat' dir='ltr'>et</span> 
     </span>
     <span class='ocr_line' id='line_1_108' title="bbox 2066 5213 3638 5292; baseline -0.001 -12"><span class='ocrx_word' id='word_1_741' title='bbox 2066 5218 2382 5292; x_wconf 80' lang='lat' dir='ltr'>honestus,</span> <span class='ocrx_word' id='word_1_742' title='bbox 2415 5233 2543 5276; x_wconf 86' lang='lat' dir='ltr'>non</span> <span class='ocrx_word' id='word_1_743' title='bbox 2571 5221 2782 5278; x_wconf 85' lang='lat' dir='ltr'>tamen</span> <span class='ocrx_word' id='word_1_744' title='bbox 2819 5216 3152 5278; x_wconf 84' lang='lat' dir='ltr'>intrinsece</span> <span class='ocrx_word' id='word_1_745' title='bbox 3175 5213 3520 5278; x_wconf 78' lang='lat' dir='ltr'>formaliter</span> <span class='ocrx_word' id='word_1_746' title='bbox 3545 5215 3638 5278; x_wconf 85' lang='lat' dir='ltr'>lo-</span> 
     </span>
     <span class='ocr_line' id='line_1_109' title="bbox 2066 5307 3634 5392; baseline -0.001 -18"><span class='ocrx_word' id='word_1_747' title='bbox 2066 5311 2336 5392; x_wconf 85' lang='lat' dir='ltr'>quendo,</span> <span class='ocrx_word' id='word_1_748' title='bbox 2363 5310 2472 5370; x_wconf 84' lang='lat' dir='ltr'>sed</span> <span class='ocrx_word' id='word_1_749' title='bbox 2499 5327 2610 5390; x_wconf 86' lang='lat' dir='ltr'>per</span> <span class='ocrx_word' id='word_1_750' title='bbox 2627 5309 3198 5372; x_wconf 82' lang='lat' dir='ltr'>denominationem</span> <span class='ocrx_word' id='word_1_751' title='bbox 3223 5307 3634 5372; x_wconf 80' lang='lat' dir='ltr'>extrinsecam</span> 
     </span>
     <span class='ocr_line' id='line_1_110' title="bbox 2066 5401 3636 5478; baseline 0 -14"><span class='ocrx_word' id='word_1_752' title='bbox 2066 5404 2146 5465; x_wconf 86' lang='lat' dir='ltr'>ab</span> <span class='ocrx_word' id='word_1_753' title='bbox 2193 5409 2338 5466; x_wconf 85' lang='lat' dir='ltr'>notu</span> <span class='ocrx_word' id='word_1_754' title='bbox 2389 5402 2730 5464; x_wconf 76' lang='lat' dir='ltr'>voluntatis</span> <span class='ocrx_word' id='word_1_755' title='bbox 2762 5424 2780 5478; x_wconf 68' lang='grc' dir='ltr'><strong><em>ς</em></strong></span> <span class='ocrx_word' id='word_1_756' title='bbox 2841 5409 3016 5466; x_wconf 78' lang='lat' dir='ltr'>aetus</span> <span class='ocrx_word' id='word_1_757' title='bbox 3070 5409 3286 5466; x_wconf 84' lang='lat' dir='ltr'>autem</span> <span class='ocrx_word' id='word_1_758' title='bbox 3341 5401 3636 5464; x_wconf 80' lang='lat' dir='ltr'>credendi</span> 
     </span>
     <span class='ocr_line' id='line_1_111' title="bbox 2063 5493 3636 5582; baseline 0 -24"><span class='ocrx_word' id='word_1_759' title='bbox 2063 5503 2455 5582; x_wconf 80' lang='lat' dir='ltr'>comparatur</span> <span class='ocrx_word' id='word_1_760' title='bbox 2483 5495 2560 5560; x_wconf 82' lang='lat' dir='ltr'>ad</span> <span class='ocrx_word' id='word_1_761' title='bbox 2593 5493 2978 5564; x_wconf 75' lang='lat' dir='ltr'>voluntatem</span> <span class='ocrx_word' id='word_1_762' title='bbox 3009 5493 3326 5575; x_wconf 70' lang='lat' dir='ltr'>credendi,</span> <span class='ocrx_word' id='word_1_763' title='bbox 3355 5494 3636 5558; x_wconf 80' lang='lat' dir='ltr'>sicutae-</span> 
     </span>
    </p>
   </div>
  </div>
 </body>
</html>
