3900 6217
535 292 654 353 264

528 407 672 461 tor:
697 400 750 459 si
787 398 851 459 in
875 396 1142 459 Ecclesia
1169 415 1295 458 non
1319 402 1410 459 est
1438 416 1562 458 una
1588 416 1875 476 suprema
1898 403 2095 476 potes·-

533 499 628 553 tas
669 510 810 570 quae
849 491 964 550 toti
1001 491 1229 569 praesit,
1275 498 1336 551 et
1387 490 1648 568 singulis
1685 491 1986 569 episcopis
2018 490 2096 551 sit

531 584 834 663 superior,
867 585 982 645 erit
1011 602 1158 643 sane
1192 584 1617 663 unusquisqne
1645 586 1967 663 episcopus
1996 603 2093 645 ca-

535 688 645 758 pnt
669 694 1026 757 supremum
1051 678 1116 737 in
1143 695 1255 737 suo
1283 678 1656 757 episcopatu,
1693 679 1856 757 quod
1878 678 2094 757 impri-

533 775 648 833 mis
687 778 780 831 est
826 777 1038 831 contra
1081 780 1439 850 perpetuam
1485 771 1770 833 Ecclesiae
1812 772 2093 833 traditio-

530 884 700 938 nem,
733 884 854 944 qna
874 872 1106 927 constat
1143 865 1332 925 fuisse
1357 866 1636 927 ordinem
1665 868 1826 927 inter
1849 868 2095 945 Episco-

532 978 664 1038 pos,
686 959 1212 1038 Archiepiscopos,
1236 959 1558 1033 Primates,
1587 959 1995 1035 PatriarchaS,
2030 966 2097 1021 ut

534 1060 699 1133 patet
725 1072 800 1115 cx
833 1054 1076 1115 Nicaeno
1113 1052 1404 1125 Concilio,
1446 1054 1645 1131 capite
1689 1061 1890 1129 sexto,
1927 1061 1989 1115 et
2014 1072 2093 1115 ex

533 1147 828 1209 Anacleto
840 1148 1026 1225 Papa,
1039 1146 1294 1225 epistola
1311 1147 1512 1207 tertia.
1530 1147 1758 1209 Deinde
1775 1148 2095 1227 imperfec-

535 1246 634 1299 tus
657 1245 720 1298 et
740 1239 978 1300 inutilis
995 1245 1152 1301 esset
1167 1240 1318 1301 ordo
1337 1240 1756 1301 hierarchicas
1783 1242 2091 1303 Ecclesiae.

537 1332 857 1404 Praeterea,
891 1333 1036 1410 quia
1059 1333 1192 1411 jam
1217 1322 1576 1411 sequeretur
1601 1352 1844 1394 summa
1877 1333 2091 1395 confu-

531 1426 624 1489 sio
668 1425 733 1487 in
763 1427 1048 1503 Ecclesia,
1077 1427 1244 1506 quod
1293 1429 1378 1488 ita
1429 1428 1814 1505 ostenditur3
1865 1447 2011 1489 nam
2040 1429 2091 1491 si

533 1520 849 1582 discordiae
901 1520 1024 1581 sint
1061 1529 1123 1581 et
1153 1520 1291 1581 lites
1322 1522 1488 1582 inter
1531 1522 1878 1602 Episcopus,
1923 1524 2089 1601 quie,

534 1634 762 1695 quaeso,
787 1613 978 1694 judex
1001 1634 1104 1676 eas
1131 1615 1414 1677 dirimet?
1443 1618 1618 1677 Certe
1639 1617 1734 1677 vel
1761 1617 1837 1677 ad
1863 1617 2089 1696 princi·

534 1725 640 1787 pes
687 1706 1006 1769 saeculares
1057 1709 1498 1769 recurrendum
1545 1709 1666 1769 illis
1707 1716 1884 1786 esset,
1924 1710 2092 1789 quod

533 1800 808 1861 alienum
843 1809 934 1861 est
959 1819 996 1861 a
1024 1800 1170 1861 fidei
1195 1802 1448 1863 veritate
1469 1809 1532 1862 et
1553 1802 1961 1863 ecclesiastica
2000 1803 2093 1864 di·

533 1897 794 1973 gnitate,
822 1894 920 1954 vel
946 1901 1256 1973 oporteret
1269 1893 1433 1955 bello
1457 1900 1520 1955 et
1539 1913 1745 1975 pugna
1765 1897 2095 1976 Episcopo-

539 2004 678 2046 rum
690 1986 904 2065 jurgia
918 1985 1190 2061 dissolvi,
1209 1987 1365 2047 sicut
1387 1988 1551 2047 inter
1569 2006 1743 2065 reges
1761 1989 2089 2067 contingit.

533 2080 703 2153 Quod
749 2098 932 2159 quam
973 2080 1055 2139 sit
1079 2087 1292 2141 contra
1321 2078 1787 2143 ecclesiasticam
1825 2080 2095 2162 discipli-

535 2190 680 2233 nam
707 2191 817 2253 per
845 2192 908 2232 se
939 2174 1086 2233 satis
1123 2178 1378 2236 constat.
1426 2174 1678 2250 Deinde,
1717 2174 1856 2254 quis
1899 2176 2095 2236 conti·

535 2264 708 2326 nebit
740 2270 807 2326 in
849 2266 1046 2327 officio
1085 2267 1250 2347 ipsos
1278 2266 1629 2347 Episcopos,
1659 2286 1804 2329 nam
1829 2270 1880 2329 si
1907 2288 2097 2329 unns-

534 2360 794 2439 quisque
835 2378 1046 2421 eorum
1085 2378 1407 2439 supremus
1447 2362 1515 2420 in
1543 2362 1720 2422 terris
1747 2368 1860 2436 est,
1893 2381 1932 2423 a
1967 2362 2094 2424 solo

535 2453 776 2517 Christo
804 2456 1028 2535 poterit
1057 2455 1348 2531 coerceri,
1395 2456 1562 2536 qnod
1611 2463 1704 2517 est
1733 2456 2096 2519 absurdissi-

533 2566 746 2609 mum:
794 2549 1037 2627 magnis
1075 2550 1243 2610 enim
1279 2549 1566 2629 periculis
1609 2559 1768 2612 esset
1805 2559 1950 2612 tunc
1992 2572 2097 2613 cx-

534 2642 732 2722 posita
760 2642 1051 2718 Ecclesia,
1106 2662 1250 2704 nam
1287 2644 1450 2705 inter
1490 2649 1582 2704 tot
1626 2644 1950 2725 Episcopos
1978 2646 2095 2707 hu-

535 2753 794 2796 manum
821 2742 912 2797 est
927 2736 1064 2797 bsse
1083 2735 1324 2815 aliquos
1345 2738 1619 2813 discoloS,
1647 2745 1708 2799 et
1731 2737 1936 2817 plures
1962 2740 2095 2801 sine

537 2828 729 2889 dnbio
755 2833 979 2903 essent,
1011 2828 1062 2890 si
1099 2829 1340 2900 nullum
1387 2836 1788 2909 agnoscerent
1811 2832 2093 2911 superio·

532 2939 702 2996 rem;
734 2923 850 2984 hac
870 2928 1036 2985 certe
1055 2923 1130 2984 de
1151 2925 1414 2985 causain
1439 2924 1702 3002 singulis
1729 2926 2093 3005 episcopati-

534 3016 650 3077 bus
677 3018 1021 3079 necessaria
1057 3024 1155 3079 est
1183 3019 1458 3098 potentia
1488 3036 1614 3079 una
1661 3038 1850 3099 supra
1879 3038 2098 3080 omnes

533 3110 922 3191 presbyteros
977 3117 1039 3171 et
1081 3112 1399 3191 parochos,
1452 3120 1522 3173 ut
1566 3114 1862 3175 nimirum
1909 3112 2000 3174 illi
2030 3114 2097 3173 in

533 3221 684 3283 pace
739 3210 801 3265 et
839 3205 1042 3265 officio
1079 3204 1534 3267 contineantur.
1586 3206 1757 3268 Adde
1809 3224 1935 3267 non
1990 3225 2097 3285 po-

537 3297 723 3359 tuisse
740 3288 977 3359 servari
1004 3296 1158 3361 alias
1189 3298 1335 3361 fidei
1370 3300 1698 3374 unitatem,
1729 3299 1878 3377 quia
1911 3318 2098 3361 unus-

537 3390 798 3471 quisque
845 3393 1181 3472 Episcopus
1217 3392 1464 3453 doceret
1498 3411 1608 3471 pro
1655 3393 1861 3467 libitu,
1893 3410 2095 3472 neque

536 3482 702 3543 ullus
729 3502 792 3545 se
815 3484 1204 3545 submitteret
1241 3484 1508 3546 aliorum
1530 3485 1790 3563 judicio,
1821 3485 1871 3546 si
1896 3485 1964 3545 in
2006 3486 2093 3545 eis

536 3594 665 3636 non
694 3583 1098 3657 agnoscerent
1125 3580 1506 3658 superiorem
1558 3584 1958 3661 mlestatem3
2014 3597 2093 3639 ex

537 3686 660 3749 quo
707 3677 918 3751 aperte
951 3678 1296 3750 sequuntur
1343 3671 1674 3733 schismata
1713 3679 1776 3732 et
1833 3673 2099 3733 varietas

533 3765 601 3827 in
630 3762 949 3839 doctrina3
980 3782 1170 3843 quare
1197 3770 1360 3827 recte
1382 3766 1869 3844 chrysostomus,
1897 3766 2097 3826 homi·

534 3857 620 3917 lia
667 3856 888 3918 ultima
929 3858 1008 3917 ad
1053 3858 1376 3919 Hebraeos:
1435 3859 1681 3921 Malum
1720 3864 1812 3923 est
1844 3858 2092 3937 (inquit)

536 3950 636 4015 ubi
660 3969 780 4013 mm
817 3951 1027 4014 existit
1045 3953 1378 4034 primatus,
1404 3958 1460 4014 et
1481 3953 1814 4016 maltarwm
1835 3952 2097 4015 cladium

537 4045 794 4120 occasio,
839 4049 897 4108 et
951 4045 1320 4123 confusionis
1376 4047 1800 4126 turbarumque
1851 4044 2061 4127 princi
2076 4080 2095 4090 -

533 4143 728 4223 piam.
762 4141 926 4202 Idem
957 4140 1312 4217 Gregorius,
1347 4138 1456 4199 lib.
1479 4142 1544 4212 4,
1573 4138 1828 4217 epistola
1855 4158 1975 4199 seu
1994 4158 2095 4199 ca-

535 4234 660 4312 pite
685 4235 746 4307 2,
767 4233 1130 4313 Cyprianus,
1160 4232 1556 4309 Athanasius,
1589 4240 1650 4293 et
1677 4232 1784 4293 alii
1812 4232 1979 4295 infra
2004 4236 2093 4293 ci-

537 4327 730 4389 tandi.
987 4390 992 4395 „

619 4425 678 4485 5.
717 4423 1028 4486 Probatur
1073 4423 1272 4485 tertio.
1304 4452 1383 4467 -
1413 4422 1641 4495 Tertio,
1687 4421 1975 4499 arguitur

536 4516 818 4579 Ecclesiae
845 4516 1286 4594 propagatione
1327 4522 1390 4575 et
1435 4514 1833 4575 conversione
1877 4439 2097 4575 jnffig

535 4610 732 4683 lium;
763 4628 900 4669 eam
939 4613 1106 4670 euim
1142 4608 1416 4669 Christus
1459 4608 1794 4669 Ecclesiam
1827 4608 2097 4669 instituit

537 4722 673 4783 qnae
699 4704 1059 4763 universum
1112 4701 1416 4762 mundum
1457 4709 1807 4781 occuparet,
1857 4708 1920 4763 et
1960 4702 2097 4761 ideo

536 4798 852 4877 Apostolos
879 4797 944 4855 in
969 4802 1167 4855 totum
1201 4794 1502 4855 mundum
1539 4796 1730 4871 misit,
1773 4800 1843 4855 ut
1876 4794 2098 4874 praedi·

535 4897 748 4951 carent
769 4889 1180 4970 Evanyelium
1208 4891 1370 4950 omni
1393 4893 1689 4951 creaturoe
1705 4912 1732 4960 ,·
1760 4888 1923 4969 quod
1955 4906 2097 4947 cum

536 5002 646 5066 per
675 4983 833 5043 solos
875 4983 1192 5061 Apostolos
1239 4982 1447 5063 perfici
1487 5001 1612 5043 non
1654 4988 1876 5063 posset,
1921 5000 2095 5061 opor-

535 5081 659 5141 tuit
715 5095 1078 5159 permanere
1136 5079 1199 5138 in
1251 5078 1519 5139 Ecclesia
1563 5084 1928 5157 potestatem
1980 5075 2099 5137 ali-

535 5192 748 5254 quam,
781 5176 881 5234 eui
911 5193 986 5236 ex
1011 5174 1214 5235 officio
1257 5172 1575 5233 incumbat
1618 5190 1834 5233 curare
1881 5170 2101 5231 infide-

534 5270 690 5333 lium
717 5270 1207 5335 conversionem,
1241 5268 1404 5347 quod
1443 5286 1568 5329 non
1606 5267 1724 5329 nisi
1765 5268 1844 5327 ad
1887 5286 2101 5347 supre-

533 5382 703 5427 mam
742 5362 1076 5444 quamdam
1111 5368 1498 5441 potestatem,
1531 5362 1632 5420 cui
1672 5368 1800 5425 tota
1837 5360 2102 5421 Ecclesia

533 5461 858 5522 commissa
881 5458 980 5531 sit,
1003 5456 1312 5541 pertinere
1336 5454 1464 5517 ullo
1488 5456 1670 5517 modo
1695 5461 1916 5536 potest,
1951 5472 2099 5515 nam

1727 296 1962 349 msrtzT.
2002 296 2085 349 tx.
2120 296 2199 349 DE
2232 297 2546 349 EchEsu.

2175 398 2597 477 unusquisque
2644 396 3105 475 particularium
3156 396 3561 476 episcoporum
3602 418 3694 463 sua

2176 492 2426 553 dioecesi
2452 496 2777 553 contentus
2804 496 2917 565 est,
2950 495 3013 549 et
3042 496 3216 550 extra
3254 489 3425 553 illam
3446 491 3695 569 jurisdic-

2176 586 2407 645 tionem
2464 600 2593 643 non
2636 583 2845 659 habet,
2902 600 3105 661 neque
3150 582 3257 644 illo
3286 602 3360 643 ex
3406 584 3593 645 officio
3618 588 3696 649 iu·
3806 600 3808 661 g

2176 678 2413 739 cnmbit
2462 677 2889 756 praedicatores
2944 675 3266 754 Evangelii
3321 676 3395 737 ad
3444 683 3696 741 externas
3807 742 3808 753 ,

2174 777 2385 853 gentes
2416 772 2679 831 mittere.
2726 770 2899 831 Unde
2944 770 3011 829 in
3052 768 3484 849 sequentibus¹
3522 782 3696 833 osten·
3807 756 3808 829 ἶ

2176 866 2395 927 demus
2417 866 2577 925 hanc
2608 884 2825 927 curam
2854 874 3095 944 semper
3134 864 3321 924 fuisse
3352 864 3417 925 in
3460 882 3579 925 uno
3604 867 3698 927 ali·

2177 977 2300 1040 quo
2328 958 2662 1021 universali
2708 959 2957 1021 Pastore
2996 958 3306 1028 Ecclesias.
3340 958 3471 1019 Huc
3496 960 3698 1021 accedit

2175 1054 2517 1133 oportuisse
2560 1070 2721 1131 saepe
2774 1057 2913 1133 post
2946 1060 3226 1131 tempora
3276 1050 3695 1129 Apostolorum,

2174 1150 2304 1211 imo
2348 1154 2409 1207 et
2453 1165 2618 1209 nunc
2654 1146 2965 1209 interdum
2998 1164 3127 1207 esse
3172 1146 3571 1206 necessarium
3608 1166 3699 1207 no·

2176 1261 2285 1303 vos
2340 1242 2727 1321 episcopatus
2780 1240 3069 1314 condere,
3122 1256 3281 1317 qnos
3320 1244 3525 1299 tamen
3576 1258 3699 1299 con-

2176 1336 2365 1397 dendi
2403 1334 2615 1395 nullus
2660 1334 3040 1413 privatorum
3090 1331 3511 1411 episcoporum
3540 1332 3700 1394 hahet

2170 1429 2622 1491 anctoritatem.
2675 1428 2843 1489 Idem
2882 1431 3325 1504 argumentum
3358 1423 3605 1486 sumitur
3639 1446 3701 1487 ex

2171 1523 2441 1601 ipsorum
2462 1522 2925 1600 episcopatuum
2944 1518 3343 1579 distinctione
3361 1532 3383 1593 3
3412 1516 3541 1596 quis
3558 1519 3700 1581 enim

2171 1616 2507 1693 unicuique
2550 1632 2733 1675 suum
2784 1614 3125 1675 terminum
3182 1611 3615 1689 praescriberet,
3660 1614 3701 1672 si
3807 1690 3808 1693 Ἴ

2172 1728 2299 1771 non
2328 1713 2485 1770 esset
2514 1726 2651 1769 -una
2692 1710 3001 1788 potestas?
3046 1704 3261 1767 Simile
3300 1712 3703 1783 argumentum

2174 1812 2287 1877 est,
2318 1803 2370 1863 si
2393 1820 2555 1863 unus
2596 1802 2981 1881 episcopatus
3019 1818 3165 1861 cum
3212 1799 3505 1879 Episcopo
3547 1818 3581 1857 a
3602 1799 3703 1861 fide
3807 1792 3808 1797 ’

2174 1897 2442 1966 deficiat;
2464 1902 2703 1977 oportet
2722 1894 2889 1958 enim
2910 1902 3135 1975 praesto
3158 1912 3288 1955 esse
3312 1893 3509 1973 quiex
3534 1892 3701 1953 officio

2175 1996 2413 2072 partem
2440 1988 2722 2051 Ecclesiae
2748 1990 3075 2070 collapsam
3108 1994 3439 2059 restauret,
3468 2004 3595 2065 quoe
3621 2004 3703 2046 ra-

2176 2086 2375 2146 tiones
2405 2083 2534 2145 fere
2572 2082 2809 2145 desumi
2836 2089 3091 2161 possunt
3118 2100 3195 2144 ex
3221 2083 3293 2142 D.
3333 2080 3559 2141 Thoma
3582 2097 3703 2139 con-

2178 2184 2273 2239 tra
2311 2178 2559 2250 Gentes,
2592 2195 2728 2255 cap.
2770 2177 2871 2237 ¹16.

2257 2274 2315 2332 6.
2354 2271 2640 2350 object-io.
2672 2306 2753 2315 —
2784 2271 3193 2345 Quorumdam
3234 2268 3471 2331 solutio.
3500 2298 3577 2313 —
3603 2264 3703 2345 Ap-

2178 2369 2303 2431 tior
2358 2364 2599 2429 solutio.
2653 2398 2737 2411 -
2789 2362 3054 2442 Objicies
3122 2369 3335 2423 tamen
3394 2382 3409 2420 ε
3463 2359 3705 2421 Clemens

2177 2462 2363 2541 Papa,
2396 2460 2551 2521 libro
2593 2460 2633 2520 6
2674 2459 2998 2521 constitut.
3046 2456 3543 2537 apostolicarum,
3584 2471 3697 2531 cap.
3807 2454 3808 2459 ’

2180 2556 2291 2630 14,
2318 2560 2382 2616 et
2424 2552 2841 2625 Eleutherius‚
2866 2552 3047 2631 epist.
3094 2550 3175 2611 ad
3220 2548 3543 2628 Episcopus
3586 2546 3703 2607 Gal-

2174 2646 2297 2723 113),
2342 2647 2564 2707 docent
2620 2645 2931 2725 Episcopis
2972 2661 3107 2705 csse
3148 2642 3539 2704 commissam
3586 2640 3703 2699 uni·

2177 2738 2477 2801 vei-salem
2503 2738 2833 2799 Ecclesiam
2856 2753 2875 2813 3
2904 2754 3057 2815 ergo
3078 2734 3417 2813 unicuique
3452 2752 3557 2793 sua
3582 2750 3701 2811 pars

2176 2831 2523 2893 concredita
2550 2837 2662 2893 est.
2710 2830 3099 2909 Respondent
3124 2828 3379 2907 quidam
3408 2832 3587 2886 totam
3610 2826 3699 2885 Ec·

2176 2926 2421 2989 clesiam
2464 2943 2543 2985 cx
2588 2924 2886 2985 charitate
2940 2922 3205 3001 singulis
3250 2920 3553 3001 Episcopis
3596 2934 3699 2977 esse

2176 3021 2589 3094 commissam,
2620 3018 2771 3098 quia
2810 3017 3233 3097 unusquisque
3280 3020 3521 3079 tenetur
3545 3012 3693 3073 totius

2178 3113 2459 3173 Ecclesiae
2492 3112 2751 3185 bonum,
2781 3111 2997 3172 saltem
3026 3128 3103 3171 ex
3138 3110 3461 3181 charitate,
3492 3121 3693 3166 curare.

2178 3208 2267 3266 lta
2288 3206 2606 3281 Turrian.,
2631 3204 2675 3265 l.
2709 3207 2749 3265 2
2775 3203 2849 3265 de
2885 3204 3263 3280 Canonibus,
3300 3220 3437 3282 cap.
3475 3203 3515 3262 9
3538 3206 3593 3258 et
3620 3200 3697 3258 lo.

2176 3298 2537 3380 Respondeo
2569 3305 2782 3359 tamen
2807 3316 3034 3359 munus
3061 3298 3318 3375 quidem
3346 3292 3585 3373 regendi
3606 3292 3698 3350 Ec·
3806 3340 3808 3353 ⁴

2175 3394 2424 3455 clesiam
2472 3410 2603 3455 esse
2630 3393 3027 3455 commissum
3054 3391 3397 3471 Episcopis‚
3444 3405 3563 3447 non
3588 3384 3703 3443 ideo

2174 3494 2387 3549 tamen
2414 3486 2654 3549 excludi
2684 3504 2881 3545 unum
2918 3484 3171 3545 illorum
3200 3488 3409 3563 capnt,
3438 3479 3587 3560 quod
3625 3480 3703 3536 in-

2183 3591 2275 3641 ter
2292 3582 2454 3661 ipsos
2480 3598 2803 3660 supremus
2842 3578 3043 3639 etiam
3058 3578 3387 3658 episcopus
3426 3574 3522 3649 sit,
3562 3574 3703 3631 utin

2179 3672 2579 3754 sequentibus
2608 3670 3024 3735 ostendemuS.

2258 3771 2317 3829 7.
2350 3767 2626 3831 Assertio
2652 3766 2915 3829 secanda
2938 3766 3007 3828 de
3030 3765 3170 3841 fide.
3203 3798 3289 3811 —
3316 3762 3605 3828 Probatur
3626 3756 3702 3817 in-

2178 3861 2361 3925 terim
2396 3862 2779 3924 auctoritate.
2824 3890 2909 3907 --
2946 3858 3089 3919 Dico
3124 3858 3393 3920 secundo
3426 3877 3439 3916 ε
3472 3856 3703 3934 potestas

2179 3954 2545 4016 universalis
2568 3954 2636 4015 in
2666 3959 2859 4015 totam
2890 3951 3112 4011 Christi
3146 3952 3479 4013 Ecclesiam
3522 3962 3621 4025 per
3651 3958 3704 4001 se

2178 4068 2303 4110 non
2332 4048 2559 4109 residet
2593 4048 2658 4108 in
2687 4052 2817 4109 tota
2854 4045 3066 4124 aliqua
3111 4046 3439 4107 hominnm
3480 4052 3705 4115 congre·

2178 4143 2429 4221 gationc
2456 4147 2567 4203 aut
2606 4140 3029 4212 multitudine,
3078 4139 3184 4200 sed
3216 4139 3281 4199 in
3326 4118 3451 4199 uno
3488 4139 3703 4195 tantum

2177 4235 2452 4308 homine,
2485 4234 2645 4314 quod
2666 4240 2759 4296 est
2778 4232 2980 4293 dicere
3008 4233 3297 4293 Ecclesiae·
3308 4232 3576 4311 regimen
3594 4234 3703 4281 esse

2177 4328 2667 4391 monarchicum.
2700 4325 3021 4389 Conclusio
3050 4332 3143 4385 est
3166 4330 3356 4395 certa,
3390 4328 3477 4394 et,
3512 4322 3578 4379 ut
3607 4328 3703 4389 ego

2176 4424 2467 4495 arbitror,
2498 4422 2575 4481 de
2620 4420 2767 4496 fide,
2800 4436 2987 4497 quam
3036 4419 3103 4479 in
3142 4416 3553 4497 sequentibus,
3584 4422 3705 4467 cum

2177 4517 2255 4577 ad
2280 4514 2673 4595 particularia
2696 4510 3161 4586 descendemus.
3190 4530 3269 4573 ex
3296 4508 3548 4591 propriis
3565 4499 3703 4580 prin-

2180 4609 2353 4689 cipiis
2396 4608 2541 4669 fidei
2596 4604 2981 4669 commodius
3038 4605 3465 4683 probabimus;
3518 4608 3705 4674 quam·

2180 4703 2271 4764 vis
2295 4722 2421 4762 non
2445 4703 2644 4765 desint
2672 4703 2882 4781 aliqua
2910 4701 3075 4763 unde
3108 4700 3175 4759 in
3222 4698 3568 4757 uuiversum
3608 4686 3703 4745 11⁰0

2183 4795 2429 4877 probari
2464 4803 2690 4877 posset,
2728 4815 2852 4859 non
2892 4792 3279 4873 designando
3319 4800 3591 4870 personas
3616 4779 3703 4879 Pe·

2176 4892 2260 4950 tri
2312 4895 2374 4951 et
2424 4908 2845 4951 successorum
2892 4890 3070 4969 ejus3
3124 4886 3381 4950 ,loannis
3423 4884 3529 4945 v10:
3576 4872 3702 4935 Erat

2178 5002 2365 5047 anum
2416 4984 2569 5047 ovile
2599 4989 2654 5044 et
2694 5002 2852 5045 unus
2884 4989 3127 5065 pastor.
3172 4980 3331 5059 quod
3380 4972 3703 5058 praedictum

2180 5079 2379 5139 suerat
2428 5076 2646 5139 Ezech.
2696 5080 2770 5139 37
2808 5100 2821 5138 ;
2860 5078 2953 5140 Ec
2990 5083 3202 5154 passm·
3254 5090 3411 5137 unus
3459 5065 3563 5133 erit
3602 5075 3703 5122 ⁰²²⁸·

2183 5176 2351 5235 nium
2384 5192 2579 5235 eorum
2600 5197 2626 5243 ,·
2654 5174 2799 5233 Luc.
2834 5173 2931 5245 12,
2968 5170 3189 5233 Matth.
3223 5170 3337 5231 24:
3372 5164 3516 5241 Qui-5
3548 5156 3705 5261 pylas

2182 5271 2271 5329 est
2306 5267 2506 5345 fidelis
2546 5284 2757 5330 servus
2804 5273 2859 5329 et
2902 5266 3187 5347 prudens,
3228 5280 3397 5344 quem
3424 5242 3703 5323 consutum

2269 5462 2283 5497 ¹
2321 5458 2483 5539 Disp.
2518 5460 2617 5533 ¹0,
2640 5464 2765 5519 sect
2822 5460 2885 5533 Ξ,
2920 5474 3091 5519 num.
3126 5458 3228 5519 Ἡ.
