3900 6217
552 379 673 442 210

555 486 755 548 tendit
782 485 1087 548 rationem
1120 485 1311 548 debiti
1344 487 1522 567 quasi
1558 486 1919 568 personalis,
1947 487 2114 566 quod

555 581 755 659 magis
782 581 1047 659 pertinet
1091 581 1169 644 ad
1214 581 1542 660 justitiam,
1574 581 1678 642 sed
1728 581 2018 656 attendit,
2047 588 2118 642 ut

555 693 713 754 saepe
756 675 911 750 dixi,
946 675 1330 736 honestatem
1356 675 1497 736 talis
1523 675 1824 749 materiae,
1859 694 1998 754 quae
2023 681 2116 736 est

552 768 728 843 fides,
759 777 1065 849 quatenus
1096 787 1203 850 per
1243 789 1307 832 se
1356 777 1448 832 est
1492 781 1973 832 consentaneum
2011 789 2116 830 ra-

553 862 707 924 tioni
732 908 753 938 ,
806 864 953 924 dare
998 881 1313 924 assensum
1362 863 1459 926 his
1504 883 1640 944 quae
1680 870 2115 944 proponuntur

557 955 957 1030 sufficienter,
1000 963 1071 1017 ut
1103 974 1141 1016 a
1182 958 1303 1018 Deo
1335 957 1680 1033 testificata,
1710 974 1849 1037 quae
1894 964 1987 1018 est
2015 977 2112 1018 ra-

553 1049 643 1110 tio
693 1048 972 1110 formalis
998 1051 1243 1111 virtutis
1267 1051 1451 1129 longe
1480 1051 1739 1112 diversa.

632 1143 691 1204 9.
736 1142 868 1205 Alii
903 1143 1112 1206 ‘colunt
1149 1162 1274 1207 esse
1314 1145 1779 1208 studiositatem.
1809 1177 1885 1189 —
1919 1144 2114 1224 Besel-

549 1235 785 1300 luntur.
827 1270 907 1281 —
944 1237 1138 1298 Aliter
1188 1237 1309 1298 dici
1356 1243 1555 1316 potest
1598 1237 1767 1298 hunc
1820 1237 2112 1298 affectum

545 1330 855 1410 pertinere
893 1329 972 1391 ad
1008 1332 1301 1392 virtutem
1335 1331 1763 1407 studiositatis,
1788 1348 1978 1411 quam
2006 1349 2115 1410 po-

545 1426 670 1486 suit
694 1426 763 1485 D.
793 1426 1062 1487 Thomas
1090 1428 1149 1488 2.
1185 1428 1246 1501 Ξ,
1280 1431 1493 1505 quaest.
1530 1427 1668 1487 1116.
1706 1428 1779 1486 Ε1
1805 1427 1971 1486 inter
1993 1425 2116 1485 alia

545 1537 681 1598 quae
722 1517 813 1580 illi
850 1519 1093 1594 tribuit,
1128 1537 1323 1580 unum
1357 1524 1448 1578 est
1480 1518 1638 1580 bene
1668 1518 1992 1598 disponere
2023 1517 2112 1578 al*-

541 1610 776 1672 fectum
834 1612 913 1672 ad
968 1618 1131 1672 recte
1178 1612 1558 1672 movendum
1603 1612 1984 1672 intellectum
2025 1609 2106 1671 ad

546 1703 946 1781 credendum,
977 1711 1047 1765 ut
1072 1706 1420 1785 specialiter
1444 1705 1595 1766 dicit
1632 1706 1807 1765 artic.
1838 1706 1901 1778 2,
1936 1704 2014 1765 ad
2045 1704 2106 1764 3.

546 1798 698 1862 Cum
746 1817 893 1880 ergo
940 1798 1045 1860 1116
1089 1799 1339 1860 habitus
1366 1799 1525 1860 bene
1566 1799 1852 1879 disponat
1894 1798 2114 1858 volun-

540 1897 735 1953 tatem
754 1893 835 1952 ad
861 1893 1232 1954 movendum
1259 1889 1645 1954 intellectum
1687 1900 1849 1954 recte
1878 1887 1942 1953 in
1975 1910 2107 1952 ma-

540 1986 697 2046 teria
726 1985 895 2060 fidei,
924 1987 1167 2048 videtur
1208 1987 1501 2046 constitui
1543 1987 1660 2046 sub
1692 1986 2106 2061 studiositate‚

542 2081 786 2142 ethunc
814 2079 1056 2141 dicendi
1080 2080 1331 2141 modum
1362 2081 1633 2160 amplexi
1660 2086 1804 2141 sunt
1836 2079 2111 2152 Valent„

542 2179 697 2234 tom.
732 2175 791 2250 3,
814 2171 1188 2253 disputatli,
1222 2180 1438 2253 quaest.
1478 2179 1534 2249 1,
1564 2179 1779 2253 punct.
1818 2175 1877 2250 4,
1910 2174 1944 2252 ἓ
1981 2173 2113 2236 Sic-

542 2283 613 2328 no
640 2267 816 2343 fides,
838 2267 1049 2328 versic.
1072 2265 1174 2332 Ad
1195 2268 1466 2340 tertium,
1487 2273 1549 2328 et
1570 2272 1786 2346 quaest.
1810 2269 1871 2342 4,
1893 2272 2106 2346 punct.

526 2359 621 2430 ,23
659 2360 854 2432 Salas,
888 2363 943 2422 1.
988 2361 1050 2433 2,
1075 2367 1229 2421 tom.
1274 2362 1314 2421 2
1342 2405 1361 2434 ,
1391 2366 1572 2422 tract.
1615 2364 1724 2436 11,
1775 2361 2009 2439 disput.
2049 2361 2110 2436 6,

542 2459 689 2512 sect.
718 2453 783 2528 6,
814 2452 879 2512 in
929 2452 1101 2525 fine3
1151 2460 1213 2514 et
1262 2453 1369 2514 alii
1422 2454 1819 2514 recentiores.
1861 2454 1927 2514 Si
1973 2453 2114 2532 quis

546 2552 754 2604 autem
796 2551 1030 2606 attente
1065 2545 1412 2608 consideret
1445 2546 1755 2624 objectum
1785 2544 1954 2606 illius
1987 2547 2107 2605 vir-

540 2639 711 2706 tutis,
738 2647 799 2698 et
822 2639 1126 2699 rationem
1160 2639 1432 2718 ponendi
1458 2638 1657 2712 illam,
1676 2637 1853 2698 facile
1873 2636 2094 2699 intelli-

541 2738 645 2808 get
662 2730 849 2806 lianc,
874 2731 949 2792 de
978 2749 1101 2810 qua
1124 2739 1480 2807 tractamus,
1514 2749 1643 2792 esse
1666 2732 1947 2792 a12iorem
1979 2732 2102 2792 vir-

542 2829 785 2896 tutem;
822 2841 969 2883 nam
1012 2823 1369 2884 studiositas
1410 2825 1609 2904 posita
1648 2830 1739 2885 est
1768 2825 1847 2884 ad
1898 2825 2104 2886 mode-

543 2915 810 2976 randum
842 2915 1133 2976 affectum
1180 2917 1345 2980 inter
1388 2917 1651 2978 nimiam
1690 2917 2109 2978 curiositatem

545 3015 609 3070 et
682 3007 1127 3087 negligentiam
1179 3027 1289 3072 seu
1343 3011 1696 3071 tarditatem
1763 3013 1831 3071 in
1886 3010 2110 3072 affectu

547 3101 781 3162 sciendi
817 3107 878 3162 et
906 3102 1313 3181 cognoscendi
1340 3121 1437 3164 res
1463 3121 1658 3164 veras.
1690 3103 1867 3164 Unde
1904 3103 1984 3164 ad
2034 3104 2111 3163 il-

544 3193 670 3256 lam
714 3196 911 3273 magis
966 3197 1235 3276 pertinet
1285 3213 1533 3258 movere
1597 3198 1984 3259 intellectum
2029 3197 2106 3260 ad

545 3289 908 3349 exercitium
954 3290 1309 3370 inquirendi
1335 3297 1395 3352 et
1422 3290 1735 3366 studendi,
1763 3308 1948 3370 quam
1981 3307 2110 3351 mo·

548 3399 693 3442 vere
744 3382 822 3442 ad
865 3383 1387 3462 specificationem
1416 3390 1478 3445 et
1525 3383 2110 3445 determinationem

548 3479 719 3534 actus
762 3477 829 3535 in
859 3477 1276 3539 assentiendo,
1310 3477 1456 3538 Hoec
1492 3483 1699 3538 autem
1730 3477 1927 3536 virtus
1963 3475 2112 3537 fidei

546 3566 971 3648 principaliter
1016 3571 1271 3648 ponitur
1298 3570 1378 3630 ad
1423 3569 1801 3632 movendum
1838 3569 2112 3630 intellec-

545 3666 681 3722 tum
730 3663 933 3739 quoad
970 3661 1489 3742 specificationem
1534 3669 1599 3724 et
1648 3662 2110 3724 determinatio-

546 3772 693 3814 nem
714 3771 1024 3832 assensns3
1055 3774 1203 3835 ergo
1230 3763 1323 3818 est
1356 3757 1554 3818 virtus
1580 3757 1870 3818 distincta
1894 3772 1915 3834 3
1942 3756 2109 3836 quod

546 3847 897 3909 declaratur
923 3867 960 3909 a
988 3851 1318 3926 contrari0,
1344 3867 1493 3912 nam
1516 3856 1837 3930 peccatum
1862 3849 2112 3911 hoeresis

552 3945 643 4002 est
673 3941 989 4002 moraliter
1028 3945 1413 4004 contrarium
1439 3943 1587 4026 111116
1612 3943 1851 4020 virtuti,
1882 3949 1941 4005 61
1981 3961 2109 4004 11611

548 4039 748 4112 potest
786 4035 1031 4114 proprie
1077 4035 1200 4096 dici
1254 4037 1636 4098 contrarium
1686 4036 2105 4112 studiositati,

550 4126 701 4204 quia
725 4145 853 4187 non
886 4133 977 4188 est
1008 4129 1226 4189 vitium
1250 4129 1621 4191 curiositatis
1641 4135 1751 4190 aut
1784 4129 2108 4209 negligen-

548 4221 675 4294 tiae,
708 4221 813 4282 sed
856 4227 948 4282 est
975 4221 1205 4282 duritia
1232 4228 1294 4283 et
1314 4223 1658 4303 pertinacia
1690 4223 1889 4284 cordis
1905 4245 1925 4298 3
1959 4241 2108 4302 ergo

550 4313 751 4374 virtus
790 4313 921 4374 haec
949 4314 1207 4376 diversae
1244 4315 1500 4376 rationis
1528 4321 1618 4376 est
1647 4315 1726 4377 ab
1754 4315 2108 4376 studiosita-

550 4413 631 4470 te.
666 4405 841 4469 Unde
876 4408 1010 4469 haec
1037 4411 1225 4470 etiam
1253 4409 1449 4470 virtus
1476 4409 1734 4470 inclinat
1754 4427 1885 4470 non
1904 4408 2106 4470 solum

555 4503 633 4564 ad
684 4505 1002 4565 internum
1046 4521 1402 4586 assensum,
1446 4504 1551 4566 sed
1601 4505 1791 4566 etia-m
1832 4503 1913 4564 ad
1962 4503 2108 4565 fidei

550 4595 1017 4672 confessionem,
1048 4597 1213 4678 quod
1242 4598 1320 4660 ad
1340 4597 1941 4678 studiositatem-non
1969 4615 2106 4676 per-

548 4689 727 4750 tinet.

637 4783 731 4843 10.
763 4779 1039 4847 Assertio
1066 4788 1309 4866 quarta,
1336 4789 1611 4847 statuens
1654 4801 1780 4847 esse
1820 4783 2110 4848 virtutem

548 4876 834 4940 moralem
868 4876 941 4938 ab
983 4878 1252 4940 omnibus
1282 4878 1428 4939 aliis
1465 4876 1835 4941 distinctam.
1870 4909 1952 4925 -
1985 4878 2109 4952 Quo

544 4973 781 5032 nomine
800 4973 1087 5036 censenda
1112 4973 1237 5035 koec
1250 4969 1702 5034 νίψαι-13166
1716 4989 1863 5050 ergo
1886 4979 2108 5052 quarto

543 5071 605 5124 et
650 5064 894 5140 ultimO,
925 5063 1089 5124 hanc
1128 5081 1256 5126 esse
1284 5062 1605 5144 specialem
1641 5066 1939 5126 virtutem
1977 5083 2109 5127 mo—

543 5157 761 5232 ralem,
792 5157 873 5218 611
895 5157 1031 5218 aliis
1060 5157 1433 5219 distinctam.
1468 5157 1613 5217 Haec
1660 5160 1916 5219 assertio
1963 5177 2108 5220 con-

544 5249 812 5311 cluditur
838 5269 916 5311 ex
943 5251 1143 5327 dictis,
1186 5252 1361 5330 quasi
1388 5268 1500 5330 per
1523 5251 1923 5313 sufficientem
1950 5271 2106 5314 enu-

543 5345 967 5420 merationem,
1002 5343 1148 5424 quia
1175 5343 1308 5406 haec
1336 5346 1535 5405 virtus
1558 5361 1687 5404 non
1716 5351 1807 5406 est
1844 5345 2104 5406 Theolo-

541 5437 722 5514 galis,
771 5455 974 5516 neque
1021 5440 1376 5500 continetur
1418 5439 1533 5498 sub
1562 5437 1699 5500 aliis
1742 5439 2102 5516 moralibus,

539 5532 685 5610 quia
714 5531 1079 5592 exclusimus
1119 5532 1255 5594 illas
1294 5531 1375 5594 ad
1411 5548 1563 5608 quas
1592 5531 1864 5594 maxime
1890 5533 2106 5596 reduci

1188 385 1427 440 msrtrr.
1458 385 1563 440 vn.
1600 386 1681 440 DE
1713 386 1986 440 viarum
2017 386 2182 446 Flnssl
2211 388 2512 452 QUANTUM
2543 391 2626 446 An
2659 391 2926 444 marrus
2957 391 3116 444 EJUS.

2195 498 2428 570 posset3
2464 511 2612 572 ergo
2640 503 2731 554 est
2755 491 3056 572 specialis.
3089 490 3322 554 Deinde
3343 489 3646 571 probatur
3663 506 3761 550 ra-

2197 586 2365 646 tione
2407 604 2444 646 a
2470 587 2661 666 priori
2689 605 2766 650 ex
2787 585 3028 664 objecto
3055 603 3190 659 suo,
3221 585 3370 664 quia
3411 583 3670 663 respicit
3696 582 3764 642 111

2194 678 2300 740 1116
2345 681 2674 759 specialem
2718 680 3105 740 honestatem
3151 679 3231 738 ad
3281 679 3522 740 nullam
3575 676 3764 738 aliam

2196 773 2488 834 virtutem
2526 773 2978 853 pertinentem3
3020 772 3212 834 vincit
3257 771 3444 834 etiam
3495 770 3771 851 peculia·

2198 885 2332 928 rem
2373 868 2792 930 difficultatem
2833 885 2969 946 quae
3009 872 3100 928 est
3132 866 3200 926 in
3253 865 3561 928 credendo
3603 865 3768 927 sicut

2199 967 2426 1040 oportet
2434 985 2462 1032 ,·
2482 979 2628 1040 ergo
2652 966 2742 1021 est
2761 957 3132 1039 speciali5‚et
3159 959 3246 1018 ita
3265 958 3644 1037 explicatum
3663 963 3760 1018 est

2199 1056 2374 1133 cujus
2401 1055 2674 1116 essentiae
2700 1060 2762 1116 et
2791 1053 3014 1133 speciei
3044 1052 3179 1114 haec
3205 1052 3400 1114 virtus
3432 1052 3500 1111 in
3523 1069 3596 1112 re
3629 1050 3764 1129 ipsa

2202 1148 2300 1208 sit.
2337 1149 2402 1208 Si
2427 1155 2637 1210 autem
2667 1154 2983 1227 quaeratur
3018 1145 3184 1225 quod
3231 1163 3460 1206 nomen
3505 1143 3760 1218 habeat,

2197 1247 2435 1302 nonest
2471 1241 2537 1302 in
2559 1259 2631 1302 eo
2673 1239 2942 1302 multum
2991 1239 3450 1300 immutandum
3485 1259 3502 1297 :
3535 1255 3762 1297 conve-

2193 1335 2437 1396 nienter
2463 1341 2672 1396 autem
2700 1340 2764 1396 et
2787 1337 3204 1394 consentanee
3248 1331 3327 1392 ad
3353 1347 3764 1392 communem

2194 1447 2381 1489 usum
2424 1434 2624 1500 potest
2669 1445 2780 1507 per
2811 1425 3309 1488 antonomasiam
3353 1425 3475 1484 dici
3519 1425 3768 1486 habitus

2189 1521 2316 1602 pioe
2340 1519 2676 1602 affectionis
2707 1519 3062 1593 voluntatis,
3091 1519 3304 1597 utique
3341 1517 3421 1578 ad
3449 1533 3547 1578 res
3589 1515 3768 1578 fidei.

2195 1615 2403 1692 Aliqui
2431 1615 2620 1676 etiam
2647 1613 2818 1674 illam
2855 1617 3081 1673 vocant
3109 1611 3440 1690 specialem
3471 1609 3776 1670 obedien-

2195 1709 2347 1769 tiam
2370 1708 2445 1767 6ι1
2476 1707 2890 1768 credendum:
2913 1705 3080 1785 quod
3107 1721 3256 1765 sano
3281 1705 3468 1764 modo
3485 1701 3774 1764 intellec-

2197 1807 2330 1862 tum
2359 1805 2552 1881 potest
2571 1800 2838 1873 admitti,
2871 1800 2958 1861 ita
2982 1805 3054 1858 ut
3075 1817 3203 1858 non
3223 1796 3611 1876 intelligatur
3629 1796 3768 1856 for-

2197 1892 2444 1954 maliter
2465 1895 2542 1954 de
2563 1893 2916 1954 obedientia
2942 1892 3018 1952 ad
3049 1892 3266 1966 Deum,
3297 1897 3367 1950 111
3397 1890 3766 1968 proecipien-

2195 1993 2346 2062 tem,
2367 1987 2474 2048 sed
2496 1987 2574 2048 de
2591 1986 2969 2066 subjectione
3005 1991 3065 2046 61
3091 1983 3386 2063 obsequio
3407 1983 3766 2044 intellectus

2194 2082 2272 2141 ad
2287 2081 2502 2156 Deum,
2541 2085 2611 2140 ut
2636 2079 3090 2142 testificantem.
3127 2077 3306 2138 Unde
3341 2083 3536 2156 potest
3565 2076 3764 2137 etiam

2195 2176 2633 2236 convenienter
2663 2173 2962 2252 appellari
2984 2218 3004 2247 ,
3051 2171 3249 2236 virtue
3293 2175 3617 2249 capt-'tans
3641 2215 3656 2242 ‚
3707 2175 3768 2232 et

2195 2275 2354 2332 recte
2382 2286 2620 2331 movens
2647 2267 3020 2332 intellectum
3046 2264 3114 2327 iu
3151 2264 3486 2345 obsequium
3519 2263 3660 2334 Dei,
3697 2270 3772 2324 ut

2195 2362 2440 2422 videtur
2458 2361 2715 2421 sensisse
2767 2361 2836 2420 D.
2857 2359 3150 2434 Thomas,
3179 2361 3218 2419 3
3244 2364 3400 2437 part.
3407 2401 3428 2433 ,
3453 2364 3673 2435 quaest.
3699 2358 3768 2431 Ἰ,

2196 2455 2370 2516 artic.
2415 2456 2478 2524 2,
2509 2453 2588 2514 ad
2611 2453 2976 2514 secundum.
3013 2452 3290 2530 Denique
3327 2450 3380 2510 si
3419 2447 3562 2530 quis
3609 2448 3772 2509 velit

2195 2545 2370 2608 illam
2399 2547 2849 2607 studiositatem
2875 2561 3114 2620 vorare,
3143 2543 3260 2604 sub
3277 2542 3383 2602 illa
3417 2559 3564 2604 voce
3591 2559 3772 2602 eom-

2196 2639 2585 2719 prehendens
2617 2657 2866 2700 omnem
2905 2640 3197 2698 virtutem
3228 2635 3562 2696 voluntatis
3598 2637 3772 2692 recte

2198 2739 2549 2794 moventem
2587 2731 2967 2792 intellectum
3003 2730 3086 2791 ad
3127 2746 3308 2790 usum
3349 2725 3772 2805 cognoscendi

2193 2825 2288 2886 vel
2319 2826 2719 2900 assentiendi,
2769 2843 2896 2886 non
2935 2832 3028 2884 est
3067 2839 3210 2884 cum
3249 2821 3355 2882 illo
3393 2820 3468 2881 de
3499 2819 3768 2880 nomine

2193 2917 2717 2994 contendendum,
2742 2917 3080 2978 dummodo
3103 2934 3228 2976 non
3257 2921 3440 2992 neget
3467 2931 3602 2975 esse
3625 2931 3770 2992 spe-

2192 3012 2410 3073 cialem
2456 3013 2750 3072 virtutem
2793 3010 3106 3084 infusam,
3155 3018 3217 3069 et
3255 3007 3592 3070 habentem
3619 3023 3768 3083 pro-

2191 3105 2394 3185 priam
2434 3105 2859 3166 excellentiam
2886 3106 2954 3165 in
2985 3103 3092 3164 illo
3121 3118 3365 3181 genere.

2274 3201 2374 3258 11.
2399 3199 2708 3262 Praedicta
2729 3195 2925 3261 virtus
2945 3215 3066 3259 uon
3097 3201 3276 3279 611961
3299 3209 3615 3258 numerum
3641 3193 3772 3254 tir-

2193 3297 2394 3357 tutum
2423 3293 2897 3372 Theoloyalium.
2947 3323 3028 3338 —
3073 3291 3198 3374 Est
3228 3287 3554 3371 poli-ssione
3592 3287 3768 3350 incer

2187 3386 2470 3452 morales.
2497 3419 2579 3432 —-
2603 3384 2815 3446 Solum
2858 3389 3057 3465 potest
3102 3390 3313 3444 contra
3355 3381 3516 3442 hanc
3559 3379 3776 3440 virtu·

2188 3487 2318 3540 tem
2342 3478 2550 3558 objici,
2577 3479 2725 3558 quia
2749 3479 3029 3558 sequitur
3047 3495 3173 3538 non
3197 3493 3328 3538 esse
3355 3481 3606 3536 tantum
3630 3479 3768 3534 tres

2187 3573 2440 3634 habitus
2461 3574 2525 3634 in
2566 3572 2898 3635 virtutihus
2939 3569 3436 3650 Theologalibus,
3471 3568 3576 3630 sed
3605 3585 3774 3647 qua-

2191 3673 2356 3742 tuor,
2390 3665 2555 3746 quod
2599 3665 2847 3728 videtur
2875 3683 3223 3746 repugnare
3251 3663 3440 3725 Paulo
3476 3660 3718 3722 dicenti
3749 3679 3770 3722 2

2189 3759 2378 3828 Nunc
2415 3765 2612 3824 autem
2655 3765 2901 3824 manent
2935 3759 3062 3824 tria
3097 3759 3243 3833 laec,
3293 3761 3323 3820 1
3359 3755 3438 3818 ad
3465 3755 3606 3817 Cor.
3635 3757 3718 3815 13
3737 3769 3761 3829 3

2186 3853 2530 3934 respondeo
2549 3853 2942 3916 concedendo
2961 3871 3091 3914 esse
3108 3859 3376 3932 quatuor
3391 3849 3667 3922 habitus,
3685 3848 3764 3908 in

2188 3947 2312 4007 illis
2339 3953 2552 4008 tamen
2577 3953 2820 4008 tantum
2843 3964 2974 4008 esse
2991 3952 3116 4008 tres
3137 3946 3394 4008 virtutes
3409 3941 3768 4032 Theologu-

2185 4040 2298 4116 leS,
2329 4041 2406 4101 de
2449 4040 2676 4120 quibus
2715 4039 2958 4100 locutus
2997 4046 3090 4100 est
3133 4037 3359 4100 Paulus
3377 4057 3396 4112 3
3445 4053 3598 4098 nam
3647 4035 3766 4095 1116

2187 4133 2438 4194 habitus
2481 4151 2612 4194 non
2647 4137 2738 4194 est
2778 4133 2972 4192 virtus
3000 4131 3413 4209 Theologalis,
3445 4135 3516 4190 ut
3545 4127 3768 4188 decla-

2185 4228 2339 4289 ravi.
2372 4227 2550 4303 Addo
2573 4228 2762 4288 etiam
2787 4225 2996 4295 fidem,
3023 4231 3095 4286 ut
3121 4225 3270 4286 dicit
3290 4225 3582 4286 virtutem
3613 4239 3772 4301 per-

2187 4321 2490 4382 tinentem
2519 4320 2594 4382 ad
2625 4337 2821 4398 genus
2847 4321 3063 4391 moris,
3105 4318 3220 4380 sub
3245 4335 3370 4398 quo
3407 4317 3598 4378 etiam
3627 4315 3770 4376 vir-

2184 4420 2346 4475 tutes
2381 4412 2782 4492 Theologales
2823 4413 3452 4491 comprehenduntur,
3495 4411 3585 4472 sic
3613 4416 3768 4470 tan·-

2183 4513 2320 4568 tum
2349 4524 2477 4568 esse
2500 4524 2694 4567 unam
2719 4505 3012 4568 virtutem
3037 4505 3212 4585 quasi
3243 4502 3562 4566 moraliter
3583 4519 3770 4562 eom-

2183 4601 2450 4680 positam
2478 4618 2556 4660 ex
2585 4599 2804 4661 habitu
2847 4598 3208 4672 voluntatis,
3249 4603 3310 4660 et
3350 4595 3710 4658 intellectus
3733 4612 3762 4673 3

2184 4710 2334 4754 nam
2363 4693 2522 4753 sicut
2561 4700 2734 4754 actus
2759 4692 3054 4753 credendi
3083 4703 3174 4753 ast
3217 4689 3532 4752 moraliter
3558 4705 3762 4762 unus,

2185 4785 2330 4850 licet
2362 4787 2734 4866 compositus
2757 4804 2834 4848 ex
2861 4785 3086 4846 affectu
3105 4791 3168 4848 et
3188 4802 3466 4859 assensu,
3491 4788 3553 4843 et
3578 4781 3648 4842 in
3675 4799 3766 4842 eo

2185 4885 2430 4941 tantum
2449 4889 2543 4940 est
2564 4897 2692 4941 una
2711 4879 2964 4940 moralis
2981 4879 3224 4940 bonitas
3251 4885 3316 4940 et
3341 4873 3618 4938 formalis
3639 4873 3767 4936 ho-

2185 4985 2415 5048 1165163,
2439 4974 2596 5033 sicut
2617 4971 2808 5034 etiam
2827 4977 2921 5034 est
2943 4989 3071 5032 una
3096 4977 3342 5032 tantum
3365 4968 3640 5041 libertas,
3665 4969 3766 5030 ita

2187 5066 2375 5128 etiam
2402 5083 2482 5126 ex
2509 5065 2742 5145 duplici
2771 5064 2992 5125 habitu
3018 5064 3366 5126 intellectus
3383 5068 3446 5124 61
3465 5061 3766 5122 volunta·

2187 5160 2288 5232 tis,
2319 5176 2448 5220 una
2485 5159 2684 5218 virtus
2721 5157 3082 5238 simpliciter
3108 5155 3541 5231 constituitur3
3573 5161 3636 5215 et
3663 5155 3768 5216 ita

2189 5253 2377 5314 etiam
2409 5251 2527 5312 hoc
2551 5252 2739 5312 modo
2766 5257 2830 5312 et
2863 5252 3104 5314 ratione
3127 5248 3527 5328 Theologales
3555 5247 3770 5310 virtu-

2192 5351 2281 5407 tes
2307 5345 2496 5406 etiam
2521 5345 2588 5406 in
2614 5361 2839 5423 genere
2881 5345 3071 5406 moris
3111 5350 3238 5406 tres
3281 5349 3530 5404 tantum
3575 5347 3764 5410 sunt.

2191 5437 2364 5500 Unde
2417 5439 2608 5500 etiam
2659 5437 2860 5499 obiter
2911 5436 3179 5517 intelligi
3221 5443 3425 5518 potest
3465 5435 3770 5500 habitum

2188 5531 2355 5594 hunc
2376 5533 2494 5613 piae
2520 5531 2887 5610 affectionis,
2912 5533 3076 5594 inter
3101 5533 3364 5596 virtutes
3389 5536 3527 5610 post
3551 5529 3770 5592 Theo·
