3900 6217
525 362 645 427 298

525 477 690 547 rent,
717 476 782 533 et
796 470 1147 532 universam
1171 469 1502 531 Ecclesiam
1528 468 1900 549 obligarent,
1923 470 2089 550 quod

529 571 622 626 est
663 564 984 644 proprium
1023 562 1388 625 universalis
1433 564 1734 643 pastoris;
1775 564 1838 625 id
1880 570 2091 625 autem

531 664 701 737 patet
751 677 828 719 ex
871 657 1109 719 Gelasio
1131 702 1151 733 ,
1199 657 1456 737 epistola
1501 659 1705 739 prima
1729 702 1749 734 ,
1799 657 2085 719 dicente:

537 752 896 815 Conveniens
917 756 1010 815 est
1034 755 1317 815 attotam
1341 770 1554 832 corpus
1579 751 1878 815 Ecclesioe
1891 752 1960 813 in
1979 752 2091 813 hac

532 842 928 909 observatione
958 845 1194 907 sibimet
1230 847 1556 919 concordet,
1601 863 1781 926 quam
1815 843 1882 907 in
1915 844 2094 909 Petri

531 940 663 1003 sede
697 939 894 1021 viqere
921 938 1218 1019 conspicit
1238 963 1264 1011 ,·
1293 939 1396 1003 abi
1425 938 1722 1003 Dominus
1751 938 1936 1003 totius
1967 940 2095 1003 Ec-

533 1032 730 1096 clesia?
747 1031 955 1113 posuit
979 1030 1420 1115 principatum.
1449 1032 1618 1093 Idem
1646 1031 1828 1111 plane
1857 1038 2096 1093 constat

532 1144 609 1187 ex
640 1124 927 1185 omnibus
955 1123 1226 1204 epistolis
1261 1122 1667 1185 decretalibus
1695 1124 2092 1203 antiquorum

533 1216 931 1297 Pontificum;
983 1235 1154 1293 nam,
1202 1223 1274 1277 ut
1321 1217 1588 1280 Isidorus
1633 1218 1904 1293 notavit,
1947 1234 2089 1277 cnm

531 1319 680 1374 ante
719 1310 1192 1375 Constantinum
1230 1326 1358 1373 non
1391 1316 1659 1393 possent,
1697 1318 1950 1392 propter
1986 1317 2091 1391 ty-

531 1423 784 1480 raanS,
831 1404 1100 1467 Concilia
1141 1403 1461 1479 celebrari,
1503 1404 1826 1465 Pontifices
1862 1405 2093 1465 summi

531 1517 642 1579 per
685 1497 972 1577 epistolas
1029 1498 1357 1560 decretales
1405 1498 1742 1561 Ecclesiam
1785 1496 2095 1575 guberna-

530 1592 718 1654 bant:
751 1591 916 1670 quod
953 1596 1122 1672 patet
1155 1610 1230 1653 ex
1262 1589 1518 1671 epistola
1551 1591 1845 1653 Clement.
1883 1591 2088 1667 tertia,

530 1685 812 1747 Anaclet.
867 1685 1090 1765 prima,
1139 1684 1435 1746 Alexand.
1491 1685 1569 1746 ad
1614 1701 1829 1744 omnes
1881 1683 2089 1745 ortho-

531 1778 747 1855 doxoS,
765 1778 859 1839 Pii
883 1779 908 1839 I
929 1785 993 1839 et
1009 1783 1401 1840 caeterorum:
1435 1778 1569 1853 Vos,
1592 1777 1820 1857 inquit,
1835 1776 2091 1859 Aposto-

531 1872 653 1937 liea
690 1874 1048 1939 auctoritate
1073 1873 1462 1947 instruimus,
1498 1879 1612 1935 etc.
1652 1869 1822 1933 Idem
1853 1878 2093 1934 constat

533 1987 608 2030 ex
637 1968 774 2029 aliis
807 1966 1080 2048 epistolis
1109 1966 1318 2027 Calisti
1333 2012 1354 2042 ,
1385 1966 1815 2046 Thelesphori,
1851 1973 1914 2027 et
1939 1966 2089 2027 alio-

531 2080 671 2125 rum
697 2080 852 2141 quos
880 2078 1067 2141 supra
1090 2059 1437 2136 citavimus»,
1471 2078 1610 2140 quae
1636 2060 1863 2139 partim
1892 2060 1961 2121 in
1985 2060 2091 2122 de-

533 2155 714 2217 cretis
735 2154 1010 2217 Gratiani
1028 2159 1091 2215 et
1113 2153 1402 2215 Brucardi
1423 2154 1838 2214 continentur.
1865 2154 1948 2215 De
1969 2172 2091 2233 qua

531 2264 599 2308 re
618 2246 760 2307 vide
781 2244 1114 2309 Concilium
1141 2247 1492 2309 Romanum
1515 2246 1629 2307 sub
1650 2246 1885 2307 Hilario
1904 2264 2087 2327 papa,

531 2340 714 2419 capit.
744 2338 953 2415 Nulli,
984 2338 1557 2419 vigesimo-quinto,
1591 2339 1930 2419 quaestione
1959 2340 2088 2420 pri-

531 2451 656 2509 ma,
691 2438 754 2497 at
793 2433 978 2512 capit.
1027 2432 1426 2506 Generaliter,
1473 2452 1552 2495 ex
1593 2428 1866 2495 Adriano
1902 2452 2089 2513 papa,

529 2533 592 2588 et
623 2526 808 2606 capit.
855 2525 1092 2604 Omnia,
1123 2544 1201 2589 ex
1231 2528 1490 2588 Damaso
1517 2527 1773 2603 ibidem,
1809 2532 1872 2587 et
1897 2527 2083 2607 capit.

528 2619 976 2695 Institutionis,
1025 2639 1098 2681 ex
1145 2620 1441 2699 Gregorio
1446 2666 1466 2697 ‚
1513 2620 1808 2699 vigesimo
1844 2621 2086 2701 quinto,

527 2713 864 2791 quaestione
882 2712 1174 2787 secunda,
1193 2718 1256 2773 et
1273 2732 1404 2793 cap.
1429 2712 1509 2777 Si
1521 2714 1957 2789 Romanorum,
1972 2715 2091 2775 dis-

525 2806 820 2867 tinctione
852 2806 1092 2867 decima
1128 2824 1318 2883 nona,
1359 2825 1436 2867 ex
1471 2806 1718 2869 Nicolao
1747 2825 1925 2887 papa.
1974 2809 2091 2868 Ex·

523 2903 661 2960 tant
693 2904 988 2979 praeterea
1025 2900 1100 2961 dc
1135 2900 1253 2962 hac
1279 2918 1349 2961 re
1378 2901 1717 2962 multarum
1747 2901 2090 2979 provincia-

524 2991 681 3052 lium
711 2992 1106 3072 Synodorum
1133 2993 1518 3068 testimonia,
1551 3013 1688 3073 quae
1718 2992 2090 3055 Pontificum

525 3084 946 3145 Romanorum
991 3090 1220 3147 statuta
1269 3087 1634 3165 suscipiunt,
1683 3093 1746 3148 et
1786 3087 1909 3147 illis
1948 3086 2091 3148 obe-

525 3176 824 3237 dientiam
865 3184 1194 3257 praestant:
1241 3178 1671 3241 Bracharensis
1702 3182 1762 3255 1,
1801 3197 1933 3259 cap.
1970 3180 2087 3253 18;

525 3269 802 3331 Toletani
848 3270 1038 3346 tertii,
1081 3289 1216 3350 cap.
1261 3272 1464 3352 primo
1484 3288 1504 3349 ;
1535 3271 1818 3334 Toletani
1861 3271 2088 3352 quarti,

525 3382 657 3443 cap.
694 3366 770 3425 16
785 3387 802 3440 ;
821 3364 1196 3444 Hispalensis
1221 3367 1498 3442 secundi,
1529 3384 1764 3429 canone
1785 3366 2088 3443 secund03

525 3456 992 3533 Triburicensis,
1023 3476 1154 3538 cap.
1189 3460 1293 3533 30,
1322 3458 1584 3520 habetur
1611 3478 1741 3539 cap.
1771 3461 1856 3523 In
1874 3476 2091 3521 memo-

523 3550 706 3625 riam,
757 3551 1147 3613 distinctione
1189 3555 1288 3628 19,
1339 3551 1706 3614 ubidicitur
1749 3552 1936 3613 fuisse
1976 3550 2091 3613 sub

526 3644 784 3721 Carolo;
834 3644 1200 3716 Brucardus,
1230 3664 1376 3707 vero
1426 3645 1587 3707 libro
1625 3647 1850 3726 primo,
1897 3648 2085 3727 capit.

524 3739 668 3809 220,
699 3736 812 3797 sub
837 3737 1156 3817 Arnolpho
1186 3738 1420 3817 refert3
1452 3740 1852 3801 Turionensis
1875 3758 2091 3801 secun-

527 3827 614 3903 di,
663 3848 795 3909 cap.
833 3834 906 3892 21
934 3852 953 3906 3
991 3830 1058 3891 in
1087 3831 1272 3892 tomis
1298 3850 1445 3893 vero
1467 3832 1878 3893 Conciliorum
1907 3850 2087 3894 excu-

465 3962 478 3971 -
526 3922 609 3981 sis
640 3923 859 3983 Venet.
893 3942 1059 3985 anno
1094 3925 1274 4001 1585,
1306 3924 1531 3986 dicitur
1563 3925 1867 3987 Turonica
1889 3926 2090 4005 Syno-

525 4012 680 4092 dus;
717 4014 1084 4092 Agatheae„
1122 4036 1254 4095 cap.
1288 4020 1328 4079 9
1345 4032 1364 4095 3
1398 4017 1619 4079 citatur
1660 4035 1793 4096 cap.
1827 4018 2090 4097 Presby-

527 4112 652 4182 ter,
692 4108 1082 4169 distinctione
1127 4110 1242 4185 82,
1285 4128 1363 4171 ex
1402 4110 1675 4171 Concilio
1717 4111 2082 4189 Gangrensi‚

525 4200 690 4279 quod
720 4207 930 4261 tamen
958 4202 1025 4261 in
1059 4220 1132 4263 eo
1164 4221 1288 4262 non
1314 4203 1672 4278 invenitur3
1702 4202 1988 4282 Carthag-
2022 4205 2086 4278 3,

525 4310 746 4355 canon.
776 4296 834 4356 1.
865 4295 943 4354 Et
962 4293 1158 4355 multa
1180 4295 1302 4356 alia
1321 4295 1632 4357 habentur
1651 4296 1726 4355 sle
1743 4294 1859 4356 hac
1879 4314 1946 4355 re
1967 4296 2087 4355 dis-

523 4386 820 4447 tinctione
854 4388 1093 4447 decima
1121 4406 1286 4449 nona
1314 4390 1566 4450 decreti.
1615 4392 1702 4450 Ex
1733 4390 1957 4469 quibus
1988 4389 2088 4449 in-

523 4477 824 4557 telligitur
851 4498 1039 4559 quam
1081 4498 1339 4542 erronea
1374 4484 1453 4543 sit
1490 4482 1920 4543 haereticorum
1956 4500 2090 4543 sen·

523 4573 722 4633 tentia
753 4576 1113 4652 negantium
1143 4574 1540 4637 Pontificibus
1561 4581 1926 4655 potestatem
1949 4594 2091 4637 con-

525 4664 711 4727 dendi
738 4667 927 4745 legeS,
956 4668 1032 4729 de
1063 4686 1186 4748 quo
1210 4668 1358 4730 alibi
1385 4669 1591 4730 latine.

608 4762 705 4819 17.
749 4760 1024 4823 Tertiam
1069 4762 1341 4844 siquam,
1372 4763 1531 4842 qnod
1567 4762 1869 4845 dispenset
1907 4760 2093 4843 Papa

525 4852 710 4915 etiam
756 4870 893 4915 cam
938 4852 1254 4936 episcopis.
1282 4886 1361 4899 —
1388 4855 1484 4918 Et
1527 4873 1659 4918 cum
1705 4856 1985 4930 fidelibus
2022 4856 2092 4917 in

523 4946 702 5009 votis.
733 4945 1107 5007 -Tertium
1139 4946 1390 5025 signum
1429 4953 1522 5008 est
1549 4954 1814 5028 potestas
1842 4947 2084 5027 dispen-

526 5038 702 5099 sandi
730 5038 922 5099 etiam
951 5056 1092 5099 cum
1122 5030 1262 5099 aliis
1294 5041 1619 5121 episcopis,
1658 5042 1725 5101 in
1771 5040 2087 5103 ecclesias-

523 5130 662 5191 ticis
709 5131 1049 5192 canonibus
1067 5147 1087 5210 3
1130 5130 1249 5193 hoc
1308 5133 1479 5195 enim
1527 5134 1756 5195 faciens
1785 5140 1996 5213 aperte
2024 5150 2087 5193 se

523 5224 792 5285 ostendit
827 5224 964 5285 aliis
1001 5226 1410 5305 superiorem3
1441 5226 1602 5289 hanc
1636 5233 1846 5289 autem
1885 5232 2085 5305 potes-

523 5322 714 5377 tatem
754 5318 1096 5381 cxercuisse
1123 5325 1365 5381 constat
1405 5337 1482 5381 ex
1516 5320 1777 5383 historia
1814 5318 2093 5399 Niceph.,

525 5408 636 5471 lib.
662 5412 760 5485 14,
797 5428 836 5471 a
863 5428 995 5491 cap.
1021 5414 1123 5487 37,
1151 5412 1259 5473 ubi
1292 5413 1519 5474 dicitur
1540 5411 1893 5487 Proculum,
1917 5410 2093 5491 jussu

528 5502 840 5569 Goelestini
863 5522 1062 5588 papae,
1084 5522 1160 5567 ex
1189 5505 1542 5589 episcopatu
1569 5505 1863 5587 Cyzicena
1891 5511 2091 5567 trans·

1593 368 1832 423 DISPUT.
1869 370 1931 421 X.
1966 369 2047 421 DE
2080 368 2290 423 SUHHO
2324 369 2667 422 munuca.

2168 470 2366 531 latum
2420 470 2613 533 fuisse
2660 472 2728 531 in
2769 470 3490 553 constantinopolitanum
3512 526 3529 554 ,
3566 483 3662 543 dis-

2170 564 2487 644 pensando
2532 566 2601 625 in
2646 580 2867 625 canon.
2927 566 3003 625 15
3056 565 3305 627 Concilii
3347 569 3585 649 Nicaeni,
3619 580 3671 634 et

2174 661 2202 718 1
2234 658 2632 733 SardicenSiS,
2662 656 2828 738 quod
2856 658 2923 719 id
2946 658 3253 721 vetabant.
3286 660 3465 725 Multa
3488 667 3588 727 alia
3609 668 3673 729 de
3822 728 3824 739 ,

2174 769 2249 812 ea
2262 770 2330 812 re
2348 750 2538 813 refert
2557 751 2722 811 idcm
2746 751 3069 825 Brucard.,
3090 752 3132 813 1.
3170 757 3220 827 Ι,
3250 772 3377 833 cap.
3398 756 3529 833 ult.,
3547 763 3599 817 et
3618 760 3673 819 in
3822 754 3824 815 4

2173 843 2352 923 epist.
2390 843 2649 905 Anther.
2675 846 2701 905 1
2734 843 2813 905 ad
2840 843 3153 924 episcopos
3184 846 3417 909 Baeticae
3442 856 3500 910 et
3530 850 3675 912 Tole-
3822 834 3824 871 ¹

2172 944 2337 999 tanae
2369 938 2719 1017 provinciae.
2751 937 2911 999 Ante
2948 955 3145 999 annos
3171 940 3323 1003 1300
3357 942 3561 1022 scripta
3585 944 3674 1005 ha-

2173 1030 2356 1092 betur
2379 1030 2597 1091 similis
2622 1030 2879 1093 historia
2901 1030 2977 1093 de
3002 1030 3125 1093 alia
3152 1034 3478 1096 mutatione
3509 1036 3677 1115 eujus-

2172 1124 2317 1205 dam
2346 1124 2635 1205 episcopi,
2654 1124 2815 1186 sedis
2832 1126 3126 1187 Romanae
3150 1128 3499 1189 auctoritate
3522 1128 3673 1191 sacta.

2174 1218 2384 1279 Videri
2417 1218 2605 1279 etiam
2631 1224 2830 1298 potest
2866 1218 3107 1299 epistol.
3145 1223 3183 1283 2
3216 1221 3431 1283 calixti
3458 1240 3608 1301 papae
3632 1233 3681 1285 et

2172 1310 2484 1391 Martyris,
2516 1317 2579 1372 et
2605 1312 2959 1373 confirmari
2996 1330 3072 1375 ex
3103 1332 3221 1373 usu
3249 1314 3608 1393 dispensandi
3628 1319 3677 1377 in

2172 1406 2354 1481 votiS,
2381 1410 2445 1466 et
2479 1403 2615 1465 aliis
2642 1403 2973 1480 similibuS,
2997 1424 3137 1485 quoe
3170 1424 3247 1467 ex
3270 1414 3545 1487 perpetua
3582 1415 3683 1469 tra·

2174 1500 2410 1561 ditione
2442 1497 2775 1574 habentur,
2803 1518 2919 1560 nec
2949 1500 3162 1561 omnia
3186 1507 3437 1580 possunt
3454 1500 3685 1564 hocloco

2171 1593 2507 1655 numerari.
2535 1593 2693 1655 Vide
2729 1593 2927 1655 Gelas.
2956 1595 3213 1673 Papam,
3246 1592 3418 1673 epist.
3462 1600 3489 1656 1
3514 1610 3533 1673 ;
3566 1596 3687 1657 Gre-

2170 1687 2451 1765 gorium‚
2502 1686 2613 1747 lib.
2668 1690 2767 1762 12,
2810 1705 2944 1767 cap.
3002 1689 3117 1765 313
3164 1688 3567 1749 Innocentium
3604 1690 3685 1765 111,

2171 1798 2307 1860 cap.
2344 1780 2677 1861 Propoeuit
2713 1786 2890 1842 extra
2930 1780 3007 1841 de
3052 1798 3321 1843 concess.
3346 1780 3689 1859 praebendae;

2172 1873 2495 1949 Bernard.‚
2525 1872 2637 1934 lib.
2670 1876 2709 1935 3
2743 1874 2819 1935 de
2857 1872 3359 1935 Consideratione
3374 1917 3395 1947 ,
3434 1874 3535 1951 qui
3574 1892 3691 1933 om-

2171 1984 2283 2027 nes
2348 1965 2475 2027 late
2546 1964 2858 2046 explicant
2914 1971 3280 2043 potestatem
3340 1964 3693 2043 dispensandi

2172 2076 2301 2122 esse
2332 2060 2497 2139 apud
2522 2061 2872 2121 Romanum
2914 2060 3303 2121 Pontificem.
3332 2058 3508 2119 Plura
3532 2058 3693 2120 habes

2168 2154 2236 2213 in
2268 2153 2595 2228 Turrian0,
2617 2153 2800 2215 tertio
2825 2158 3043 2214 contra
3068 2150 3515 2214 centuriatores
3528 2166 3547 2228 3
3572 2149 3690 2213 Lin-

2170 2247 2314 2309 dan.
2324 2290 2344 2322 ,
2380 2248 2420 2307 4
2442 2246 2775 2326 Panopliae,
2806 2265 2864 2307 c.
2890 2248 2993 2309 90.

2254 2341 2351 2401 18.
2402 2338 2701 2413 Quartum
2744 2337 3009 2421 azynum,
3046 2338 3206 2417 qaod
3242 2340 3505 2399 emerceat
3520 2340 3694 2418 potes-

2171 2438 2356 2497 tatem
2385 2434 2712 2497 eoercieam
2742 2430 2809 2493 in
2852 2436 3043 2495 totam
3089 2429 3455 2493 Ecclesiam.
3472 2461 3547 2475 -
3566 2430 3696 2491 :snm

2169 2526 2730 2591 emcommunicando
2780 2525 2965 2587 etiam
3013 2524 3427 2603 imperatores.
3466 2553 3541 2567 —
3566 2522 3698 2585 Tum

2161 2620 2463 2699 privando
2491 2620 2793 2701 episcopos
2822 2614 3135 2698 diqnitate.
3160 2616 3416 2679 —Tam
3450 2634 3601 2698 reyes
3625 2621 3699 2679 at·
3802 2668 3824 2685 ,.

2171 2730 2281 2793 que
2309 2713 2721 2795 imperatores.
2745 2712 3147 2785 -Quartum
3179 2710 3431 2789 signum
3467 2704 3699 2771 sumitflr

2174 2823 2251 2866 ex
2289 2811 2589 2885 potestate
2624 2805 2903 2865 coerciva
2939 2822 3129 2883 quam
3172 2802 3440 2865 Romani
3479 2800 3698 2863 Pontifi-

2176 2916 2275 2958 ces
2314 2904 2721 2959 exercuerunt
2746 2898 2813 2958 in
2838 2897 3257 2958 universalem
3286 2894 3622 2968 Ecclesiam,
3650 2902 3699 2955 et

2173 2991 2481 3071 principes
2509 2992 2664 3070 ejuS,
2692 2990 3115 3069 compellendo
3139 2988 3430 3051 Ecclesiae
3455 2987 3699 3049 membra

2172 3086 2249 3145 ad
2280 3086 2694 3147 obediendum
2726 3084 2952 3145 divinis
2997 3090 3059 3145 et
3088 3082 3423 3162 pontificiis
3450 3081 3695 3159 legibus;

2170 3178 2247 3241 de
2277 3198 2401 3258 quo
2442 3185 2613 3241 extat
2658 3178 2909 3255 egregia
2946 3176 3255 3237 sententia
3282 3175 3499 3237 Hilarii
3533 3193 3692 3253 papae,

2171 3272 2239 3333 in
2269 3272 2535 3351 quadam
2582 3273 2862 3333 Romana
2890 3269 3141 3349 Synodo
3184 3286 3298 3329 suo
3330 3276 3596 3347 tempore
3624 3284 3695 3327 ce·

2172 3366 2427 3427 lebrata.
2456 3366 2575 3425 Leo
2606 3365 2793 3426 etiam
2824 3364 2871 3439 1,
2900 3363 3159 3442 epistola
3183 3362 3413 3441 prima,
3435 3361 3701 3438 8101830-

2170 3460 2325 3529 11113,
2354 3458 2514 3519 libro
2542 3460 2825 3537 septime,
2863 3456 3121 3536 epistola
3162 3458 3269 3531 53,
3296 3452 3591 3517 nonnulla
3612 3452 3702 3512 ha-

2171 3552 2323 3614 bent
2352 3552 2429 3613 de
2456 3552 2573 3613 hac
2613 3570 2703 3613 re.
2751 3552 2884 3613 Huc
2913 3550 3105 3611 etiam
3146 3554 3389 3629 spectat
3432 3547 3702 3619 historia,

2172 3664 2359 3725 quam
2396 3644 2585 3706 refert
2620 3643 2940 3719 EusebiuS,
2956 3642 3117 3703 libro
3156 3644 3219 3719 5,
3256 3660 3311 3705 8.
3351 3643 3453 3713 24,
3492 3640 3561 3700 de
3592 3639 3707 3699 Vic-

2170 3744 2328 3811 tore,
2367 3738 2474 3816 qui
2522 3736 2750 3797 multas
2788 3737 2950 3797 Asiae
2976 3734 3277 3819 Ecclesias
3312 3730 3708 3795 excommuni-

2172 3832 2355 3906 cavit,
2388 3848 2462 3891 eo
2490 3831 2654 3909 quod
2686 3833 2753 3891 in
2791 3829 3202 3893 celebratione
3238 3828 3545 3889 paschatis
3586 3842 3707 3901 curn

2171 3926 2453 3989 Romana
2524 3924 2797 3985 Ecclesia
2859 3925 3207 3985 consentire
3282 3921 3573 3983 nolebant
3590 3934 3609 3995 3
3659 3922 3710 3977 et

2170 4019 2456 4099 quamvis
2499 4018 2669 4079 idem
2701 4017 3002 4079 Eusebius
3049 4016 3281 4078 referat
3329 4017 3624 4075 Irenaeum
3661 4014 3711 4071 et

2170 4111 2322 4172 alios
2373 4110 2706 4172 catholicos
2748 4112 3021 4189 graviter
3057 4109 3273 4169 tulisse
3305 4108 3539 4169 factum
3578 4100 3711 4164 illud

2168 4196 2453 4278 Victoria,
2480 4220 2803 4281 nunquam
2834 4209 3043 4265 tamen
3063 4200 3153 4261 illi
3178 4199 3545 4277 objecerunt
3566 4191 3709 4275 quod

2170 4294 2235 4355 id
2263 4296 2463 4357 facere
2490 4301 2805 4371 tentasset,
2832 4293 2997 4374 quod
3026 4293 3140 4353 sub
3176 4294 3317 4371 ejus
3340 4310 3467 4353 non
3494 4288 3714 4351 caderet

2171 4394 2561 4467 potestatem,
2602 4387 2703 4448 sed
2753 4386 2951 4448 solum
2992 4386 3159 4465 qnod
3196 4403 3420 4464 aspera
3453 4390 3514 4444 et
3552 4380 3715 4441 nimis

2170 4480 2373 4559 rigida
2430 4481 2747 4542 videretur
2804 4481 3112 4541 sententia
3134 4524 3155 4553 ,
3207 4479 3440 4559 absque
3494 4471 3718 4554 urgenti

2172 4592 2357 4636 causa
2388 4581 2448 4635 et
2471 4574 2849 4636 necessitate.
2866 4576 3103 4635 Tamen
3126 4571 3462 4633 concilium
3480 4569 3716 4637 Nicaen.,

2171 4672 2241 4727 ut
2272 4667 2435 4729 idem
2477 4667 2773 4729 Eusebius
2797 4666 3011 4743 refert,
3040 4664 3201 4727 libro
3234 4666 3273 4727 3
3304 4664 3384 4725 de
3412 4662 3552 4722 Vita
3583 4660 3719 4719 Con-

2170 4762 2428 4821 stantini
2450 4805 2470 4836 ,
2516 4760 2779 4822 Victoris
2836 4760 3208 4821 sententiam
3284 4750 3716 4836 comprobavit.

2171 4853 2327 4914 Vide
2352 4853 2685 4933 Epiphan.,
2714 4852 2936 4914 hoereS.
2970 4854 3071 4929 50,
3120 4856 3181 4913 et
3209 4851 3478 4928 August.
3496 4892 3513 4921 ,
3539 4846 3603 4905 in
3628 4843 3714 4905 29.

2164 4947 2306 5008 Huc
2336 4947 2525 5009 etiam
2559 4952 2793 5025 spectat
2826 4946 3084 5007 historia
3118 4960 3305 5024 quam
3336 4940 3526 5003 refert
3568 4938 3721 4998 Nice-

2166 5039 2373 5120 phor.,
2402 5039 2561 5101 libro
2603 5041 2701 5114 13,
2731 5057 2867 5119 cap.
2908 5040 3011 5114 34,
3044 5038 3119 5099 de
3160 5034 3519 5097 Innocentio
3552 5032 3601 5107 I,
3628 5024 3723 5108 qui

2166 5119 2725 5195 excommunicavit
2747 5131 3125 5194 Archadium
3144 5135 3207 5191 et
3228 5126 3573 5189 Eudoxiam
3600 5138 3724 5203 pro-

2179 5231 2317 5305 pter
2358 5242 2611 5287 causam
2652 5224 3108 5305 chrysostomi,
3154 5221 3319 5303 quod
3374 5220 3574 5281 facere
3611 5230 3723 5275 non

2176 5319 2499 5399 potuisset,
2527 5319 2646 5381 nisi
2671 5326 2829 5381 esset
2856 5316 3223 5380 universalis
3260 5314 3603 5395 episcopus,
3632 5325 3726 5387 po-

2174 5417 2583 5491 testatemque
2608 5410 2864 5473 haberet
2888 5412 2957 5474 in
2984 5429 3087 5473 eos
3109 5410 3297 5471 etiam
3335 5408 3727 5486 imperatores

2173 5505 2283 5587 qui
2335 5512 2507 5567 extra
2556 5505 2975 5589 episcopatum
3014 5505 3365 5568 Romanum
3396 5492 3730 5561 Constanti·
