3900 6217
648 400 818 453 SECT.
852 402 915 454 11.
949 400 1034 453 AR
1067 400 1210 455 lm
1241 399 1556 453 pomus
1589 399 1670 453 m·
1701 396 2110 452 {mlvi-:ussus
2142 394 2455 450 EucLEslAE
2483 393 2801 457 PAsToms
2835 394 2971 447 mc.

205 499 498 579 arguendi
547 508 804 582 spectat,
835 502 998 581 quod
1046 501 1178 563 fere
1221 500 1457 577 omnia,
1493 518 1631 580 quae
1680 498 1759 561 ad

205 592 452 655 modum
489 594 800 655 tractandi
841 594 1156 673 graviores
1190 612 1404 655 causas
1449 594 1761 673 episcopo-

203 704 332 749 rum
359 688 662 765 attinent,
694 694 765 749 ut
797 688 1206 749 accusationis
1241 688 1468 765 forma,
1507 687 1760 748 testium

205 780 506 855 inductio,
537 788 683 857 etc.,
703 786 932 842 statuta
959 787 1024 843 et
1051 780 1306 841 definita
1333 787 1478 841 sunt
1502 780 1763 842 auctori-

207 879 322 935 tate
340 875 644 935 Romanas
659 872 854 951 Sedis,
881 880 954 934 ut
974 880 1142 953 patet
1159 892 1237 935 ex
1257 874 1574 948 Anacleto,
1605 872 1764 953 epis-

206 966 322 1027 tola
345 969 412 1042 2,
443 986 582 1047 cap.
609 966 950 1043 Accusatio,
971 971 1034 1043 2,
1065 976 1280 1046 quaest.
1313 970 1351 1029 7
1369 984 1390 1045 3
1417 964 1760 1046 zephirin„

205 1060 456 1139 epistola
483 1064 518 1123 1
552 1060 632 1121 ad
651 1061 960 1141 episcopos
981 1060 1228 1136 Siciliae,
1257 1078 1393 1140 cap.
1425 1061 1761 1135 Friniates,

207 1155 264 1227 2,
287 1170 354 1232 q.
385 1152 819 1232 13Ale1and.,
847 1153 1112 1233 epistfl,
1144 1170 1280 1232 cap.
1316 1152 1583 1234 Siquis,
1607 1154 1668 1227 3,
1698 1168 1760 1229 q.

204 1247 442 1325 4‚.cap
479 1245 1206 1327 Siquism2q3cap.
1261 1244 1761 1322 Quamvie‚3,q.

207 1341 434 1420 6,.cap
463 1341 854 1417 Inducn'oemss
885 1339 1630 1421 q.:³.‚capJudi0antom‚
1661 1339 1764 1411 30,

205 1452 262 1513 q.
295 1437 358 1508 5,
387 1452 530 1515 cap.
561 1431 983 1510 Aematoree,
1025 1436 1086 1509 2,
1111 1452 1175 1513 q.
1219 1434 1285 1509 8,
1309 1450 1444 1512 cap.
1481 1430 1764 1505 caveant,

209 1530 344 1605 3,q.
376 1527 444 1601 9,
471 1542 610 1607 cap.
643 1526 939 1604 Naias,
967 1544 1031 1607 q.
1065 1529 1129 1602 1,
1159 1534 1378 1606 etcap.
1410 1520 1765 1606 Siquiswd

283 1662 384 1772 22.
433 1710 782 1795 Septimum
807 1714 1072 1795 siquam,
1103 1712 1264 1795 qvod
1288 1708 1576 1791 Pontifex
1605 1712 1772 1772 curet

209 1804 552 1881 infidelium
563 1807 1024 1869 conversionem.
1049 1836 1134 1851 —
1151 1805 1499 1884 Septimum
1521 1804 1770 1881 signum

211 1896 546 1977 pontificias
571 1898 894 1977 dignitatis
909 1905 972 1960 et
994 1897 1362 1959 universalis
1385 1898 1774 1977 episcopatus

209 1991 498 2068 Romani,
521 1998 617 2053 est
643 2010 790 2053 cura
809 2010 998 2073 quam
1022 2010 1268 2071 semper
1288 1989 1508 2052 habuit
1531 1989 1610 2051 de
1631 1989 1774 2055 infi-

209 2084 446 2145 delium
495 2086 902 2148 conversione
955 2092 1021 2148 et
1073 2085 1358 2147 Ecclesiae
1409 2080 1776 2143 universalis

207 2179 698 2258 propagatione3
728 2179 1112 2241 ostendimus
1140 2178 1309 2240 enim
1337 2178 1406 2237 in
1435 2176 1772 2256 superiori-

201 2272 320 2331 bus
361 2290 602 2333 munus
639 2272 757 2334 hoc
786 2274 1108 2353 proprium
1149 2290 1280 2333 esse
1327 2271 1462 2349 eJus
1485 2268 1772 2349 pastoris,

199 2364 310 2443 qui
347 2372 550 2444 caput
593 2373 690 2426 est
735 2366 926 2427 totius
971 2365 1276 2439 Ecclesiae,
1327 2370 1392 2425 et
1433 2364 1502 2423 in
1529 2362 1776 2423 nullum

3277 385 3392 450 301

1839 496 1999 563 Sede
2056 498 2457 563 sacerdotium
2507 496 2575 559 in
2637 494 2858 575 Ati-ica
2909 499 3110 559 ortwm
3178 493 3395 571 fuisse.

1839 592 2009 653 Idem
2037 592 2112 653 de
2136 590 2345 654 Sicilia
2374 590 2462 650 ait
2484 590 2630 665 Leo,
2680 588 2855 667 epist.
2884 590 2943 651 4.
3000 586 3109 649 His
3135 587 3403 669 denique

1839 684 2242 764 temporibus,
2295 700 2438 744 cum
2482 698 2682 743 novus
2723 680 2888 742 orbis
2923 686 3109 760 atque
3136 680 3402 741 Orientis

1842 781 2033 841 Indiae
2058 798 2170 859 per
2195 778 2626 859 proedicatores
2650 775 2728 837 ab
2754 775 2888 857 ipsa
2931 777 3211 837 Romana
3248 774 3404 837 Sede

1841 874 2062 935 missos
2082 872 2366 934 Ecclesiae
2381 872 2765 945 accesserint,
2784 869 3062 949 ejusdem
3082 869 3242 931 sedis
3263 887 3406 931 auc-

1842 967 2089 1028 toritate
2140 966 2287 1027 novi
2326 965 2394 1025 in
2435 964 2543 1026 illo
2584 965 2772 1026 erecti
2818 969 2964 1023 sunt
2997 964 3401 1043 episcopatus.

1925 1064 2026 1123 24.
2074 1060 2324 1127 Nonum
2353 1060 2620 1141 sia-amn,
2660 1058 2817 1140 quod
2854 1058 3162 1120 hoerotioos
3199 1054 3405 1139 punit,

1845 1160 2133 1220 nutantes
2153 1156 2489 1235 confirmat,
2518 1155 2629 1216 eto.
2655 1183 2735 1204 -
2760 1152 3007 1213 Nonum
3034 1150 3281 1229 signum
3320 1150 3411 1211 af-

1845 1248 1973 1310 fine
1993 1266 2066 1310 ac
2096 1247 2297 1308 simile
2320 1248 2580 1326 septimo
2602 1250 2715 1321 est,
2748 1245 2897 1325 quia
2926 1260 3053 1304 non
3082 1242 3283 1305 solum
3312 1243 3409 1304 in-

1847 1340 2059 1405 fideles
2084 1342 2342 1403 omnino
2361 1340 2439 1401 ab
2476 1338 2742 1400 Ecclesia
2768 1336 2958 1399 alieni
2984 1355 3095 1417 per
3137 1337 3297 1398 haue
3320 1355 3411 1397 se·

1847 1438 1994 1499 dem
2024 1436 2303 1498 conversi
2329 1440 2496 1510 sunt,
2521 1451 2737 1494 verum
2762 1432 2949 1494 etiam
2977 1431 3179 1511 quiex
3212 1430 3413 1493 Eccle-

1848 1531 1939 1592 sia
1976 1530 2044 1591 iu
2071 1528 2352 1591 haeresim
2388 1533 2450 1588 et
2478 1525 2906 1587 infidelitatem
2948 1529 3093 1585 sunt
3120 1524 3409 1605 prolapsi,

1849 1624 2125 1705 ejusdem
2160 1621 2322 1683 sedis
2350 1620 2714 1682 auctoritate
2755 1625 2817 1680 et
2844 1617 3168 1697 diligentia
3202 1618 3411 1699 dispa-

1848 1736 2061 1781 ruere:
2110 1716 2245 1777 haec
2288 1715 2457 1776 enim
2507 1732 2647 1795 pars
2695 1713 2763 1773 in
2803 1712 3082 1773 custodia
3119 1712 3415 1773 dominici

1851 1812 2057 1891 gregis
2098 1808 2245 1871 huic
2281 1812 2591 1870 reservata
2627 1812 2718 1867 est
2754 1804 3005 1885 pastori,
3054 1810 3116 1865 et
3140 1804 3419 1884 quando-

1851 1920 2118 1983 cumque
2140 1900 2404 1963 aliarum
2436 1898 2843 1961 Ecclesiarum
2873 1897 3157 1979 praesules
3185 1898 3253 1957 in
3294 1897 3416 1959 fide

1854 1995 2211 2058 defecerunt
2257 1999 2369 2054 aut
2416 1998 2605 2054 certe·
2635 1996 2958 2066 nutarunt,
3000 1989 3081 2051 ab
3120 1990 3417 2070 Episcopo

1855 2091 2136 2151 Romano
2158 2086 2257 2149 vel
2279 2092 2613 2165 correptoS,
2641 2082 2742 2145 vel
2770 2082 3159 2145 confirmatos
3182 2083 3419 2162 accepi·

1855 2200 2019 2259 mus,
2039 2181 2222 2260 juxta
2266 2179 2527 2242 verbum
2558 2178 2843 2239 Domini:
2870 2178 2965 2240 Et
2997 2182 3066 2240 tu
3098 2176 3418 2258 aliqnando

1856 2293 2175 2341 conversus
2212 2276 2501 2353 confirma
2524 2276 2760 2355 fratres
2795 2276 2950 2337 tuos.
2995 2270 3061 2332 In
3088 2289 3211 2352 qua
3238 2288 3306 2331 re
3322 2271 3428 2349 ju·

1861 2370 2096 2431 dicium
2138 2367 2329 2447 hujus
2375 2367 2536 2427 sedis
2581 2384 2823 2445 semper
2861 2362 3080 2425 habuit
3122 2381 3431 2425 summam

193 2458 394 2519 alium
447 2476 636 2539 posse
695 2461 940 2540 proprie
985 2460 1317 2521 convenire
1333 2479 1352 2533 3
1401 2456 1517 2517 hoe
1567 2460 1780 2516 autem
1862 2464 2317 2537 auctoritatem,
2360 2466 2431 2521 ut
2490 2462 2747 2540 Prosper
2796 2459 2955 2519 dixit
2997 2458 3063 2519 in
3109 2456 3234 2519 fine
3288 2454 3433 2518 libri

187 2568 340 2611 *ΒΝ
399 2551 712 2613 tribuitur
763 2552 1048 2613 Esssslessiffl
1104 2552 1421 2625 R⁰m³11ffi‚
1473 2564 1674 2627 neque
1715 2546 1783 2607 id
1865 2562 2079 2619 eontra
2111 2554 2572 2629 Collatorem‚et
2609 2552 2775 2613 infra
2801 2551 2989 2613 latius
3017 2549 3433 2621 ostendemus,

183 2642 482 2705 haerefiri
524 2653 799 2725 negoti&
831 2662 978 2706 nam
1017 2650 1164 2706 sunt
1185 2644 1540 2723 frequente-‘0
1563 2647 1626 2701 ek
1653 2656 1784 2701 cer·
1865 2648 2109 2729 agendo
2129 2648 2205 2709 de
2232 2646 2523 2709 remediis
2551 2651 2771 2707 contra
2799 2642 3109 2706 haeresim.
3136 2640 3290 2704 Vide
3313 2642 3439 2703 Au·

183 2738 462 2799 “55¹³ae
485 2738 774 2799 ffisstffliffi
815 2739 894 2800 de
937 2738 1048 2799 5118
1073 2756 1178 2800 re:
1230 2736 1559 2814 Dionysius
1585 2733 1780 2807 enim,
1866 2743 2209 2823 gustinum,
2250 2740 2429 2821 epist.
2456 2740 2559 2817 94,
2587 2745 2650 2801 et
2684 2739 2860 2819 epist.
2899 2738 3043 2815 106,
3074 2743 3136 2799 et
3156 2735 3337 2798 initio
3362 2734 3441 2796 li-

183 2830 298 2908 qui
333 2830 414 2889 in
443 2830 656 2893 Gallia
699 2832 936 2911 primus
961 2830 1150 2892 fidem
1177 2829 1529 2903 seminavit,
1559 2826 1640 2887 ab
1666 2826 1784 2886 hac
1867 2836 1967 2897 bri
1986 2840 2199 2896 contra
2217 2833 2569 2909 Julianum3
2600 2839 2663 2894 et
2680 2833 2946 2894 Leonem
2968 2832 3222 2912 Papam,
3255 2830 3434 2911 epist.

191 2923 336 2983 sese
357 2924 616 2985 missus
643 2931 770 2999 est3
797 2925 1203 3005 Augustinus,
1231 2923 1300 2983 in
1317 2921 1607 3000 Angliam
1633 2924 1788 2979 tem·
1871 2930 1974 3001 83,
2004 2932 2119 3005 9⁴3
2162 2934 2225 2989 et
2250 2926 2449 2989 Gelas.
2502 2926 2757 3007 optime,
2797 2925 3056 3007 epistola
3090 2925 3170 2987 ad
3199 2924 3433 2985 crient.

1872 3022 2151 3102 Denique
2197 3020 2602 3101 Augustinus,
2651 3018 2888 3099 epistol.
2931 3019 3069 3094 102,
3123 3016 3439 3097 eleganter

1870 3114 2087 3177 scribit
2108 3115 2352 3176 nullum
2382 3130 2657 3195 unquam
2674 3112 3013 3192 judicatum
3042 3110 3225 3172 fuisse
3246 3112 3439 3172 haere·

1869 3211 2093 3283 ticum,
2129 3226 2315 3289 quem
2336 3207 2607 3269 Ecclesia
2628 3206 2910 3267 Romana
2928 3204 3267 3281 admiserit,
3301 3202 3441 3265 nul·

1870 3302 2126 3383 lumque
2183 3301 2556 3363 catholicum
2611 3318 2799 3380 quem
2840 3299 2971 3379 ipsa
3022 3298 3436 3361 damnaverit.

1871 3396 2074 3477 Atque
2102 3396 2181 3457 ad
2208 3395 2376 3456 hunc
2398 3394 2607 3458 locum
2628 3398 2864 3473 spectat
2889 3390 3049 3452 nihil
3073 3409 3349 3471 unquam
3368 3390 3437 3453 in

199 3016 666 3097 porceti-agurii
681 3034 703 3097 3
719 3018 1036 3081 chilianus
1047 3017 1128 3079 ad
1142 3017 1510 3089 Franoones,
1527 3030 1682 3093 quos
1701 3012 1790 3073 fe-

197 3110 404 3173 liciter
429 3114 752 3174 convertit
787 3120 1067 3193 tempore
1085 3111 1392 3186 Cononis;
1443 3110 1516 3169 D.
1546 3106 1792 3168 Bonifa-

187 3206 352 3280 cius,
385 3206 736 3285 episcopus
761 3212 824 3267 et
851 3212 1113 3285 martyr,
1141 3204 1368 3264 missus
1395 3201 1517 3262 suit
1537 3199 1618 3261 ad
1643 3196 1791 3259 Ger-

189 3314 430 3357 manos
455 3316 498 3359 a
525 3298 830 3377 Gregorio
859 3300 941 3375 113
971 3298 1196 3371 Scotia,
1225 3296 1343 3357 sub
1385 3294 1710 3356 Caelestino
1736 3292 1786 3368 1,

189 3392 308 3469 qui
355 3391 722 3453 Palladium
763 3392 844 3453 ad
870 3410 1008 3454 eam
1037 3392 1230 3467 misit,
1271 3388 1460 3451 fidem
1487 3387 1752 3467 suscepit
1766 3400 1788 3464 ;

197 3490 268 3543 et
319 3486 626 3546 similiter
677 3492 809 3546 tota
861 3485 1182 3564 Hungaria
1199 3529 1221 3560 ‚
1267 3490 1546 3563 tempore
1596 3480 1792 3541 saneti

201 3578 548 3657 Stephani,
575 3579 741 3658 regis
767 3578 956 3653 illius,
992 3584 1248 3639 curante
1267 3578 1552 3657 episcopo
1569 3575 1793 3636 Roma-

207 3688 316 3731 no.
369 3672 654 3750 Legatur
693 3672 812 3733 bac
861 3672 938 3732 de
985 3688 1055 3733 re
1097 3671 1345 3748 Hosius,
1397 3669 1443 3730 l.
1498 3670 1538 3730 3
1577 3675 1793 3729 contra

209 3763 466 3838 Brent„
485 3765 654 3825 circa
683 3764 1082 3845 principium,
1107 3764 1219 3825 ubi
1245 3764 1436 3825 refert
1451 3761 1792 3824 Lutherum

215 3856 461 3919 fassum
484 3876 618 3921 esse
635 3866 836 3921 totum
867 3860 929 3921 id
957 3858 1126 3940 quod
1141 3864 1236 3921 est
1263 3856 1433 3935 fidei,
1451 3858 1580 3918 imo
1607 3872 1792 3917 omne

221 3950 466 4013 bonnm
515 3954 936 4016 Christianum
983 3972 1022 4014 a
1071 3955 1238 4033 Papa
1269 3950 1349 4015 ad
1395 3949 1794 4013 Germaniam

229 4046 570 4110 devenisse.
601 4048 862 4109 Consule
885 4049 1074 4110 etiam
1101 4047 1386 4123 inferius,
1417 4046 1577 4126 disp.
1607 4044 1704 4107 18.

309 4143 410 4201 23.
453 4141 746 4205 Octavum
767 4142 1034 4224 siquam,
1064 4142 1226 4223 quod
1241 4156 1422 4203 novos
1441 4140 1624 4223 eripit
1643 4137 1797 4222 epis-

237 4238 502 4316 copam.
533 4236 936 4297 —Octavum
963 4235 1214 4314 siguum
1242 4232 1428 4295 affine
1449 4234 1794 4313 praeceden-

241 4328 321 4388 ti:
343 4330 410 4389 in
437 4327 710 4391 Ecclesia
732 4330 1011 4391 Romana
1039 4346 1286 4409 semper
1303 4327 1506 4421 viguit
1531 4331 1796 4406 potestas

243 4422 538 4485 condendi
579 4440 776 4485 novos
807 4424 1212 4505 episcopatus,
1242 4440 1342 4485 res
1387 4426 1552 4483 certe
1591 4436 1800 4482 neces-

243 4516 398 4577 saria
424 4521 684 4596 propter
707 4532 900 4577 novas
927 4516 996 4578 in
1023 4516 1154 4579 dies
1171 4514 1521 4577 infidelium
1543 4530 1799 4575 eonver-

242 4608 434 4671 siones
455 4654 479 4687 ,
537 4606 706 4689 quod
759 4626 797 4670 a
847 4608 1156 4691 principio
1195 4608 1480 4671 Ecclesiae
1515 4605 1800 4669 observa-

243 4706 370 4764 tum
397 4720 532 4765 mse
555 4708 801 4765 constat
821 4720 900 4764 ex
927 4706 960 4765 1
993 4702 1231 4783 epistol.
1265 4702 1485 4777 clem„
1513 4706 1576 4763 et
1603 4700 1643 4761 2
1665 4717 1737 4760 ac
1760 4700 1800 4761 3

243 4796 546 4873 anacleti,
591 4804 659 4859 et
707 4816 785 4860 ex
827 4796 1006 4879 epist.
1045 4796 1288 4859 Aniceti
1329 4794 1411 4857 ad
1459 4794 1799 4857 Galliarum

243 4890 605 4972 episcopam
639 4890 998 4955 melchiadis
1046 4890 1125 4951 ad
1153 4890 1498 4971 Hispanos3
1525 4888 1796 4963 Damasi,

245 4985 412 5065 epist.
451 4989 570 5064 143
592 4984 884 5050 Nicolaus
909 4984 935 5045 1
968 4984 1148 5067 epist.
1186 4982 1267 5045 ad
1289 4980 1653 5047 Michaelem
1680 4981 1799 5042 Im-

243 5086 622 5159 pei-atonem.
606 5103 622 5116 ·
684 5080 986 5153 Βοααπα,
1029 5076 1256 5158 inquit,
1309 5076 1593 5140 Ecclesia
1639 5075 1802 5138 alias

244 5174 576 5240 onmem
605 5172 1089 5246 Parim-chates,
1115 5168 1238 5233 sivo
1261 5167 1662 5251 Epi-scopulos
1681 5182 1804 5230 m-

241 5271 356 5344 sit,
385 5270 592 5354 ipsam
615 5284 758 5333 voro
786 5267 954 5332 solue
995 5264 1279 5330 Gan-istm
1302 5262 1620 5335 institui&
1654 5261 1804 5324 Gre-

240 5365 470 5445 gorius,
501 5363 547 5427 1.
583 5366 646 5438 7,
676 5363 858 5444 epist.
888 5362 993 5439 32,
1023 5362 1330 5422 asseverat
1357 5356 1430 5423 ab
1456 5353 1808 5438 Apostolioa

319 5568 338 5602 ¹
381 5560 637 5642 Indisp.
673 5560 772 5621 10.

1871 3490 2144 3552 Ecclesia
2182 3489 2370 3551 fuisse
2394 3488 2599 3549 denuo
2628 3486 2705 3547 de
2732 3486 2855 3548 fide
2884 3484 3286 3559 declaratum,
3327 3502 3438 3545 ne·

1871 3601 1993 3663 que
2032 3582 2231 3643 ullum
2260 3580 2605 3643 Concilium
2634 3579 2824 3642 etiam
2857 3576 3145 3657 generale
3180 3582 3437 3639 nactum

1872 3694 2005 3738 esse
2029 3694 2207 3737 suam
2228 3675 2662 3737 auctoritatem
2697 3672 2852 3734 citra
2875 3668 3187 3732 Pontificis
3214 3668 3439 3731 confir-

1871 3769 2238 3843 mationem,
2298 3775 2370 3829 ut
2420 3767 2586 3829 infra
2626 3766 2696 3827 in
2738 3762 2999 3826 materia
3024 3763 3101 3824 de
3123 3762 3436 3840 conciliis,

1873 3862 2110 3945 disput.
2142 3865 2243 3937 11,
2274 3866 2421 3923 sect.
2470 3862 2536 3938 3,
2571 3858 2757 3921 latius
2782 3855 3217 3919 ostendemus:
3273 3857 3439 3919 inte-

1870 3956 1995 4019 rim
2038 3956 2325 4018 videatur
2362 3954 2539 4034 epist.
2589 3955 2619 4015 1
2667 3950 2898 4031 Pelagii
2924 3950 2977 4012 11
3003 3950 3083 4011 ad
3111 3949 3435 4027 Oriental.,

1872 4060 1936 4112 et
1961 4049 2245 4129 Gregor..
2276 4046 2319 4110 l.
2349 4049 2412 4124 4,
2432 4047 2613 4127 epist.
2644 4047 2745 4107 36.

1954 4144 2055 4205 25.
2098 4140 2413 4207 Deoimwm
2439 4140 2704 4224 sianum,
2729 4140 2887 4223 qnod
2897 4138 3127 4222 zoqatos
3154 4138 3432 4202 destinet.

1871 4236 2257 4299 -Ultimum
2276 4233 2525 4313 signum
2540 4232 2904 4294 universalis
2926 4232 3245 4313 potestatis
3266 4230 3438 4309 Epis-

1875 4330 2012 4410 copi
2041 4328 2307 4391 Romani
2325 4332 2439 4400 est,
2461 4324 2747 4388 habuisse
2770 4342 3013 4405 semper
3032 4326 3099 4385 in
3122 4322 3310 4384 variis
3337 4340 3437 4383 or-

1875 4424 1972 4487 bis
2002 4420 2337 4505 provinciis
2361 4419 2598 4500 legatos
2626 4425 2689 4481 et
2712 4418 2995 4494 vicarios,
3025 4414 3253 4497 quibus
3275 4416 3437 4477 vices

1875 4536 2017 4580 suas
2051 4516 2422 4592 committat,
2452 4513 2775 4576 reservatis
2800 4512 2918 4574 sibi
2944 4511 3144 4573 causis
3194 4510 3441 4589 gravio·

1877 4612 2070 4675 ribus.
2106 4610 2197 4673 lta
2222 4608 2489 4688 legimus
2529 4607 2895 4687 Episcopum
2936 4602 3443 4667 Thessalonicen-

1879 4722 2010 4767 sem
2038 4704 2202 4767 vices
2238 4703 2531 4765 Romanae
2554 4700 2727 4763 Sedis
2753 4716 2863 4781 per
2890 4698 3205 4761 Orientem
3224 4694 3441 4775 gessis-

1878 4818 1965 4875 se,
1999 4805 2070 4860 ut
2096 4799 2275 4879 epist.
2306 4796 2388 4857 94
2414 4796 2536 4857 Leo
2566 4794 2730 4875 Papa
2754 4796 3049 4855 testatur:
3083 4790 3265 4856 Siout
3282 4808 3445 4871 prte-

1878 4892 2209 4957 deceeeoree
2246 4889 2388 4963 mei,
2417 4887 2623 4969 inquit
2661 4887 2740 4948 ad
2766 4884 3183 4961 Anastasium,
3210 4883 3445 4965 μετάθ-

1880 4984 2210 5051 cemm‘bnu
2228 4983 2380 5060 tuis,
2407 4982 2503 5047 ita
2542 4998 2645 5065 eqo
2672 4979 2980 5045 situation
3006 4982 3129 5042 tuoe
3152 4976 3443 5059 priorum

1879 5084 2121 5144 socam
2158 5074 2452 5160 exempla,
2493 5074 2651 5139 vices
2676 5073 2796 5137 mei
2836 5070 3263 5137 moderamina
3290 5068 3445 5133 dole-

1881 5174 2049 5256 quvi,
2076 5178 2195 5234 etc.
2217 5172 2522 5234 Praeterea
2539 5168 2905 5249 Episcopum
2932 5162 3443 5241 Constantinopo-

1883 5267 2151 5330 litanum
2182 5263 2496 5327 interdum
2536 5262 2657 5324 hoc
2684 5278 2914 5323 munus
2956 5255 3148 5337 legati
3184 5256 3445 5335 Aposto-

1883 5359 1990 5423 lici
2030 5358 2253 5421 obiisse
2294 5358 2362 5418 in
2406 5356 2701 5436 AEgypto,
2756 5351 3066 5432 colligitur
3112 5354 3325 5428 aperte
3368 5363 3445 5411 ex

1887 5450 2161 5534 epistolis
2188 5448 2490 5530 Simplicii
2530 5450 2705 5528 Papus
2732 5446 2809 5507 ad
2838 5444 3167 5506 Achatium
3196 5442 3445 5521 Episco-

1887 5564 2064 5628 pum,
2096 5556 2159 5606 et
2178 5542 2405 5605 Gelasii
2430 5542 2510 5603 ad
2530 5541 2859 5622 Episcopos
2880 5534 3203 5599 Dardauiae
3236 5552 3255 5599 ε
3288 5534 3439 5610 Gur,
