3900 6217
617 416 786 469 sssc‘r.
821 418 904 470 lv,
937 418 1026 470 AN
1056 417 1258 471 omns
1289 418 1542 471 mustus
1573 416 1950 470 nummu
1982 417 2345 471 mancos
2376 416 2709 480 JummBUS,
2741 416 2877 469 mc.

163 518 490 600 junctiones
515 522 644 578 tam
667 516 952 598 specifice
977 525 1284 594 numeret,
1303 520 1538 581 omittit
1566 537 1706 581 eam

169 630 290 693 quae
315 617 406 673 est
439 611 632 691 patris
663 611 744 671 ad
771 611 1008 688 fllium3
1047 612 1212 691 quod
1251 615 1438 674 etiam
1477 614 1707 692 ponde-

167 706 276 765 rari
305 710 500 784 potest
523 704 717 764 Exod.
749 705 854 778 31,
883 704 991 765 ubi
1015 706 1254 784 Moyses
1277 706 1592 779 excitavit,
1629 705 1710 765 ad

167 797 578 858 vindicandam
611 796 908 875 injuriam
944 799 1072 873 Dei,
1113 798 1393 870 fratrem,
1441 801 1708 859 amicum

167 898 220 953 et
241 890 645 969 propinquum
669 910 688 964 ;
708 895 774 950 et
795 898 1006 970 postea
1029 892 1288 953 laudans
1306 892 1565 968 factum,
1587 894 1706 954 ait:

171 981 562 1049 Omnem-stis
581 1000 800 1045 manus
821 991 1056 1048 vemas
1077 985 1359 1060 Domino,
1381 987 1711 1065 unusquis·-

165 1094 261 1157 με
299 1078 364 1137 in
401 1074 532 1152 filio
583 1082 640 1137 et
683 1076 756 1137 iu
787 1080 1007 1154 fratre,
1049 1084 1290 1158 patrem
1335 1084 1546 1141 autem
1581 1096 1710 1140 non

165 1167 446 1229 nominat.
487 1168 788 1237 Secundo,
831 1171 1095 1246 ratione,
1133 1170 1282 1251 quia
1319 1170 1484 1231 filius
1523 1171 1708 1233 debet

165 1262 308 1341 lutri
335 1269 534 1321 totum
563 1262 730 1340 quod
755 1270 870 1340 est,
899 1271 965 1325 et
997 1266 1138 1326 ideo
1171 1266 1442 1326 maxime
1471 1263 1708 1342 obliga-

167 1361 255 1414 tur
288 1354 360 1414 ad
403 1354 746 1415 amandum
788 1363 850 1417 et
889 1357 1326 1419 honorandum
1369 1374 1516 1419 eum
1543 1356 1708 1417 infra

166 1449 374 1515 Deum:
403 1465 556 1526 ergo
577 1466 728 1537 non·
747 1457 949 1528 potest
981 1450 1248 1528 obligari
1285 1450 1366 1511 ad
1403 1450 1708 1511 infamau-

165 1541 298 1599 dum
335 1537 538 1615 illum,
567 1546 632 1601 et
659 1542 727 1601 in
757 1559 987 1620 magno
1021 1544 1298 1621 periculo
1341 1542 1522 1603 illum
1565 1560 1710 1603 con-

165 1632 522 1693 stituendum
556 1652 667 1714 per
695 1635 1266 1710 denuntiationem3
1311 1636 1518 1711 tertio,
1563 1636 1712 1714 quia

167 1740 332 1785 nemo
365 1730 616 1787 tenetur
649 1744 795 1787 cum
827 1734 1005 1787 tanto
1041 1728 1271 1789 damno
1305 1728 1504 1805 legem
1545 1727 1714 1787 affir-

167 1818 442 1879 mativam
469 1834 750 1893 servare3
777 1820 910 1880 haec
937 1826 1150 1881 autem
1171 1820 1562 1881 denuntiatio
1589 1837 1711 1879 aon

167 1910 345 1971 solum
387 1914 578 1991 patri,
613 1914 718 1975 sed
755 1914 874 1993 ipsi
903 1914 1034 1974 filio
1061 1914 1252 1975 infert
1278 1914 1714 1993 gravissimum

168 2012 617 2083 nocumentum,
649 2009 797 2087 quia
821 2006 1253 2084 infamabitur,
1287 2016 1350 2069 et
1376 2006 1558 2067 bonis
1586 2023 1716 2068 om-

167 2096 328 2157 nibus
355 2098 722 2175 privabitur.

233 2191 295 2249 2¹
310 2234 324 2249 .
371 2190 728 2271 Oppositum
753 2194 1128 2256 communitus
1155 2198 1216 2256 et
1235 2193 1615 2273 sequendum.
1633 2224 1712 2239 --

167 2282 450 2346 Probatur
491 2286 724 2365 primo.
753 2316 836 2333 -·
867 2286 1168 2349 Secundo.
1195 2316 1280 2331 -—
1299 2284 1714 2346 Nihilominus

167 2377 450 2437 contraria
501 2379 812 2439 sententia
857 2380 1208 2440 communis
1233 2387 1324 2441 est
1361 2384 1424 2438 et
1455 2396 1715 2457 sequen·

167 2468 255 2542 da,
285 2484 466 2547 quam
493 2474 666 2530 tenet
690 2472 1038 2549 cajetanus,
1067 2473 1136 2532 in
1163 2472 1334 2532 dicto
1373 2490 1424 2531 c.
1461 2473 1538 2531 13
1563 2472 1718 2531 Deu-

169 2566 266 2621 ter.
273 2576 292 2638 ;
309 2562 566 2635 Navar„
591 2562 658 2623 in
684 2580 818 2642 cap.
843 2566 1022 2627 Inter
1033 2566 1232 2637 verba,
1255 2565 1408 2626 etin
1433 2564 1713 2637 Summa,

169 2672 282 2732 cap.
315 2659 388 2716 15
411 2670 431 2731 ;
459 2655 690 2729 Castr„
713 2656 822 2716 lib.
847 2662 912 2731 2,
941 2674 1080 2735 cap.
1111 2658 1224 2716 ult.
1247 2673 1267 2733 3
1295 2662 1508 2717 tenent
1531 2654 1719 2715 etiam

169 2746 512 2821 Maschard„
571 2748 648 2809 de
697 2748 1074 2825 Probatiou„
1113 2749 1310 2809 concl.
1360 2748 1504 2821 857,
1537 2765 1602 2807 n.
1643 2749 1720 2807 18

177 2845 230 2899 et
249 2838 512 2917 sequenti
534 2855 555 2915 3
585 2840 876 2901 Ludovic.
913 2858 950 2901 a
979 2842 1258 2915 Paramo,
1279 2841 1356 2901 de
1378 2840 1549 2917 Orig.
1579 2859 1723 2901 san-

179 2938 270 2992 0110
291 2932 596 3011 Inquisit„
643 2932 752 2994 lib.
773 2935 836 3009 3,
869 2952 932 3012 q.
959 2934 1020 3009 8,
1077 2953 1112 2993 a
1141 2954 1210 2993 11.
1242 2934 1364 3007 83;
1395 2934 1620 3007 Tolet„
1653 2933 1722 2993 in

183 3024 350 3099 Sum„
377 3024 488 3087 lih.
514 3027 584 3101 5,
617 3044 670 3087 c.
707 3030 766 3101 1,
795 3044 862 3086 n.
889 3028 998 3104 103
1025 3027 1330 3103 Furinae„
1359 3027 1434 3087 de
1463 3027 1718 3101 Ramisi,

175 3123 359 3195 qnaest.
382 3120 524 3186 197.
560 3136 633 3179 n.
673 3121 776 3193 40,
805 3120 884 3181 de
909 3118 1072 3180 Just.
1101 3119 1258 3181 haer.
1291 3136 1480 3199 pun.;
1513 3119 1715 3197 Rojas,

175 3208 444 3286 singulari
471 3212 536 3283 3,
567 3229 640 3272 11.
674 3214 756 3273 29
773 3234 790 3285 ;
815 3218 880 3272 et
901 3212 1132 3285 Peuha,
1165 3212 1272 3273 lib.
1302 3213 1364 3287 Ξ,
1383 3218 1717 3273 comment.

179 3305 270 3375 15;
307 3302 479 3378 Azor,
531 3310 692 3365 tom.
725 3307 786 3379 2,
817 3305 862 3365 l.
906 3307 968 3375 2,
999 3324 1054 3367 c.
1087 3307 1149 3381 2,
1181 3324 1242 3385 q.
1299 3307 1399 3380 13,
1431 3306 1540 3383 qui
1567 3305 1722 3365 ulios

177 3394 650 3457 reserunt.1uter
691 3416 846 3477 quos
895 3405 1140 3478 ponunt
1173 3400 1362 3459 etiam
1419 3398 1716 3459 Alexand.

177 3487 384 3563 Mens„
415 3493 452 3551 3
485 3508 578 3568 p.,
611 3508 674 3567 q.
722 3491 824 3564 33,
877 3490 1139 3553 membr.
1185 3493 1250 3567 4,
1288 3505 1405 3553 art.
1439 3492 1498 3565 2,
1533 3491 1723 3551 dubio

179 3580 273 3641 ult.
299 3580 410 3643 Sed
439 3582 544 3643 ille
569 3582 776 3643 solum
795 3584 916 3645 hoc
939 3583 1230 3659 affirmat,
1263 3586 1512 3663 quando
1541 3584 1726 3645 delic-

179 3680 292 3733 tum
313 3676 504 3753 patris
517 3675 734 3755 aliquo
779 3678 962 3739 modo
999 3688 1092 3739 est
1117 3677 1464 3757 publicum,
1497 3677 1726 3754 excipit

181 3772 362 3829 autem
391 3768 741 3831 occultum:
771 3788 960 3849 quam
1000 3772 1424 3851 exceptionem
1459 3789 1586 3832 nou
1619 3769 1726 3831 ad-

179 3860 482 3936 mittimus,
515 3860 654 3921 imo
673 3860 752 3923 de
773 3862 880 3923 illa
907 3870 1000 3923 est
1027 3864 1466 3925 controversia.
1503 3862 1730 3925 Proba-

182 3956 270 4010 tur
285 3954 480 4029 primo
505 3970 586 4015 ex
617 3954 836 4015 eadem
877 3955 1038 4033 lege,
1069 3956 1222 4035 quia
1247 3957 1334 4017 ibi
1378 3963 1552 4035 pater
1579 3972 1730 4035 prae-

181 4042 384 4121 cipitur
404 4045 776 4107 denuntiare
797 4046 1037 4122 filium3
1083 4066 1230 4127 ergo
1259 4048 1731 4127 comprehendit

185 4136 347 4197 etiam
373 4136 578 4199 filium
601 4146 884 4219 respectu
913 4142 1127 4220 patris,
1159 4143 1306 4223 quia
1329 4142 1730 4204 cor-relativo·-

183 4246 306 4289 rum
329 4231 544 4293 eadem
577 4238 676 4293 est
721 4234 906 4307 ratio,
940 4241 1002 4295 et
1053 4234 1193 4295 ideo
1223 4254 1420 4296 unum
1461 4237 1578 4297 sub
1606 4237 1729 4297 alio

187 4323 744 4401 comprehenditur3
780 4328 1118 4405 praesertim
1148 4329 1295 4407 quia
1326 4327 1466 4389 licet
1494 4328 1728 4407 obliga-

187 4412 260 4471 tio
289 4414 396 4475 filii
421 4417 497 4477 ad
527 4430 770 4497 patrem
821 4418 903 4479 sit
947 4420 1172 4497 major,
1200 4438 1378 4481 amor
1423 4424 1612 4500 patris
1649 4422 1730 4483 ad

189 4503 362 4567 filiam
383 4510 538 4573 solet
555 4529 688 4573 esse
709 4512 930 4590 major.
958 4514 1188 4575 Deinde
1207 4514 1500 4592 probatur
1533 4534 1612 4577 ex
1631 4534 1735 4575 ea-

191 4596 312 4658 dem
361 4601 498 4681 lege
545 4621 588 4663 a
621 4604 810 4664 simili
845 4624 862 4675 ;
895 4606 1177 4667 nominat
1229 4608 1399 4667 enim
1451 4624 1730 4683 uxorem,

193 4707 352 4767 squam
380 4695 646 4755 maritus
665 4701 952 4759 teneatur
983 4697 1372 4773 denuntiare,
1389 4718 1504 4761 nec
1530 4718 1565 4760 e
1591 4718 1736 4761 con-

193 4798 342 4844 verso
383 4789 671 4849 nominat
714 4789 1160 4867 obligationem
1209 4792 1418 4853 uxoris
1451 4806 1732 4871 respectu

195 4879 398 4953 mariti,
429 4899 570 4941 cum
601 4889 814 4943 tamen
839 4884 974 4943 sine
993 4882 1183 4945 dubio
1207 4885 1420 4945 eedem
1439 4885 1522 4945 sit
1535 4901 1555 4961 3
1587 4904 1735 4963 ergo

195 4964 460 5049 inlelligit
495 4992 696 5035 unum
739 4975 1071 5037 relativum
1101 4976 1216 5037 sub
1253 4976 1377 5037 alio
1407 4978 1732 5039 contineri.

189 5058 404 5125 Deinde
447 5066 514 5125 in
559 5067 686 5129 alio
723 5068 860 5129 loco
907 5070 1134 5143 Exod.,
1187 5076 1410 5147 praeter
1455 5072 1740 5149 specialia

202 5153 388 5229 verba,
419 5156 668 5219 additur
693 5160 984 5237 generale
1012 5162 1088 5221 de
1110 5162 1494 5240 propinquis,
1525 5164 1741 5225 induci

205 5244 372 5305 ctiam
401 5256 598 5326 potest
624 5251 724 5313 lex
751 5252 1032 5329 Minime,
1065 5254 1130 5315 ff.
1181 5254 1258 5315 de
1285 5254 1630 5333 ReligiosiS,
1679 5263 1741 5317 ct

209 5341 532 5419 sumptibus
559 5343 873 5421 funerum,
899 5346 1012 5405 ubi
1059 5347 1287 5409 dicitur
1336 5347 1740 5411 occidendum

3232 414 3351 477 529

1785 525 1876 579 est
1895 518 2089 579 hostis
2110 520 2397 581 Ecclesiae
2427 520 2497 580 in
2524 518 2622 579 his
2646 535 2788 597 quae
2808 516 2889 579 ad
2922 518 3110 579 Deum
3152 520 3352 581 maxi-

1787 628 1888 671 me
1913 617 1977 671 et
2020 612 2297 673 animam
2328 612 2667 691 pertinent:
2721 626 2891 687 ergo,
2941 616 3059 672 etc.
3091 610 3167 671 Et
3204 610 3352 675 hinc

1787 702 2057 763 sumitur
2081 704 2238 765 ratio
2262 704 2447 782 hujus
2472 703 2815 779 sententiis,
2836 704 2985 782 quia
3006 704 3351 765 secundum

1771 794 2073 856 ·ordinem
2098 795 2413 857 charitatis
2452 797 2683 857 honum
2714 813 3069 870 commune,
3098 804 3161 857 et
3197 815 3352 876 prae·

1789 890 2003 949 sertim
2036 890 2377 967 spirituale,
2406 890 2859 971 praeferendum
2912 896 3003 950 est
3042 888 3207 949 bono
3245 908 3353 970 pa-

1789 982 1922 1056 tris,
1946 984 2289 1061 praesertim
2314 983 2640 1063 temporali
2654 989 2716 1045 et
2742 982 3041 1057 humano,
3078 989 3138 1042 et
3158 982 3351 1043 maxi-

1791 1092 1894 1135 me
1918 1093 2062 1136 cum
2104 1076 2291 1137 simul
2316 1095 2427 1155 per
2456 1076 2641 1138 talem
2666 1076 3202 1137 denuntiationem
3228 1078 3349 1157 spi-

1785 1168 2013 1229 rituale
2041 1168 2278 1229 bonum
2306 1170 2583 1248 ejusdem
2629 1168 2821 1247 patris
2870 1174 3199 1246 quaeratur.
3248 1169 3355 1229 At-

1787 1280 1908 1341 que
1931 1262 2050 1323 hoc
2080 1262 2349 1323 maxime
2374 1268 2573 1339 urget,
2597 1262 2807 1321 addito
2831 1267 3131 1339 praecepto
3150 1261 3355 1323 Eccle-

1787 1356 1918 1430 siae,
1949 1356 2113 1434 quod
2142 1354 2429 1433 generale
2460 1362 2576 1430 est,
2621 1362 2685 1415 et
2732 1353 2906 1414 nulla
2931 1360 3021 1415 est
3068 1355 3229 1414 ratio
3275 1354 3354 1415 ad

1789 1449 2217 1528 exceptionem
2234 1449 2396 1510 hanc
2421 1450 2793 1525 faciendam,
2811 1462 2879 1508 ut
2895 1448 3221 1527 probatum
3239 1456 3353 1511 est.

1871 1544 1971 1603 2-2.
2018 1542 2121 1603 Ad
2160 1544 2273 1605 duo
2310 1545 2543 1605 motiva
2576 1544 2815 1623 priora.
2848 1539 3046 1604 -Aa
3082 1544 3352 1605 tei-tim.

1789 1668 1873 1683 -—
1891 1637 1969 1695 Et
2016 1654 2125 1715 per
2164 1634 2295 1696 haec
2334 1653 2699 1714 responsum
2744 1641 2839 1695 est
2874 1634 2949 1695 ad
2994 1635 3117 1695 duo
3155 1637 3359 1714 priora

1791 1728 2031 1789 motiva
2067 1728 2392 1789 contrariae
2432 1728 2772 1788 sententias.
2812 1728 3066 1805 Propter
3101 1730 3358 1791 tertium

1791 1828 2001 1881 autem
2038 1820 2261 1881 merito
2294 1821 2508 1881 dicunt
2540 1820 2769 1893 Penha,
2820 1827 2883 1881 et
2928 1821 3111 1899 Rojas
3146 1839 3355 1900 supra,

1791 1914 1862 1973 in
1885 1932 1959 1973 eo
1983 1931 2125 1973 casu
2166 1912 2365 1973 filium
2410 1912 2783 1974 servandum
2816 1930 2945 1973 esse
2974 1912 3355 1989 indemnem,

1795 2013 2095 2085 quantum
2115 2004 2249 2066 fieri
2264 2007 2474 2085 possit,
2492 2006 2579 2067 ita
2591 2011 2661 2083 ut
2674 2022 2874 2084 poenae
2903 2002 3357 2079 haeretieorum,

1797 2116 1936 2177 quoe
1969 2098 2037 2157 in
2064 2096 2225 2158 filios
2255 2098 2603 2159 redundare
2651 2097 2875 2170 solent,
2918 2096 3011 2156 illi
3048 2098 3365 2158 remittan-

1795 2198 1922 2263 tur,
1970 2196 2339 2267 argumento
2367 2190 2520 2268 legis
2552 2188 2857 2269 Quisquis,
2910 2187 3110 2268 §ult.,
3164 2189 3229 2249 C.
3283 2189 3364 2251 ad

1795 2282 1999 2361 legem
2026 2284 2259 2345 Juliam
2300 2284 2663 2362 majestatie,
2694 2284 2804 2345 ubi
2824 2282 3042 2343 similis
3087 2282 3363 2343 remissio

1796 2376 1868 2438 fit
1925 2378 1993 2436 in
2038 2377 2299 2438 crimine
2347 2375 2513 2435 lassae
2549 2375 2885 2452 majestatis
2934 2374 3246 2435 humanae.
3294 2376 3366 2435 Et

1799 2468 2011 2530 Penha
2030 2469 2281 2529 adducit
2298 2467 2502 2547 legem
2522 2468 2815 2529 Friderici
2838 2468 3227 2546 imperatoris
3246 2468 3363 2529 hoc

1797 2568 2197 2637 statuentem,
2240 2578 2431 2640 quam
2479 2578 2518 2620 a
2574 2558 2973 2621 Pontificibus
3027 2559 3182 2621 dicit
3234 2578 3365 2621 esse

1798 2654 2149 2733 probatam,
2182 2654 2435 2724 scilicet,
2466 2652 2549 2714 ab
2583 2653 2947 2715 Innocentio
2979 2653 3079 2721 IV,
3110 2658 3179 2713 ut
3201 2653 3364 2713 idem

1799 2747 1993 2807 refert
2016 2746 2083 2807 in
2112 2746 2226 2807 ult.
2260 2752 2432 2825 parte
2476 2746 2727 2821 Direct„
2764 2762 2905 2825 pag.
2944 2746 3065 2807 Get
3092 2747 3151 2807 9.
3186 2746 3366 2807 Deui-

1801 2856 1944 2917 que,
1972 2847 2042 2900 ut
2080 2838 2237 2899 bene
2264 2839 2506 2900 notavit
2532 2838 2751 2910 Castr„
2778 2838 2841 2899 d.
2879 2839 2923 2899 l.
2954 2840 3016 2915 ⁹2,
3052 2856 3107 2899 c.
3142 2840 3242 2911 26,
3276 2844 3369 2901 est

1799 2930 1920 2991 hoc
1947 2931 2265 2993 moraliter
2292 2934 2727 3006 necessarium,
2750 2950 2831 2993 ne
2862 2931 2975 2991 filii
2999 2930 3079 2992 ab
3110 2932 3227 2993 hac
3260 2932 3366 2993 de·

1799 3026 2193 3085 nuntiatione
2218 3031 2608 3101 terreantur3
2642 3026 2771 3087 imo
2797 3024 3255 3103 quodammodo
3274 3030 3367 3085 est

1799 3117 1925 3177 illis
1975 3117 2253 3179 debitum
2292 3124 2545 3197 propter
2602 3117 2849 3195 insigne
2906 3135 3061 3195 opus
3096 3118 3363 3193 virtutis,

1802 3210 1971 3290 quod
2022 3210 2277 3281 faciunt,
2330 3211 2617 3289 quodque
2663 3210 2800 3289 plus
2842 3210 2967 3273 illis
3010 3211 3193 3272 debet
3226 3230 3368 3290 pro-

1805 3306 1999 3380 desse,
2032 3322 2219 3384 quam
2244 3305 2535 3366 delictum
2564 3306 2757 3384 patris
2787 3304 3019 3367 obesse.

1884 3398 1985 3459 93.
2028 3396 2127 3459 Au
2155 3398 2349 3479 aliqui
2400 3398 2473 3461 ab
2514 3399 2847 3480 exceptione
2886 3398 3081 3478 juris,
3132 3400 3373 3480 possint

1803 3508 1922 3551 non.
1964 3492 2313 3555 manuari
2338 3493 2504 3571 apud
2546 3492 2971 3573 [inquisitores.
2996 3522 3081 3539 --
3100 3494 3373 3572 Denique

1805 3585 2059 3644 tertium
2116 3591 2302 3663 caput
2346 3602 2425 3645 ex
2452 3586 2779 3663 propositis
2821 3586 2887 3647 in
2918 3605 3092 3647 num.
3138 3588 3207 3647 16
3240 3592 3375 3647 erut

1805 3678 2085 3757 exceptio
2107 3677 2291 3754 juriS.
2340 3677 2667 3739 Videbitur
2704 3678 2873 3739 enim
2916 3696 3375 3759 supervacanea

1805 3770 2199 3830 denuntiatio
2224 3770 2302 3831 de
2344 3771 2423 3830 iis
2444 3790 2599 3850 quos
2625 3772 2725 3849 jus
2774 3772 2991 3833 eximit
3018 3791 3054 3833 a
3080 3772 3377 3833 tribunali

1807 3862 1979 3936 fidei,
2010 3863 2311 3941 quoniam
2342 3864 2396 3923 si
2448 3870 2661 3925 contra
2710 3859 3004 3942 personas
3048 3866 3286 3945 aliquas
3310 3866 3377 3927 in

1809 3973 1884 4016 eo
1917 3955 2169 4034 procedi
2190 3974 2319 4016 nou
2366 3963 2591 4035 potest,
2632 3955 2860 4017 frustra
2892 3957 2968 4017 ad
2998 3956 3151 4017 illud
3181 3959 3379 4019 tribu—

1809 4050 1916 4110 nal
1943 4049 2336 4122 deferentur-3
2374 4049 2561 4109 eximi
2588 4066 2737 4110 vero
2758 4050 3073 4128 episcopos
3112 4057 3173 4111 et
3196 4070 3381 4129 quos-

1809 4144 1955 4203 dam
1987 4142 2143 4202 alios
2162 4143 2372 4202 statim
2390 4142 2744 4203 ostendetur
2770 4160 2787 4213 ;
2815 4160 2965 4219 ergo
2982 4142 3119 4203 illos
3144 4144 3381 4205 deferre

1811 4254 1936 4297 non
1998 4235 2371 4297 tenebimur.
2439 4236 2884 4297 Verumtamen
2946 4238 3385 4315 consequentia

1811 4330 1948 4390 haec
1978 4328 2195 4389 efficax
2228 4346 2355 4389 non
2376 4335 2509 4389 est:
2539 4331 2765 4407 poterit
2790 4329 3121 4406 siquidem,
3168 4346 3277 4407 per
3318 4348 3383 4391 se

1811 4422 2141 4501 loquendo,
2159 4420 2423 4499 obligari
2446 4422 2749 4500 quispiam
2766 4422 2839 4481 ad
2854 4420 3349 4483 denuntiandum
3356 4467 3376 4498 ,

1815 4515 2100 4594 quamvis
2126 4514 2453 4575 terminari
2505 4532 2690 4575 causa
2732 4518 2997 4592 nequeat
3024 4514 3189 4592 apud
3230 4532 3384 4593 quos

1817 4609 2164 4669 denuntiat.
2210 4608 2443 4669 Deinde
2471 4607 2656 4667 allata
2694 4608 2973 4685 exceptio
3020 4608 3385 4687 simpliciter

1815 4701 1991 4761 nulla
2014 4707 2139 4777 est3
2174 4701 2321 4779 quia
2344 4700 2562 4761 saltem
2584 4717 2791 4761 coram
2821 4698 3115 4761 Pontifice
3136 4702 3379 4761 denun-

1815 4794 1993 4854 tiatio
2014 4800 2229 4853 contra
2250 4794 2565 4871 episcopos
2586 4793 2868 4853 iacienda
2888 4794 3027 4867 erit,
3050 4810 3177 4871 qua
3199 4792 3387 4871 possit

1821 4887 1942 4958 via,
1992 4887 2437 4966 commodaque
2468 4889 2725 4949 ratione.

1897 4980 1999 5041 24.
2053 4980 2215 5053 Quid
2238 4981 2307 5042 de
2323 4980 2705 5062 principibus
2756 4979 3057 5060 supremis
3084 4976 3387 5041 laicis.-

1817 5073 1938 5135 Sed
1967 5072 2287 5132 videamus
2314 5092 2397 5133 an
2442 5092 2512 5133 re
2564 5074 2696 5151 ipsa
2724 5090 3003 5151 personae
3042 5072 3267 5151 aliquae
3306 5071 3389 5133 ab

1819 5165 1938 5227 hoc
1978 5164 2275 5227 tribunali
2334 5163 2742 5243 excipiantur,
2784 5172 2843 5225 et
2892 5165 3165 5243 quidem,
3222 5165 3275 5223 si
3310 5164 3388 5224 de

1823 5257 1995 5318 laicis
2022 5273 2227 5317 sermo
2264 5257 2365 5331 sit,
2409 5275 2645 5333 omues,
2691 5259 2959 5336 cujusvis
3008 5259 3132 5317 sint
3178 5257 3390 5317 condi-

1822 5350 2011 5411 tionis
2038 5366 2111 5409 ac
2160 5350 2657 5427 praeeminentiae,
2710 5350 3005 5411 tribunali
3058 5350 3203 5409 fidei
3248 5350 3383 5411 sub·

206 5444 318 5489 esse
343 5442 661 5511 pan-,ntem
713 5437 954 5500 hostem
985 5440 1233 5515 patriam
1286 5441 1392 5501 sed
1419 5440 1744 5503 hacreticus
1825 5443 2082 5515 duntur,
2116 5446 2188 5499 ut
2213 5447 2385 5519 patet
2434 5457 2511 5503 ex
2540 5460 2675 5521 cap.
2720 5442 2803 5504 Ut
2828 5439 3117 5520 officium,
3144 5440 3181 5520 ᾖ
3210 5442 3393 5503 Deni-

203 5527 593 5605 aequiparatum
625 5532 786 5593 hosti
839 5533 1080 5611 patriae,
1115 5534 1244 5595 imo
1281 5536 1548 5611 excedit,
1599 5537 1746 5614 quia
1825 5552 1961 5617 qm,
2013 5533 2089 5595 de
2118 5533 2453 5607 Haereticis,
2490 5534 2555 5595 in
2596 5536 2659 5609 6,
2688 5546 2871 5612 atque
2905 5532 3255 5605 ex,litteris
3284 5532 3398 5592 Ur·-

504 5651 616 5697 xit.

2990 5644 3067 5700 34
