3900 6217
472 390 592 452 314

472 495 626 557 dum
647 494 724 557 de
753 493 877 557 fide
904 495 1075 557 hunc
1104 493 1422 557 hominem
1447 493 1677 557 habere
1701 512 1742 555 a
1772 492 1900 557 Deo
1929 511 2037 573 po·

472 595 754 651 testatem
811 588 1170 664 definiendi,
1237 594 1301 649 et
1357 588 1772 651 assistentiam
1837 587 2038 669 Spiri-

471 687 572 743 tus
598 681 830 757 Sancti,
857 687 1344 762 potestatemque
1371 681 1448 743 ad
1487 700 1588 744 me
1630 680 2037 760 obligandum

470 781 542 836 ut
581 775 826 837 credam
885 793 1024 855 quae
1071 775 1202 854 ipse
1239 774 1495 852 definit3
1536 775 1651 837 hoc
1697 780 1906 835 autem
1943 778 2037 834 est

471 869 654 948 plane
681 869 930 930 credere
979 868 1146 931 hunc
1187 868 1507 931 hominem
1528 870 1856 931 Summum
1903 886 2035 930 esse

472 961 856 1023 Pontificem.

548 1058 608 1118 3.
653 1053 1158 1119 Adam-sariorum
1207 1056 1430 1119 evasio,
1466 1088 1548 1103 —
1583 1055 1911 1135 Rejioicur.
1950 1086 2035 1101 —

470 1150 595 1211 Nec
622 1168 770 1212 vero
818 1150 1084 1229 intelligi
1139 1154 1363 1230 potest,
1401 1150 1568 1230 quod
1609 1150 1864 1230 quidam
1911 1168 2033 1211 res-

467 1242 762 1322 pondent,
797 1248 892 1305 sat
932 1260 1062 1305 esse
1103 1242 1472 1305 certitudine
1522 1242 1744 1305 morali
1785 1244 2033 1306 credere

469 1335 638 1397 hunc
667 1354 800 1397 esse
842 1354 1062 1398 verum
1097 1335 1454 1397 Pontificem
1481 1382 1502 1413 ,
1553 1354 1697 1399 cum
1747 1336 2033 1399 Pontifex

471 1428 672 1491 solum
705 1448 770 1491 se
819 1429 1045 1491 habeat
1095 1434 1168 1491 ut
1210 1429 1525 1510 applicans
1573 1436 1636 1493 et
1681 1448 2031 1509 proponens

469 1522 682 1597 fidem,
707 1522 1165 1603 dixerimusque
1183 1522 1250 1583 in
1279 1522 1722 1603 superioribuS,
1753 1542 1830 1585 ex
1855 1530 2031 1602 parte

469 1618 872 1697 proponentis
922 1618 1202 1679 sufficere
1249 1618 1685 1679 certitudinem
1732 1618 2030 1679 moralem

468 1710 548 1771 ad
587 1710 1002 1785 credendum3
1047 1711 1198 1772 illud
1241 1711 1408 1773 enim
1443 1728 1660 1773 verum
1709 1717 1800 1773 est
1831 1712 2032 1773 consi-

469 1806 745 1867 derando
797 1824 894 1867 res
951 1806 1294 1885 propositas
1353 1806 1420 1865 in
1477 1805 1716 1867 ratione
1771 1804 2032 1865 credibi-

467 1898 646 1975 lium,
677 1904 742 1960 et
767 1902 1072 1978 quatenus
1111 1898 1264 1959 alias
1285 1898 1419 1979 jam
1446 1898 1716 1960 definitae
1744 1915 1814 1959 ac
1841 1904 2031 1959 certae

467 2010 507 2052 a
539 1998 921 2071 proponente
965 1993 1248 2072 proximo
1284 2011 1393 2054 seu
1432 1993 1716 2053 ministro
1747 1993 2028 2072 Evange-

466 2084 536 2145 lii
577 2084 1035 2164 praedicantur;
1090 2104 1261 2147 secus
1289 2104 1438 2147 vero
1465 2092 1560 2147 est
1599 2085 1677 2146 de
1722 2103 1796 2147 eo
1839 2104 2027 2165 quem

466 2182 709 2256 oportet
737 2194 836 2239 me
867 2178 1178 2259 amplecti,
1210 2187 1280 2241 ut
1317 2178 1705 2241 infallibilem
1744 2179 2029 2258 regulam

465 2270 635 2347 fidei,
667 2272 802 2350 ejus
823 2272 1054 2334 scilicet
1079 2274 1369 2335 materias
1397 2271 1821 2334 definientem.
1851 2272 2027 2345 Quod

465 2363 814 2425 declaratur
839 2384 878 2425 a
915 2366 1101 2427 simili
1127 2382 1148 2443 ;
1179 2372 1248 2426 ut
1282 2365 1451 2427 enim
1477 2412 1490 2438 ,
1523 2382 1664 2444 quse
1709 2365 1776 2425 in
1823 2366 2027 2444 Scrip-

465 2462 606 2517 tura
650 2458 1052 2521 continentur
1075 2458 1199 2521 fide
1239 2459 1454 2521 divina
1495 2458 1852 2533 credantur,
1899 2476 2027 2519 non

466 2554 561 2610 sat
589 2556 680 2611 est
709 2552 1074 2613 certitudine
1119 2553 1358 2629 morali,
1407 2552 1512 2615 sed
1563 2552 1686 2613 fide
1723 2552 2027 2613 catholica

467 2649 709 2723 oportet
750 2645 998 2707 credere
1025 2646 1228 2725 ipsam
1257 2648 1636 2727 Scripturam
1689 2663 1818 2708 esse
1867 2646 2026 2707 divi-

465 2755 612 2799 nam
643 2760 662 2814 3
705 2744 835 2799 tam
881 2746 974 2801 est
1023 2746 1232 2801 autem
1275 2740 1496 2820 regula
1541 2740 1688 2802 fidei
1743 2739 2025 2801 Pontifex

463 2850 651 2912 quam
707 2832 1058 2913 Scriptura,
1092 2841 1161 2894 ut
1197 2841 1370 2914 patet
1399 2852 1476 2896 ex
1519 2834 1749 2914 disput.
1783 2836 1843 2910 5,
1873 2840 2019 2895 sect.

464 2926 522 2985 5.
569 2925 748 2986 Ratio
776 2943 922 2986 vero
961 2932 1076 3002 est,
1107 2927 1257 3007 quia
1281 2946 1419 3007 quse
1452 2927 1518 2988 in
1541 2928 1856 3008 Scriptura
1877 2946 2025 2990 cou-

462 3016 743 3079 tinenlur
780 3019 879 3079 vel
907 3036 952 3079 a
993 3020 1289 3081 Pontifice
1329 3020 1736 3097 definiuntur,
1771 3028 1846 3081 ut
1875 3040 2023 3083 vera

463 3110 611 3187 sint,
641 3128 770 3172 non
799 3112 1071 3191 pendent
1112 3118 1354 3173 tantum
1397 3132 1472 3174 ex
1510 3132 1582 3175 eo
1623 3114 1785 3193 quod
1827 3115 2021 3175 credi-

461 3200 586 3265 bile
625 3204 730 3279 sit,
761 3206 950 3267 etiam
981 3206 1301 3267 evidenter
1319 3252 1340 3281 ,
1369 3206 1532 3267 hanc
1574 3224 1726 3268 esse.
1749 3208 2024 3288 Scriptu-

463 3314 622 3371 ram,
655 3298 756 3359 vel
785 3297 952 3359 hunc
972 3317 1104 3360 esse
1133 3300 1464 3361 Summum
1501 3298 1885 3376 Pontificem,
1916 3302 2024 3362 sed

463 3409 540 3452 ex
585 3390 704 3452 hoc
749 3392 914 3473 quod
967 3410 1112 3454 vere
1157 3393 1245 3453 ita
1297 3392 1378 3453 sit
1435 3412 1508 3454 ac
1564 3392 2020 3473 infallibiliter;

461 3490 702 3563 oportet
751 3504 898 3565 ergo
953 3492 1128 3547 tanta
1169 3487 1542 3548 certitudine
1591 3486 1836 3547 credere
1879 3506 2025 3551 vere

461 3578 549 3639 ita
591 3596 744 3651 esse,
777 3585 1011 3659 quanta
1043 3580 1384 3642 creduntur
1431 3598 1508 3642 ea
1551 3598 1690 3663 quae
1733 3580 1864 3661 ipse
1919 3580 2025 3642 de·-

460 3670 623 3732 finit.

546 3768 602 3828 4.
649 3765 936 3830 Aliorum
976 3768 1172 3831 evasio
1203 3769 1432 3850 prima.
1464 3800 1545 3815 -·-
1575 3768 2021 3851 Empuynatur.

459 3892 543 3907 —
561 3862 816 3939 Propter
850 3860 986 3921 haec
1033 3879 1180 3941 ergo
1208 3862 1317 3923 alii
1358 3869 1656 3942 negantes
1703 3864 1916 3938 etiam,
1948 3863 2026 3924 de

459 3952 583 4013 fide
615 3951 830 4013 haberi
866 3954 1037 4015 hunc
1081 3972 1211 4016 esse
1239 3972 1454 4017 verum
1499 3955 1884 4031 Pontificem,
1920 3974 2027 4016 vo-

457 4043 599 4104 lunt
627 4044 1034 4107 nihilominus
1065 4064 1194 4109 esse
1221 4047 1300 4109 de
1325 4048 1446 4109 fide
1480 4047 1648 4109 hunc
1678 4047 2022 4124 hominem,

460 4138 570 4215 qui
607 4139 979 4201 certitudine
1025 4141 1295 4221 quadam
1323 4141 1543 4203 morali
1572 4142 1640 4201 in
1668 4148 1798 4202 tota
1822 4140 2028 4202 Eccle-

461 4231 554 4291 sia
593 4230 860 4294 habetur
885 4250 1066 4293 verus
1095 4234 1401 4307 Pontifex,
1431 4252 1576 4296 vere
1613 4240 1676 4295 et
1723 4234 1838 4295 rite
1885 4234 2023 4294 effi-

459 4342 598 4385 cere
620 4326 832 4389 omnia
855 4344 996 4405 quae.
1027 4326 1214 4387 efficit
1239 4346 1421 4387 verus
1450 4326 1755 4403 Pontifex,
1786 4334 1848 4388 et
1874 4344 2024 4406 gau·

459 4416 607 4479 dere
649 4418 992 4499 privilegiis
1050 4421 1340 4481 omnibus
1379 4421 1846 4500 assistentiaque
1888 4420 2025 4500 Spi-

460 4510 616 4571 ritus
645 4512 851 4573 Sancti
893 4513 1072 4575 Petro
1115 4520 1177 4573 et
1236 4512 1531 4591 legitimis
1575 4512 2023 4575 successoribus

461 4604 594 4681 ejus
641 4605 974 4683 promissis.
1013 4608 1093 4667 At
1143 4606 1276 4668 haec
1324 4607 1629 4668 sententia
1670 4607 1735 4666 in
1773 4605 2021 4667 easdem

461 4698 682 4758 incidit
731 4694 1124 4760 difficultates
1171 4718 1324 4779 quas
1377 4701 1572 4761 vitare
1618 4706 1898 4760 conatur.
1949 4700 2026 4760 Et

462 4796 765 4870 praeterea
783 4836 803 4865 ,
837 4796 908 4851 ut
959 4791 1114 4853 mihi
1158 4793 1426 4868 videtur,
1456 4793 1774 4872 propriam
1809 4810 2023 4853 vocem

462 4884 733 4961 ignorat,
769 4891 832 4945 et
877 4884 1353 4947 contradictoria
1382 4885 1551 4948 dicit.
1590 4886 1843 4966 Explico
1901 4885 2029 4945 sin-

463 4976 640 5055 gula:
674 4976 897 5057 primo,
936 4978 1104 5040 unde
1133 4996 1340 5059 quaeso
1368 4980 1568 5058 magis
1591 4985 1831 5041 constat
1856 4978 2027 5039 hunc

461 5070 806 5146 hominem,
850 5090 891 5133 a
939 5070 1118 5132 nobis
1165 5071 1590 5134 existimatum
1635 5072 2023 5145 Pontificem,

461 5164 732 5244 gaudere
761 5165 828 5225 in
866 5182 933 5227 re
967 5166 1100 5245 ipsa
1125 5166 1464 5245 privilegiis
1494 5165 1736 5227 Summi
1769 5164 2021 5225 Pontifi-

464 5256 576 5332 cis‚
609 5274 798 5337 quam
843 5276 974 5319 esse
1027 5276 1172 5319 vere
1222 5260 1552 5321 Summum
1605 5257 2024 5319 Pontificem?

463 5351 598 5413 Non
623 5352 792 5413 enim
834 5370 1033 5412 unum
1065 5355 1265 5433 magis
1293 5354 1490 5414 altero
1524 5352 1866 5413 revelatum
1895 5369 2025 5413 esse

463 5442 720 5518 dicetur,
746 5450 808 5505 et
847 5451 1180 5527 utrumque
1208 5448 1434 5526 pendet
1461 5446 1539 5506 ab
1569 5445 2025 5506 existimatione

463 5538 734 5625 quadam
777 5537 1106 5602 hominum
1131 5540 1376 5603 morali.
1409 5540 1540 5607 Imo
1575 5538 1843 5603 involvit
1889 5538 2025 5603 haec

1543 393 1781 447 msrtJ‘r.
1814 395 1876 447 X.
1912 393 1994 445 DE
2026 390 2237 447 SUHHO
2268 390 2605 443 PONTIFICE.

2118 493 2428 555 sententia
2472 490 2793 572 quippiam
2830 508 2959 552 non
3010 490 3355 553 revelatum
3418 491 3625 553 solum
3651 538 3674 569 ,

2118 587 2225 648 sed
2258 586 2447 647 etiam
2490 584 2741 659 falsum,
2770 583 3003 645 scilicet
3020 628 3040 659 ,
3080 583 3407 663 privilegia
3456 585 3671 647 omnia

2115 677 2359 743 Summi
2405 677 2716 740 Pontificis
2764 682 2828 739 et
2870 682 3235 755 potestatem
3274 677 3461 739 alicui
3512 678 3677 753 dari,

2116 775 2223 855 qui
2251 792 2379 835 non
2404 774 2487 834 sit
2513 791 2697 836 verus
2718 771 3001 834 Pontifex
3026 794 3043 846 ;
3077 789 3227 833 nam
3257 771 3533 833 Christus
3558 774 3681 833 Do-

2116 868 2325 929 minus
2368 884 2499 928 non
2530 866 2920 945 cuicumque,
2950 866 3057 927 sed
3095 867 3297 941 Petro,
3326 871 3393 927 et
3436 884 3681 927 succes·

2117 962 2359 1025 soribus
2384 960 2679 1040 legitimis
2698 959 2858 1021 dixit
2886 977 2903 1021 ε
2951 960 3361 1040 Quodcumque
3384 958 3677 1041 timueris

2114 1063 2231 1118 etc.
2268 1054 2521 1131 Deinde,
2554 1059 2626 1115 ut
2652 1053 2787 1115 haec
2812 1054 2943 1133 ipsa
2968 1052 3275 1115 sententia
3304 1053 3507 1133 ponit,
3534 1052 3679 1113 dari

2110 1152 2276 1215 valet
2317 1149 2599 1213 Pontifex
2630 1149 3016 1211 existimatus
3044 1149 3520 1221 tantummodo;
3568 1149 3677 1209 de-

2111 1264 2251 1307 mus
2292 1263 2441 1307 vero
2490 1244 2579 1305 ita
2618 1262 2752 1307 esse
2775 1289 2796 1319 ,
2840 1243 3067 1323 poterit
3118 1260 3268 1321 ergo
3310 1244 3499 1303 etiam
3541 1260 3681 1303 esse

2110 1359 2237 1403 non
2280 1340 2615 1417 Sacerdos;
2662 1338 2965 1418 numquid
2996 1337 3191 1414 igitur
3216 1336 3341 1409 ille,
3372 1337 3427 1397 si
3476 1354 3683 1397 sacra-

2110 1434 2465 1495 mentaliter
2516 1431 2833 1493 absolvere
2880 1436 3079 1493 tentet
3126 1436 3241 1493 aut
3278 1447 3675 1502 consecrare,

2110 1527 2173 1590 id
2210 1526 2487 1607 perficiet
2506 1529 2535 1586 *ἒ
2576 1525 2759 1589 Nullo
2806 1524 3029 1586 modo:
3076 1523 3457 1585 contrarium
3498 1523 3681 1585 enim

2110 1628 2389 1683 astruere
2416 1619 2775 1682 haereticum
2803 1625 2961 1681 esset
2973 1634 2992 1695 ;
3030 1635 3156 1679 non
3176 1634 3323 1695 ergo
3348 1614 3539 1679 habet
3564 1633 3683 1694 po-

2110 1721 2395 1777 testatem
2426 1732 2675 1776 omnem
2704 1730 2891 1793 quam
2920 1712 3139 1773 habuit
3160 1713 3375 1775 Petrus
3410 1730 3525 1791 per
3562 1709 3675 1771 illa

2109 1808 2297 1869 verba
2326 1826 2341 1869 ε
2378 1807 2793 1888 mode-nmque
2818 1806 3134 1885 liyaveris,
3164 1810 3285 1867 etc.

2191 1904 2249 1964 5.
2294 1901 2623 1981 Effwyiwm
2662 1900 2839 1962 aliud
2871 1897 3269 1980 praecluditm·
3308 1898 3675 1979 multiplici-

2110 2001 2225 2059 ter.
2248 1996 2553 2057 -Dicent
2578 1994 2736 2055 forte
2764 1992 2992 2054 hahere
3030 2010 3281 2053 omnem
3304 1998 3677 2071 potestatem

2108 2088 2311 2169 quoad
2352 2093 2529 2149 actus
2564 2085 2753 2147 solius
2782 2084 3261 2165 jurisdictionis,
3295 2102 3421 2145 non
3458 2090 3675 2147 autem

2106 2180 2364 2242 ordinis,
2418 2180 2535 2242 Sed
2572 2179 2747 2241 obest
2792 2178 3024 2259 prime,
3061 2176 3211 2256 quia
3258 2176 3539 2256 plenaria
3570 2178 3677 2255 ju-

2106 2274 2477 2334 risdictionis
2516 2278 2783 2352 potestas
2812 2270 3111 2333 fundatur
3141 2269 3325 2331 modo
3348 2269 3561 2349 aliquo
3602 2269 3677 2329 in

2106 2373 2405 2447 potestate
2430 2367 2688 2442 ordinis,
2714 2366 2803 2427 ita
2832 2372 2903 2426 ut
2928 2364 3272 2426 necessario
3308 2364 3481 2425 illam
3512 2382 3677 2443 prae-

2106 2462 2401 2541 requirat,
2432 2478 2635 2539 neque
2658 2461 2987 2521 consistere
3008 2458 3175 2519 valet
3206 2458 3392 2537 plena
3420 2460 3671 2519 Summi

2106 2553 2418 2615 Pontificis
2445 2559 2734 2633 potestas,
2764 2570 2901 2633 quae
2932 2552 3013 2613 ad
3034 2551 3317 2613 Ecclesiae
3356 2552 3673 2629 guberna·

2105 2650 2341 2711 tionem
2384 2647 2652 2727 pertinet
2676 2692 2695 2723 ,
2748 2652 3027 2727 separata
3071 2664 3111 2707 a
3159 2651 3459 2725 potestate
3506 2648 3672 2709 inte-

2106 2743 2289 2817 riori,
2344 2746 2407 2803 et
2446 2742 2513 2801 in
2562 2740 2943 2820 poenitentiae
2982 2739 3149 2811 foro;
3182 2741 3310 2801 imo
3348 2740 3416 2801 in
3458 2741 3671 2801 Ponti-

2103 2837 2221 2898 fice
2272 2836 2517 2915 proprie
2560 2853 2691 2896 non
2744 2834 2883 2895 duae
2942 2840 3089 2895 sunt
3140 2839 3469 2913 potestat&
3494 2878 3514 2908 ,
3556 2834 3667 2895 sed

2102 2930 2287 2990 unica
2316 2928 2631 3003 eminens,
2662 2933 2847 3006 atque
2892 2932 3217 3007 utramque
3260 2925 3671 3007 comprehen-
3734 3004 3741 3007 ,

2102 3022 2275 3083 dens.
2302 3022 2479 3083 Unde
2506 3020 2763 3082 tandem
2788 3020 3087 3081 concludo
3112 3020 3667 3083 contradictionem

2102 3116 2360 3190 involvi,
2392 3114 2720 3176 asserendo
2756 3113 2923 3175 hunc
2947 3112 3269 3175 hominem
3302 3112 3531 3175 habere
3560 3132 3665 3175 su-

2103 3226 2381 3289 premam
2435 3214 2801 3288 potestatem
2844 3206 3291 3285 jurisdictionis
3344 3207 3411 3267 in
3464 3212 3663 3269 totam

2105 3302 2460 3378 Ecclesiam,
2496 3320 2570 3363 ac
2607 3301 2891 3380 negando
2932 3301 3011 3361 de
3050 3299 3173 3361 fide
3222 3300 3438 3361 haberi
3486 3318 3665 3362 eum-

2106 3395 2247 3456 dem
2284 3414 2415 3457 esse
2469 3396 2796 3457 Summum
2852 3392 3267 3468 Pontificem3
3328 3394 3475 3473 quia
3529 3394 3667 3472 jam

2104 3488 2523 3549 affirmaretur
2551 3485 3002 3562 definitionem,
3028 3493 3101 3546 ut
3127 3486 3213 3547 ita
3238 3485 3483 3565 loquar,
3514 3506 3671 3549 con-

2104 3582 2319 3643 venire
2348 3582 2414 3641 in
2462 3582 2629 3642 hunc
2654 3579 2998 3649 hominem,
3026 3595 3155 3640 non
3198 3585 3411 3640 autem
3444 3579 3671 3641 defini-

2106 3680 2284 3752 tum;
2336 3675 2627 3753 idemque
2664 3672 3000 3752 pronuntio
3032 3672 3110 3732 de
3152 3672 3455 3734 credendo
3495 3671 3671 3733 hunc

2105 3768 2425 3831 hominem
2458 3769 2691 3829 habere
2736 3754 3102 3847 potestatem
3144 3766 3501 3842 definiendi,
3550 3786 3671 3827 seu

2105 3869 2249 3923 actu
2282 3881 2427 3924 vere
2472 3862 2821 3923 definivisse
2870 3878 2945 3922 ex
3002 3860 3351 3921 assistentia
3398 3860 3671 3939 Spiritus

2106 3957 2336 4032 Sancti,
2364 3975 2509 4018 nam
2542 3954 2675 4017 hoec
2700 3956 2913 4016 omnia
2940 3954 3253 4034 pertinent
3278 3954 3357 4015 ad
3385 3955 3669 4034 jurisdic-

2104 4052 2339 4111 tionem
2368 4048 2844 4129 inseparabilem
2886 4066 2923 4109 a
2962 4065 3111 4109 vero
3136 4047 3447 4109 Pontifice.
3486 4048 3667 4109 Unde

2104 4143 2292 4203 etiam
2318 4142 2690 4220 intelligitur
2728 4142 3040 4221 quomodo
3068 4140 3187 4219 ipsi
3220 4146 3517 4217 negantes
3553 4140 3669 4201 ha-

2104 4235 2237 4297 beri
2266 4236 2341 4298 de
2370 4235 2493 4296 fide
2514 4234 2683 4295 hunc
2708 4252 2839 4297 esse
2861 4252 3083 4297 verum
3112 4234 3498 4305 Pontificem,
3522 4252 3667 4313 pos-

2105 4330 2229 4390 sint
2271 4327 2677 4389 nihilominus
2702 4328 2953 4389 credere
2979 4326 3101 4388 fide
3148 4344 3287 4406 quae
3315 4312 3400 4387 ali
3422 4326 3529 4387 ino
3556 4328 3663 4390 de-

2104 4422 2433 4497 finiuntur,
2474 4440 2619 4482 nam
2664 4440 2731 4483 re
2782 4422 2916 4501 ipsa
2960 4440 3032 4482 ac
3068 4421 3147 4482 de
3194 4420 3355 4481 facto
3400 4421 3669 4483 credunt

2103 4515 2281 4578 illum
2330 4533 2462 4577 esse
2494 4514 2898 4577 Pontificem.
2950 4532 3095 4575 cum
3142 4514 3398 4576 credant
3436 4515 3669 4578 habere

2106 4614 2472 4689 potestatem
2502 4626 2574 4669 ac
2601 4609 2845 4669 Summi
2884 4608 3195 4669 Pontificis
3220 4610 3619 4689 privilegium
3644 4600 3691 4671 ε’

2106 4720 2182 4763 ex
2210 4702 2477 4781 quadam
2522 4708 2729 4762 autem
2776 4701 3130 4780 ignorantia
3158 4706 3383 4781 putant
3426 4718 3493 4763 se
3536 4722 3669 4764 non

2106 4796 2375 4855 credere.
2437 4793 2614 4854 Unde
2672 4810 2751 4854 ex
2822 4794 3179 4872 ignorantia
3243 4794 3527 4856 incidunt
3599 4798 3669 4857 in

2106 4887 2453 4965 quamdam·
2470 4886 2659 4947 veluti
2690 4887 3262 4948 contradictionem.

2186 4980 2249 5040 6.
2293 4977 2394 5041 Ad
2427 4980 2697 5059 primum
2730 4986 3149 5061 eto-ymarum
3192 4979 3263 5042 in
3294 4998 3457 5043 num.
3506 4986 3565 5044 ¹.
3586 5018 3677 5033 -

2106 5072 2201 5135 Ad
2230 5074 2503 5152 primum
2526 5078 2965 5151 argumentum
2986 5074 3053 5135 in
3079 5074 3385 5155 principio
3408 5075 3671 5155 factum,

2106 5165 2548 5246 respondemus
2574 5166 2729 5228 illud
2758 5184 2890 5228 esse
2921 5184 2961 5227 a
2986 5168 3111 5229 Deo
3136 5168 3503 5247 revelatum,
3544 5190 3677 5251 quo

2107 5260 2291 5319 modo
2318 5258 2658 5321 revelatum
2700 5267 2793 5321 est
2828 5260 2991 5321 hanc
3032 5280 3162 5323 esse
3198 5262 3537 5325 Ecclesiam
3566 5284 3677 5325 vo·

2105 5370 2273 5426 ram;
2298 5368 2489 5431 quare
2532 5370 2677 5412 cum
2704 5354 3000 5416 revelavit
3026 5356 3278 5416 Petrum
3314 5374 3443 5417 esse
3484 5364 3679 5435 caput

2109 5446 2393 5519 Eccesiae,
2418 5445 2650 5524 pariter
2690 5446 2989 5507 revelavit
3028 5448 3401 5523 generaliter
3428 5447 3505 5507 de
3532 5464 3679 5507 orn-

2106 5538 2291 5603 nibus
2312 5539 2446 5625 ejus
2468 5537 2941 5616 successorihus,
2964 5540 3287 5624 solumque
3302 5539 3476 5603 deest
3496 5540 3679 5605 suffi-
