<?xml version="1.0" encoding="UTF-8"?>
<!DOCTYPE html PUBLIC "-//W3C//DTD XHTML 1.0 Transitional//EN"
    "http://www.w3.org/TR/xhtml1/DTD/xhtml1-transitional.dtd">
<html xmlns="http://www.w3.org/1999/xhtml" xml:lang="en" lang="en">
 <head>
  <title>
</title>
<meta http-equiv="Content-Type" content="text/html;charset=utf-8" />
  <meta name='ocr-system' content='tesseract 3.04.00' />
  <meta name='ocr-capabilities' content='ocr_page ocr_carea ocr_par ocr_line ocrx_word'/>
</head>
<body>
  <div class='ocr_page' id='page_1' title='image "./rpfranciscisuar00duvagoog_0368.png"; bbox 0 0 3900 6217; ppageno 0'>
   <div class='ocr_carea' id='block_1_1' title="bbox 508 314 630 382">
    <p class='ocr_par' dir='ltr' id='par_1_1' title="bbox 508 314 630 382">
     <span class='ocr_line' id='line_1_1' title="bbox 508 314 630 382; baseline 0.016 -2"><span class='ocrx_word' id='word_1_1' title='bbox 508 314 630 382; x_wconf 78' lang='lat'><strong>350</strong></span> 
     </span>
    </p>
   </div>
   <div class='ocr_carea' id='block_1_2' title="bbox 502 423 2077 2466">
    <p class='ocr_par' dir='ltr' id='par_1_2' title="bbox 502 423 2071 877">
     <span class='ocr_line' id='line_1_2' title="bbox 507 423 2071 506; baseline -0.002 -17"><span class='ocrx_word' id='word_1_2' title='bbox 507 427 675 490; x_wconf 88' lang='lat' dir='ltr'><strong>illius</strong></span> <span class='ocrx_word' id='word_1_3' title='bbox 699 425 996 506; x_wconf 89' lang='lat' dir='ltr'><strong>temporis</strong></span> <span class='ocrx_word' id='word_1_4' title='bbox 1023 431 1158 488; x_wconf 90' lang='lat' dir='ltr'><strong>erat</strong></span> <span class='ocrx_word' id='word_1_5' title='bbox 1182 424 1292 488; x_wconf 91' lang='lat' dir='ltr'><strong>illa</strong></span> <span class='ocrx_word' id='word_1_6' title='bbox 1336 425 1696 506; x_wconf 82' lang='lat' dir='ltr'><strong>imperfecta</strong></span> <span class='ocrx_word' id='word_1_7' title='bbox 1727 423 1881 488; x_wconf 87' lang='lat' dir='ltr'><strong>fides</strong></span> <span class='ocrx_word' id='word_1_8' title='bbox 1923 425 2071 488; x_wconf 86' lang='lat' dir='ltr'><strong>satis</strong></span> 
     </span>
     <span class='ocr_line' id='line_1_3' title="bbox 508 518 2071 602; baseline -0.001 -20"><span class='ocrx_word' id='word_1_9' title='bbox 508 519 993 602; x_wconf 81' lang='lat' dir='ltr'><strong>proportionata,</strong></span> <span class='ocrx_word' id='word_1_10' title='bbox 1026 526 1088 580; x_wconf 89' lang='lat' dir='ltr'><strong>et</strong></span> <span class='ocrx_word' id='word_1_11' title='bbox 1117 525 1415 598; x_wconf 64' lang='lat' dir='ltr'><strong>praeterea</strong></span> <span class='ocrx_word' id='word_1_12' title='bbox 1455 519 1762 581; x_wconf 85' lang='lat' dir='ltr'><strong>sufficiens</strong></span> <span class='ocrx_word' id='word_1_13' title='bbox 1805 518 1886 580; x_wconf 88' lang='lat' dir='ltr'><strong>ad</strong></span> <span class='ocrx_word' id='word_1_14' title='bbox 1931 536 2071 599; x_wconf 89' lang='lat' dir='ltr'><strong>per·</strong></span> 
     </span>
     <span class='ocr_line' id='line_1_4' title="bbox 505 611 2071 693; baseline -0.001 -19"><span class='ocrx_word' id='word_1_15' title='bbox 505 613 734 674; x_wconf 79' lang='lat' dir='ltr'><strong>sectam</strong></span> <span class='ocrx_word' id='word_1_16' title='bbox 765 611 1228 674; x_wconf 79' lang='lat' dir='ltr'><strong>conversionem</strong></span> <span class='ocrx_word' id='word_1_17' title='bbox 1257 612 1324 673; x_wconf 90' lang='lat' dir='ltr'><strong>in</strong></span> <span class='ocrx_word' id='word_1_18' title='bbox 1353 614 1550 675; x_wconf 88' lang='lat' dir='ltr'><strong>Deum</strong></span> <span class='ocrx_word' id='word_1_19' title='bbox 1571 631 1680 693; x_wconf 91' lang='lat' dir='ltr'><strong>per</strong></span> <span class='ocrx_word' id='word_1_20' title='bbox 1705 629 1983 675; x_wconf 88' lang='lat' dir='ltr'><strong>amorem</strong></span> <span class='ocrx_word' id='word_1_21' title='bbox 2010 616 2071 672; x_wconf 91' lang='lat' dir='ltr'><strong>et</strong></span> 
     </span>
     <span class='ocr_line' id='line_1_5' title="bbox 508 705 2071 786; baseline 0 -20"><span class='ocrx_word' id='word_1_22' title='bbox 508 706 937 784; x_wconf 86' lang='lat' dir='ltr'><strong>poenitentiam</strong></span> <span class='ocrx_word' id='word_1_23' title='bbox 949 722 970 783; x_wconf 84' lang='lat'>3</span> <span class='ocrx_word' id='word_1_24' title='bbox 1011 723 1139 768; x_wconf 92' lang='lat' dir='ltr'><strong>non</strong></span> <span class='ocrx_word' id='word_1_25' title='bbox 1179 711 1269 768; x_wconf 90' lang='lat' dir='ltr'><strong>est</strong></span> <span class='ocrx_word' id='word_1_26' title='bbox 1295 723 1444 786; x_wconf 84' lang='lat' dir='ltr'><strong>ergo</strong></span> <span class='ocrx_word' id='word_1_27' title='bbox 1471 725 1584 768; x_wconf 89' lang='lat' dir='ltr'><strong>cur</strong></span> <span class='ocrx_word' id='word_1_28' title='bbox 1621 705 1897 768; x_wconf 88' lang='lat' dir='ltr'><strong>dicamus</strong></span> <span class='ocrx_word' id='word_1_29' title='bbox 1937 723 2071 766; x_wconf 90' lang='lat' dir='ltr'><strong>ma-</strong></span> 
     </span>
     <span class='ocr_line' id='line_1_6' title="bbox 502 798 1758 877; baseline 0.002 -19"><span class='ocrx_word' id='word_1_30' title='bbox 502 799 708 877; x_wconf 85' lang='lat' dir='ltr'><strong>jorem</strong></span> <span class='ocrx_word' id='word_1_31' title='bbox 731 798 918 860; x_wconf 87' lang='lat' dir='ltr'><strong>fidem</strong></span> <span class='ocrx_word' id='word_1_32' title='bbox 940 798 1126 860; x_wconf 79' lang='lat' dir='ltr'><strong>fuisse</strong></span> <span class='ocrx_word' id='word_1_33' title='bbox 1150 809 1298 860; x_wconf 87' lang='lat' dir='ltr'><strong>tunc</strong></span> <span class='ocrx_word' id='word_1_34' title='bbox 1325 801 1758 862; x_wconf 87' lang='lat' dir='ltr'><strong>necessariam.</strong></span> 
     </span>
    </p>

    <p class='ocr_par' dir='ltr' id='par_1_3' title="bbox 505 888 2077 2466">
     <span class='ocr_line' id='line_1_7' title="bbox 591 888 2075 972; baseline 0.003 -20"><span class='ocrx_word' id='word_1_35' title='bbox 591 893 689 952; x_wconf 78' lang='lat'><strong>18.</strong></span> <span class='ocrx_word' id='word_1_36' title='bbox 728 888 830 954; x_wconf 75' lang='lat' dir='ltr'><strong>An</strong></span> <span class='ocrx_word' id='word_1_37' title='bbox 863 892 1013 972; x_wconf 74' lang='lat' dir='ltr'><strong>fides</strong></span> <span class='ocrx_word' id='word_1_38' title='bbox 1043 891 1328 972; x_wconf 64' lang='lat' dir='ltr'><strong>mpliciter</strong></span> <span class='ocrx_word' id='word_1_39' title='bbox 1365 891 1596 957; x_wconf 68' lang='lat' dir='ltr'><strong>Christi</strong></span> <span class='ocrx_word' id='word_1_40' title='bbox 1617 892 1860 957; x_wconf 74' lang='lat' dir='ltr'><strong>Judoez‘s</strong></span> <span class='ocrx_word' id='word_1_41' title='bbox 1882 890 2075 968; x_wconf 76' lang='lat' dir='ltr'><strong>fuerit</strong></span> 
     </span>
     <span class='ocr_line' id='line_1_8' title="bbox 506 984 2077 1068; baseline 0 -21"><span class='ocrx_word' id='word_1_42' title='bbox 506 985 866 1049; x_wconf 60' lang='lat' dir='ltr'><strong>necessaria.</strong></span> <span class='ocrx_word' id='word_1_43' title='bbox 895 1019 976 1031; x_wconf 91' lang='lat'><strong>-—</strong></span> <span class='ocrx_word' id='word_1_44' title='bbox 993 984 1348 1050; x_wconf 73' lang='lat' dir='ltr'><strong>Resolvitur</strong></span> <span class='ocrx_word' id='word_1_45' title='bbox 1364 986 1956 1068; x_wconf 55' lang='lat' dir='ltr'><strong>amative—Solum</strong></span> <span class='ocrx_word' id='word_1_46' title='bbox 1986 987 2077 1048; x_wconf 88' lang='lat' dir='ltr'><strong>vi-</strong></span> 
     </span>
     <span class='ocr_line' id='line_1_9' title="bbox 509 1078 2075 1160; baseline 0.002 -21"><span class='ocrx_word' id='word_1_47' title='bbox 509 1078 640 1140; x_wconf 87' lang='lat' dir='ltr'><strong>deri</strong></span> <span class='ocrx_word' id='word_1_48' title='bbox 652 1084 853 1160; x_wconf 84' lang='lat' dir='ltr'><strong>potest</strong></span> <span class='ocrx_word' id='word_1_49' title='bbox 875 1078 1059 1140; x_wconf 90' lang='lat' dir='ltr'><strong>alicui</strong></span> <span class='ocrx_word' id='word_1_50' title='bbox 1079 1079 1474 1159; x_wconf 83' lang='lat' dir='ltr'><strong>excipiendos</strong></span> <span class='ocrx_word' id='word_1_51' title='bbox 1503 1099 1634 1142; x_wconf 88' lang='lat' dir='ltr'><strong>esse</strong></span> <span class='ocrx_word' id='word_1_52' title='bbox 1647 1080 1894 1142; x_wconf 62' lang='lat' dir='ltr'><strong>,ludaeos</strong></span> <span class='ocrx_word' id='word_1_53' title='bbox 1915 1085 2075 1142; x_wconf 89' lang='lat' dir='ltr'><strong>tem-</strong></span> 
     </span>
     <span class='ocr_line' id='line_1_10' title="bbox 507 1171 2071 1254; baseline 0.001 -22"><span class='ocrx_word' id='word_1_54' title='bbox 507 1190 655 1252; x_wconf 90' lang='lat' dir='ltr'><strong>pore</strong></span> <span class='ocrx_word' id='word_1_55' title='bbox 681 1173 838 1252; x_wconf 88' lang='lat' dir='ltr'><strong>legis</strong></span> <span class='ocrx_word' id='word_1_56' title='bbox 865 1171 1128 1253; x_wconf 80' lang='lat' dir='ltr'><strong>scriptae,</strong></span> <span class='ocrx_word' id='word_1_57' title='bbox 1147 1173 1297 1252; x_wconf 89' lang='lat' dir='ltr'><strong>quia</strong></span> <span class='ocrx_word' id='word_1_58' title='bbox 1321 1171 1442 1234; x_wconf 87' lang='lat' dir='ltr'><strong>illis</strong></span> <span class='ocrx_word' id='word_1_59' title='bbox 1459 1173 1610 1234; x_wconf 84' lang='lat' dir='ltr'><strong>satis</strong></span> <span class='ocrx_word' id='word_1_60' title='bbox 1633 1191 1914 1254; x_wconf 80' lang='lat' dir='ltr'><strong>expresse</strong></span> <span class='ocrx_word' id='word_1_61' title='bbox 1930 1192 2071 1253; x_wconf 89' lang='lat' dir='ltr'><strong>pro-</strong></span> 
     </span>
     <span class='ocr_line' id='line_1_11' title="bbox 507 1261 2072 1346; baseline 0.001 -20"><span class='ocrx_word' id='word_1_62' title='bbox 507 1265 854 1346; x_wconf 79' lang='lat' dir='ltr'><strong>ponebatur</strong></span> <span class='ocrx_word' id='word_1_63' title='bbox 882 1261 1183 1326; x_wconf 81' lang='lat' dir='ltr'><strong>venturus</strong></span> <span class='ocrx_word' id='word_1_64' title='bbox 1209 1265 1482 1340; x_wconf 88' lang='lat' dir='ltr'><strong>Messias,</strong></span> <span class='ocrx_word' id='word_1_65' title='bbox 1519 1265 1688 1328; x_wconf 87' lang='lat' dir='ltr'><strong>unde</strong></span> <span class='ocrx_word' id='word_1_66' title='bbox 1721 1265 1956 1345; x_wconf 80' lang='lat' dir='ltr'>singuli</span> <span class='ocrx_word' id='word_1_67' title='bbox 1984 1273 2072 1328; x_wconf 88' lang='lat' dir='ltr'><strong>te-</strong></span> 
     </span>
     <span class='ocr_line' id='line_1_12' title="bbox 507 1357 2071 1438; baseline 0.001 -19"><span class='ocrx_word' id='word_1_68' title='bbox 507 1359 816 1420; x_wconf 88' lang='lat' dir='ltr'><strong>nebantur</strong></span> <span class='ocrx_word' id='word_1_69' title='bbox 841 1357 1088 1420; x_wconf 87' lang='lat' dir='ltr'><strong>credere</strong></span> <span class='ocrx_word' id='word_1_70' title='bbox 1107 1357 1285 1419; x_wconf 89' lang='lat' dir='ltr'><strong>illum</strong></span> <span class='ocrx_word' id='word_1_71' title='bbox 1299 1358 1487 1420; x_wconf 83' lang='lat' dir='ltr'><strong>fuisse</strong></span> <span class='ocrx_word' id='word_1_72' title='bbox 1509 1364 1865 1434; x_wconf 88' lang='lat' dir='ltr'><strong>venturum,</strong></span> <span class='ocrx_word' id='word_1_73' title='bbox 1886 1365 2071 1438; x_wconf 89' lang='lat' dir='ltr'><strong>atque</strong></span> 
     </span>
     <span class='ocr_line' id='line_1_13' title="bbox 509 1450 2072 1532; baseline 0.001 -21"><span class='ocrx_word' id='word_1_74' title='bbox 509 1452 715 1532; x_wconf 91' lang='lat' dir='ltr'><strong>ipsum</strong></span> <span class='ocrx_word' id='word_1_75' title='bbox 742 1452 934 1514; x_wconf 87' lang='lat' dir='ltr'><strong>etiam</strong></span> <span class='ocrx_word' id='word_1_76' title='bbox 961 1457 1286 1530; x_wconf 86' lang='lat' dir='ltr'><strong>expectare</strong></span> <span class='ocrx_word' id='word_1_77' title='bbox 1314 1469 1330 1524; x_wconf 87' lang='grc'>;</span> <span class='ocrx_word' id='word_1_78' title='bbox 1385 1468 1534 1530; x_wconf 90' lang='lat' dir='ltr'><strong>ergo</strong></span> <span class='ocrx_word' id='word_1_79' title='bbox 1566 1450 1766 1513; x_wconf 90' lang='lat' dir='ltr'><strong>solum</strong></span> <span class='ocrx_word' id='word_1_80' title='bbox 1792 1451 1914 1512; x_wconf 91' lang='lat' dir='ltr'><strong>illis</strong></span> <span class='ocrx_word' id='word_1_81' title='bbox 1938 1457 2072 1512; x_wconf 86' lang='lat' dir='ltr'><strong>erat</strong></span> 
     </span>
     <span class='ocr_line' id='line_1_14' title="bbox 507 1543 2069 1624; baseline 0 -18"><span class='ocrx_word' id='word_1_82' title='bbox 507 1545 854 1620; x_wconf 81' lang='lat' dir='ltr'><strong>necessaria</strong></span> <span class='ocrx_word' id='word_1_83' title='bbox 881 1544 1035 1607; x_wconf 86' lang='lat' dir='ltr'><strong>fides</strong></span> <span class='ocrx_word' id='word_1_84' title='bbox 1064 1543 1352 1624; x_wconf 80' lang='lat' dir='ltr'><strong>explicita</strong></span> <span class='ocrx_word' id='word_1_85' title='bbox 1384 1544 1609 1606; x_wconf 83' lang='lat' dir='ltr'>Christi</span> <span class='ocrx_word' id='word_1_86' title='bbox 1639 1544 1908 1607; x_wconf 88' lang='lat' dir='ltr'><strong>secundo</strong></span> <span class='ocrx_word' id='word_1_87' title='bbox 1935 1562 2069 1606; x_wconf 89' lang='lat' dir='ltr'><strong>mo-</strong></span> 
     </span>
     <span class='ocr_line' id='line_1_15' title="bbox 507 1637 2069 1718; baseline 0 -18"><span class='ocrx_word' id='word_1_88' title='bbox 507 1639 610 1700; x_wconf 92' lang='lat' dir='ltr'><strong>do.</strong></span> <span class='ocrx_word' id='word_1_89' title='bbox 651 1639 1068 1701; x_wconf 86' lang='lat' dir='ltr'><strong>Nihilominus</strong></span> <span class='ocrx_word' id='word_1_90' title='bbox 1100 1638 1238 1700; x_wconf 90' lang='lat' dir='ltr'><strong>dico</strong></span> <span class='ocrx_word' id='word_1_91' title='bbox 1269 1637 1578 1718; x_wconf 84' lang='lat' dir='ltr'><strong>imprimis</strong></span> <span class='ocrx_word' id='word_1_92' title='bbox 1608 1657 1735 1699; x_wconf 90' lang='lat' dir='ltr'><strong>non</strong></span> <span class='ocrx_word' id='word_1_93' title='bbox 1761 1637 1950 1700; x_wconf 82' lang='lat' dir='ltr'><strong>fuisse</strong></span> <span class='ocrx_word' id='word_1_94' title='bbox 1982 1639 2069 1700; x_wconf 91' lang='lat' dir='ltr'><strong>eis</strong></span> 
     </span>
     <span class='ocr_line' id='line_1_16' title="bbox 507 1730 2071 1811; baseline -0.001 -17"><span class='ocrx_word' id='word_1_95' title='bbox 507 1732 916 1794; x_wconf 87' lang='lat' dir='ltr'><strong>necessariam</strong></span> <span class='ocrx_word' id='word_1_96' title='bbox 943 1731 1114 1792; x_wconf 89' lang='lat' dir='ltr'><strong>illam</strong></span> <span class='ocrx_word' id='word_1_97' title='bbox 1149 1731 1339 1793; x_wconf 89' lang='lat' dir='ltr'><strong>fidem</strong></span> <span class='ocrx_word' id='word_1_98' title='bbox 1367 1737 1664 1811; x_wconf 81' lang='lat' dir='ltr'><strong>tanquam</strong></span> <span class='ocrx_word' id='word_1_99' title='bbox 1695 1731 1975 1794; x_wconf 90' lang='lat' dir='ltr'><strong>medium</strong></span> <span class='ocrx_word' id='word_1_100' title='bbox 2001 1730 2071 1792; x_wconf 91' lang='lat' dir='ltr'><strong>in</strong></span> 
     </span>
     <span class='ocr_line' id='line_1_17' title="bbox 505 1825 2070 1906; baseline -0.001 -19"><span class='ocrx_word' id='word_1_101' title='bbox 505 1845 576 1887; x_wconf 91' lang='lat' dir='ltr'><strong>re</strong></span> <span class='ocrx_word' id='word_1_102' title='bbox 593 1826 724 1906; x_wconf 87' lang='lat' dir='ltr'><strong>ipsa</strong></span> <span class='ocrx_word' id='word_1_103' title='bbox 745 1825 1182 1901; x_wconf 85' lang='lat' dir='ltr'><strong>necessarium,</strong></span> <span class='ocrx_word' id='word_1_104' title='bbox 1205 1825 1312 1886; x_wconf 90' lang='lat' dir='ltr'><strong>sed</strong></span> <span class='ocrx_word' id='word_1_105' title='bbox 1336 1825 1414 1888; x_wconf 88' lang='lat' dir='ltr'><strong>ad</strong></span> <span class='ocrx_word' id='word_1_106' title='bbox 1432 1843 1747 1886; x_wconf 86' lang='lat' dir='ltr'><strong>summum</strong></span> <span class='ocrx_word' id='word_1_107' title='bbox 1767 1831 2070 1905; x_wconf 77' lang='lat' dir='ltr'><strong>tanquam</strong></span> 
     </span>
     <span class='ocr_line' id='line_1_18' title="bbox 507 1917 2065 1998; baseline -0.001 -18"><span class='ocrx_word' id='word_1_108' title='bbox 507 1924 904 1998; x_wconf 80' lang='lat' dir='ltr'><strong>praeceptum.</strong></span> <span class='ocrx_word' id='word_1_109' title='bbox 947 1917 1069 1991; x_wconf 88' lang='lat' dir='ltr'><strong>vel,</strong></span> <span class='ocrx_word' id='word_1_110' title='bbox 1113 1923 1184 1978; x_wconf 89' lang='lat' dir='ltr'><strong>ut</strong></span> <span class='ocrx_word' id='word_1_111' title='bbox 1233 1918 1342 1980; x_wconf 85' lang='lat' dir='ltr'><strong>alii</strong></span> <span class='ocrx_word' id='word_1_112' title='bbox 1379 1918 1745 1998; x_wconf 89' lang='lat' dir='ltr'><strong>loquuntur,</strong></span> <span class='ocrx_word' id='word_1_113' title='bbox 1805 1919 1874 1980; x_wconf 90' lang='lat' dir='ltr'><strong>in</strong></span> <span class='ocrx_word' id='word_1_114' title='bbox 1902 1924 2065 1980; x_wconf 88' lang='lat' dir='ltr'><strong>voto.</strong></span> 
     </span>
     <span class='ocr_line' id='line_1_19' title="bbox 508 2012 2070 2094; baseline 0 -20"><span class='ocrx_word' id='word_1_115' title='bbox 508 2013 831 2092; x_wconf 85' lang='lat' dir='ltr'><strong>Probatur,</strong></span> <span class='ocrx_word' id='word_1_116' title='bbox 862 2013 1010 2092; x_wconf 91' lang='lat' dir='ltr'><strong>quia</strong></span> <span class='ocrx_word' id='word_1_117' title='bbox 1037 2012 1090 2074; x_wconf 90' lang='lat' dir='ltr'><strong>si</strong></span> <span class='ocrx_word' id='word_1_118' title='bbox 1118 2013 1342 2092; x_wconf 88' lang='lat' dir='ltr'><strong>aliquis</strong></span> <span class='ocrx_word' id='word_1_119' title='bbox 1377 2031 1456 2075; x_wconf 84' lang='lat' dir='ltr'><strong>ex</strong></span> <span class='ocrx_word' id='word_1_120' title='bbox 1482 2012 1590 2075; x_wconf 90' lang='lat' dir='ltr'><strong>illo</strong></span> <span class='ocrx_word' id='word_1_121' title='bbox 1618 2012 1848 2094; x_wconf 88' lang='lat' dir='ltr'><strong>populo</strong></span> <span class='ocrx_word' id='word_1_122' title='bbox 1875 2012 2070 2074; x_wconf 89' lang='lat' dir='ltr'><strong>idiota</strong></span> 
     </span>
     <span class='ocr_line' id='line_1_20' title="bbox 507 2105 2071 2186; baseline -0.001 -18"><span class='ocrx_word' id='word_1_123' title='bbox 507 2113 570 2168; x_wconf 89' lang='lat' dir='ltr'><strong>et</strong></span> <span class='ocrx_word' id='word_1_124' title='bbox 596 2106 884 2167; x_wconf 91' lang='lat' dir='ltr'><strong>indoctus</strong></span> <span class='ocrx_word' id='word_1_125' title='bbox 909 2105 1167 2168; x_wconf 87' lang='lat' dir='ltr'><strong>haberet</strong></span> <span class='ocrx_word' id='word_1_126' title='bbox 1198 2106 1618 2186; x_wconf 80' lang='lat' dir='ltr'><strong>ignorantiam</strong></span> <span class='ocrx_word' id='word_1_127' title='bbox 1643 2107 2071 2170; x_wconf 79' lang='lat' dir='ltr'><strong>invincibilem</strong></span> 
     </span>
     <span class='ocr_line' id='line_1_21' title="bbox 505 2198 2073 2280; baseline 0.001 -20"><span class='ocrx_word' id='word_1_128' title='bbox 505 2198 740 2261; x_wconf 80' lang='lat' dir='ltr'><strong>Messiae</strong></span> <span class='ocrx_word' id='word_1_129' title='bbox 759 2200 1029 2275; x_wconf 86' lang='lat' dir='ltr'><strong>venturi,</strong></span> <span class='ocrx_word' id='word_1_130' title='bbox 1056 2218 1168 2280; x_wconf 85' lang='lat' dir='ltr'><strong>per</strong></span> <span class='ocrx_word' id='word_1_131' title='bbox 1193 2199 1382 2261; x_wconf 86' lang='lat' dir='ltr'><strong>fidem</strong></span> <span class='ocrx_word' id='word_1_132' title='bbox 1404 2201 1515 2262; x_wconf 91' lang='lat' dir='ltr'><strong>Dei</strong></span> <span class='ocrx_word' id='word_1_133' title='bbox 1539 2199 1872 2263; x_wconf 87' lang='lat' dir='ltr'><strong>Salvatoris</strong></span> <span class='ocrx_word' id='word_1_134' title='bbox 1891 2205 1955 2262; x_wconf 93' lang='lat' dir='ltr'><strong>et</strong></span> <span class='ocrx_word' id='word_1_135' title='bbox 1974 2218 2073 2262; x_wconf 85' lang='lat' dir='ltr'><strong>re·</strong></span> 
     </span>
     <span class='ocr_line' id='line_1_22' title="bbox 506 2291 2071 2374; baseline 0 -22"><span class='ocrx_word' id='word_1_136' title='bbox 506 2291 919 2354; x_wconf 86' lang='lat' dir='ltr'><strong>muneratoris</strong></span> <span class='ocrx_word' id='word_1_137' title='bbox 965 2291 1196 2368; x_wconf 89' lang='lat' dir='ltr'><strong>vivam,</strong></span> <span class='ocrx_word' id='word_1_138' title='bbox 1249 2311 1322 2354; x_wconf 91' lang='lat' dir='ltr'><strong>ac</strong></span> <span class='ocrx_word' id='word_1_139' title='bbox 1367 2311 1477 2374; x_wconf 92' lang='lat' dir='ltr'><strong>per</strong></span> <span class='ocrx_word' id='word_1_140' title='bbox 1524 2293 1918 2356; x_wconf 89' lang='lat' dir='ltr'><strong>dilectionem</strong></span> <span class='ocrx_word' id='word_1_141' title='bbox 1962 2293 2071 2356; x_wconf 90' lang='lat' dir='ltr'><strong>Dei</strong></span> 
     </span>
     <span class='ocr_line' id='line_1_23' title="bbox 507 2386 2073 2466; baseline 0.001 -18"><span class='ocrx_word' id='word_1_142' title='bbox 507 2391 706 2465; x_wconf 91' lang='lat' dir='ltr'><strong>posset</strong></span> <span class='ocrx_word' id='word_1_143' title='bbox 733 2386 982 2448; x_wconf 89' lang='lat' dir='ltr'><strong>salvari.</strong></span> <span class='ocrx_word' id='word_1_144' title='bbox 1013 2387 1224 2466; x_wconf 86' lang='lat' dir='ltr'><strong>Neque</strong></span> <span class='ocrx_word' id='word_1_145' title='bbox 1253 2392 1347 2450; x_wconf 91' lang='lat' dir='ltr'><strong>est</strong></span> <span class='ocrx_word' id='word_1_146' title='bbox 1369 2387 1566 2450; x_wconf 88' lang='lat' dir='ltr'><strong>ullum</strong></span> <span class='ocrx_word' id='word_1_147' title='bbox 1589 2388 2073 2450; x_wconf 86' lang='lat' dir='ltr'><strong>fundamentum</strong></span> 
     </span>
    </p>
   </div>
   <div class='ocr_carea' id='block_1_3' title="bbox 507 2479 2095 2560">
    <p class='ocr_par' dir='ltr' id='par_1_4' title="bbox 507 2479 2095 2560">
     <span class='ocr_line' id='line_1_24' title="bbox 507 2479 2095 2560; baseline 0.001 -19"><span class='ocrx_word' id='word_1_148' title='bbox 507 2479 586 2541; x_wconf 89' lang='lat' dir='ltr'><strong>ad</strong></span> <span class='ocrx_word' id='word_1_149' title='bbox 622 2479 976 2560; x_wconf 87' lang='lat' dir='ltr'><strong>oppositum</strong></span> <span class='ocrx_word' id='word_1_150' title='bbox 1009 2480 1428 2554; x_wconf 89' lang='lat' dir='ltr'><strong>sentiendum,</strong></span> <span class='ocrx_word' id='word_1_151' title='bbox 1471 2489 1544 2542; x_wconf 89' lang='lat' dir='ltr'><strong>ut</strong></span> <span class='ocrx_word' id='word_1_152' title='bbox 1581 2499 1620 2542; x_wconf 87' lang='lat' dir='ltr'><strong>a</strong></span> <span class='ocrx_word' id='word_1_153' title='bbox 1653 2481 1891 2542; x_wconf 82' lang='lat' dir='ltr'><strong>fortiori</strong></span> <span class='ocrx_word' id='word_1_154' title='bbox 1923 2499 2095 2556; x_wconf 33' lang='lat' dir='ltr'><strong>con--</strong></span> 
     </span>
    </p>
   </div>
   <div class='ocr_carea' id='block_1_4' title="bbox 508 2572 2073 2750">
    <p class='ocr_par' dir='ltr' id='par_1_5' title="bbox 508 2572 2073 2750">
     <span class='ocr_line' id='line_1_25' title="bbox 508 2572 2073 2656; baseline 0.002 -22"><span class='ocrx_word' id='word_1_155' title='bbox 508 2573 695 2634; x_wconf 86' lang='lat' dir='ltr'><strong>stabit</strong></span> <span class='ocrx_word' id='word_1_156' title='bbox 723 2591 801 2634; x_wconf 84' lang='lat' dir='ltr'><strong>ex</strong></span> <span class='ocrx_word' id='word_1_157' title='bbox 835 2572 1106 2636; x_wconf 82' lang='lat' dir='ltr'><strong>dicendis</strong></span> <span class='ocrx_word' id='word_1_158' title='bbox 1135 2576 1402 2638; x_wconf 86' lang='lat' dir='ltr'><strong>sectione</strong></span> <span class='ocrx_word' id='word_1_159' title='bbox 1427 2576 1728 2656; x_wconf 86' lang='lat' dir='ltr'><strong>sequenti.</strong></span> <span class='ocrx_word' id='word_1_160' title='bbox 1772 2577 1923 2652; x_wconf 90' lang='lat' dir='ltr'><strong>lmo,</strong></span> <span class='ocrx_word' id='word_1_161' title='bbox 1964 2575 2073 2638; x_wconf 87' lang='lat' dir='ltr'><strong>ad·</strong></span> 
     </span>
     <span class='ocr_line' id='line_1_26' title="bbox 508 2667 2072 2750; baseline 0.002 -23"><span class='ocrx_word' id='word_1_162' title='bbox 508 2667 589 2729; x_wconf 92' lang='lat' dir='ltr'><strong>do</strong></span> <span class='ocrx_word' id='word_1_163' title='bbox 617 2685 746 2730; x_wconf 89' lang='lat' dir='ltr'><strong>non</strong></span> <span class='ocrx_word' id='word_1_164' title='bbox 773 2685 904 2730; x_wconf 90' lang='lat' dir='ltr'><strong>esse</strong></span> <span class='ocrx_word' id='word_1_165' title='bbox 933 2673 1170 2730; x_wconf 85' lang='lat' dir='ltr'><strong>certum</strong></span> <span class='ocrx_word' id='word_1_166' title='bbox 1196 2686 1588 2730; x_wconf 88' lang='lat' dir='ltr'><strong>communem</strong></span> <span class='ocrx_word' id='word_1_167' title='bbox 1618 2668 1919 2750; x_wconf 89' lang='lat' dir='ltr'><strong>populum</strong></span> <span class='ocrx_word' id='word_1_168' title='bbox 1958 2669 1993 2730; x_wconf 89' lang='lat' dir='ltr'><strong>J</strong></span> <span class='ocrx_word' id='word_1_169' title='bbox 1998 2688 2072 2730; x_wconf 89' lang='lat' dir='ltr'><strong>u—</strong></span> 
     </span>
    </p>
   </div>
   <div class='ocr_carea' id='block_1_5' title="bbox 510 2760 2097 2840">
    <p class='ocr_par' dir='ltr' id='par_1_6' title="bbox 510 2760 2097 2840">
     <span class='ocr_line' id='line_1_27' title="bbox 510 2760 2097 2840; baseline 0.001 -19"><span class='ocrx_word' id='word_1_170' title='bbox 510 2760 786 2824; x_wconf 84' lang='lat' dir='ltr'><strong>daeorum</strong></span> <span class='ocrx_word' id='word_1_171' title='bbox 813 2761 1172 2840; x_wconf 83' lang='lat' dir='ltr'><strong>cognovisse</strong></span> <span class='ocrx_word' id='word_1_172' title='bbox 1193 2762 1478 2824; x_wconf 90' lang='lat' dir='ltr'><strong>Messiam</strong></span> <span class='ocrx_word' id='word_1_173' title='bbox 1497 2763 1684 2824; x_wconf 83' lang='lat' dir='ltr'><strong>fuisse</strong></span> <span class='ocrx_word' id='word_1_174' title='bbox 1711 2767 2070 2838; x_wconf 88' lang='lat' dir='ltr'><strong>venturum,</strong></span> <span class='ocrx_word' id='word_1_175' title='bbox 2094 2799 2097 2806; x_wconf 94' lang='lat'>-</span> 
     </span>
    </p>
   </div>
   <div class='ocr_carea' id='block_1_6' title="bbox 503 2855 2071 5546">
    <p class='ocr_par' dir='ltr' id='par_1_7' title="bbox 505 2855 2070 3959">
     <span class='ocr_line' id='line_1_28' title="bbox 508 2855 2067 2935; baseline 0.001 -20"><span class='ocrx_word' id='word_1_176' title='bbox 508 2860 588 2915; x_wconf 89' lang='lat' dir='ltr'><strong>ut</strong></span> <span class='ocrx_word' id='word_1_177' title='bbox 637 2855 1091 2935; x_wconf 79' lang='lat' dir='ltr'><strong>redemptorem</strong></span> <span class='ocrx_word' id='word_1_178' title='bbox 1142 2860 1205 2916; x_wconf 88' lang='lat' dir='ltr'><strong>et</strong></span> <span class='ocrx_word' id='word_1_179' title='bbox 1249 2856 1620 2919; x_wconf 86' lang='lat' dir='ltr'><strong>salvatorem</strong></span> <span class='ocrx_word' id='word_1_180' title='bbox 1669 2855 2067 2934; x_wconf 83' lang='lat' dir='ltr'><strong>animarum3</strong></span> 
     </span>
     <span class='ocr_line' id='line_1_29' title="bbox 507 2947 2069 3027; baseline 0.001 -18"><span class='ocrx_word' id='word_1_181' title='bbox 507 2965 657 3009; x_wconf 90' lang='lat' dir='ltr'><strong>nam</strong></span> <span class='ocrx_word' id='word_1_182' title='bbox 697 2947 818 3008; x_wconf 81' lang='lat' dir='ltr'><strong>fuit</strong></span> <span class='ocrx_word' id='word_1_183' title='bbox 861 2964 1032 3010; x_wconf 91' lang='lat' dir='ltr'><strong>error</strong></span> <span class='ocrx_word' id='word_1_184' title='bbox 1067 2947 1248 3010; x_wconf 88' lang='lat' dir='ltr'><strong>valde</strong></span> <span class='ocrx_word' id='word_1_185' title='bbox 1291 2947 1565 3027; x_wconf 90' lang='lat' dir='ltr'><strong>vulgaris</strong></span> <span class='ocrx_word' id='word_1_186' title='bbox 1612 2948 1777 3010; x_wconf 87' lang='lat' dir='ltr'><strong>inter</strong></span> <span class='ocrx_word' id='word_1_187' title='bbox 1819 2949 2069 3010; x_wconf 81' lang='lat' dir='ltr'><strong>Judaeos</strong></span> 
     </span>
     <span class='ocr_line' id='line_1_30' title="bbox 509 3039 2066 3121; baseline 0 -19"><span class='ocrx_word' id='word_1_188' title='bbox 509 3039 848 3120; x_wconf 80' lang='lat' dir='ltr'><strong>expectatio</strong></span> <span class='ocrx_word' id='word_1_189' title='bbox 893 3040 1158 3116; x_wconf 82' lang='lat' dir='ltr'><strong>Messiae,</strong></span> <span class='ocrx_word' id='word_1_190' title='bbox 1196 3047 1269 3102; x_wconf 90' lang='lat' dir='ltr'><strong>ut</strong></span> <span class='ocrx_word' id='word_1_191' title='bbox 1321 3042 1487 3121; x_wconf 84' lang='lat' dir='ltr'><strong>regis</strong></span> <span class='ocrx_word' id='word_1_192' title='bbox 1531 3040 1886 3121; x_wconf 83' lang='lat' dir='ltr'><strong>temporalis</strong></span> <span class='ocrx_word' id='word_1_193' title='bbox 1900 3085 1920 3118; x_wconf 95' lang='lat'><strong>,</strong></span> <span class='ocrx_word' id='word_1_194' title='bbox 1967 3047 2029 3102; x_wconf 86' lang='lat' dir='ltr'><strong>ct</strong></span> <span class='ocrx_word' id='word_1_195' title='bbox 2043 3087 2066 3119; x_wconf 89' lang='lat'><strong>,</strong></span> 
     </span>
     <span class='ocr_line' id='line_1_31' title="bbox 510 3133 2070 3214; baseline 0.002 -21"><span class='ocrx_word' id='word_1_196' title='bbox 510 3140 585 3193; x_wconf 86' lang='lat' dir='ltr'><strong>ut</strong></span> <span class='ocrx_word' id='word_1_197' title='bbox 629 3133 716 3194; x_wconf 88' lang='lat' dir='ltr'><strong>sic</strong></span> <span class='ocrx_word' id='word_1_198' title='bbox 763 3133 992 3210; x_wconf 86' lang='lat' dir='ltr'><strong>dicam,</strong></span> <span class='ocrx_word' id='word_1_199' title='bbox 1046 3151 1377 3214; x_wconf 88' lang='lat' dir='ltr'><strong>corporum</strong></span> <span class='ocrx_word' id='word_1_200' title='bbox 1433 3133 1879 3214; x_wconf 76' lang='lat' dir='ltr'><strong>RedemptoriS,</strong></span> <span class='ocrx_word' id='word_1_201' title='bbox 1931 3152 2070 3213; x_wconf 81' lang='lat' dir='ltr'><strong>quae</strong></span> 
     </span>
     <span class='ocr_line' id='line_1_32' title="bbox 509 3224 2069 3306; baseline 0.001 -21"><span class='ocrx_word' id='word_1_202' title='bbox 509 3226 863 3305; x_wconf 80' lang='lat' dir='ltr'><strong>ignorantia</strong></span> <span class='ocrx_word' id='word_1_203' title='bbox 915 3227 1118 3306; x_wconf 85' lang='lat' dir='ltr'><strong>potuit</strong></span> <span class='ocrx_word' id='word_1_204' title='bbox 1173 3227 1241 3288; x_wconf 90' lang='lat' dir='ltr'><strong>in</strong></span> <span class='ocrx_word' id='word_1_205' title='bbox 1293 3224 1657 3306; x_wconf 78' lang='lat' dir='ltr'><strong>vulgaribus</strong></span> <span class='ocrx_word' id='word_1_206' title='bbox 1711 3225 2069 3288; x_wconf 88' lang='lat' dir='ltr'><strong>homiuibus</strong></span> 
     </span>
     <span class='ocr_line' id='line_1_33' title="bbox 509 3318 2067 3400; baseline 0 -21"><span class='ocrx_word' id='word_1_207' title='bbox 509 3336 640 3380; x_wconf 90' lang='lat' dir='ltr'><strong>esse</strong></span> <span class='ocrx_word' id='word_1_208' title='bbox 655 3318 1080 3397; x_wconf 84' lang='lat' dir='ltr'><strong>invincibilis3</strong></span> <span class='ocrx_word' id='word_1_209' title='bbox 1123 3326 1184 3381; x_wconf 91' lang='lat' dir='ltr'><strong>et</strong></span> <span class='ocrx_word' id='word_1_210' title='bbox 1197 3319 1604 3381; x_wconf 89' lang='lat' dir='ltr'><strong>nihilominus</strong></span> <span class='ocrx_word' id='word_1_211' title='bbox 1639 3325 1924 3400; x_wconf 83' lang='lat' dir='ltr'><strong>poterant</strong></span> <span class='ocrx_word' id='word_1_212' title='bbox 1949 3319 2067 3380; x_wconf 88' lang='lat' dir='ltr'><strong>sal-</strong></span> 
     </span>
     <span class='ocr_line' id='line_1_34' title="bbox 511 3411 2067 3494; baseline 0.001 -22"><span class='ocrx_word' id='word_1_213' title='bbox 511 3411 648 3473; x_wconf 85' lang='lat' dir='ltr'><strong>vari</strong></span> <span class='ocrx_word' id='word_1_214' title='bbox 687 3430 798 3494; x_wconf 87' lang='lat' dir='ltr'><strong>per</strong></span> <span class='ocrx_word' id='word_1_215' title='bbox 838 3411 1028 3474; x_wconf 88' lang='lat' dir='ltr'><strong>fidem</strong></span> <span class='ocrx_word' id='word_1_216' title='bbox 1067 3412 1319 3474; x_wconf 86' lang='lat' dir='ltr'><strong>dictam.</strong></span> <span class='ocrx_word' id='word_1_217' title='bbox 1362 3414 1519 3474; x_wconf 92' lang='lat' dir='ltr'><strong>Nam</strong></span> <span class='ocrx_word' id='word_1_218' title='bbox 1561 3419 1727 3474; x_wconf 89' lang='lat' dir='ltr'><strong>certe</strong></span> <span class='ocrx_word' id='word_1_219' title='bbox 1761 3413 1916 3474; x_wconf 85' lang='lat' dir='ltr'><strong>fides</strong></span> <span class='ocrx_word' id='word_1_220' title='bbox 1948 3412 2067 3473; x_wconf 91' lang='lat' dir='ltr'><strong>hu-</strong></span> 
     </span>
     <span class='ocr_line' id='line_1_35' title="bbox 508 3505 2067 3587; baseline 0.001 -22"><span class='ocrx_word' id='word_1_221' title='bbox 508 3524 719 3582; x_wconf 90' lang='lat' dir='ltr'><strong>mana,</strong></span> <span class='ocrx_word' id='word_1_222' title='bbox 748 3507 956 3587; x_wconf 87' lang='lat' dir='ltr'><strong>potius</strong></span> <span class='ocrx_word' id='word_1_223' title='bbox 979 3523 1168 3587; x_wconf 87' lang='lat' dir='ltr'><strong>quam</strong></span> <span class='ocrx_word' id='word_1_224' title='bbox 1196 3505 1432 3582; x_wconf 90' lang='lat' dir='ltr'><strong>divina,</strong></span> <span class='ocrx_word' id='word_1_225' title='bbox 1464 3506 1540 3568; x_wconf 86' lang='lat' dir='ltr'><strong>de</strong></span> <span class='ocrx_word' id='word_1_226' title='bbox 1567 3506 1788 3568; x_wconf 90' lang='lat' dir='ltr'><strong>Messia</strong></span> <span class='ocrx_word' id='word_1_227' title='bbox 1813 3505 1930 3568; x_wconf 90' lang='lat' dir='ltr'><strong>sub</strong></span> <span class='ocrx_word' id='word_1_228' title='bbox 1957 3506 2067 3572; x_wconf 88' lang='lat' dir='ltr'><strong>illa</strong></span> 
     </span>
     <span class='ocr_line' id='line_1_36' title="bbox 507 3598 2067 3680; baseline 0 -20"><span class='ocrx_word' id='word_1_229' title='bbox 507 3599 748 3660; x_wconf 88' lang='lat' dir='ltr'><strong>ratione</strong></span> <span class='ocrx_word' id='word_1_230' title='bbox 795 3599 1202 3680; x_wconf 88' lang='lat' dir='ltr'><strong>apprehenso,</strong></span> <span class='ocrx_word' id='word_1_231' title='bbox 1251 3598 1342 3660; x_wconf 90' lang='lat' dir='ltr'><strong>nil</strong></span> <span class='ocrx_word' id='word_1_232' title='bbox 1385 3604 1627 3678; x_wconf 89' lang='lat' dir='ltr'><strong>poterat</strong></span> <span class='ocrx_word' id='word_1_233' title='bbox 1673 3599 1752 3660; x_wconf 87' lang='lat' dir='ltr'><strong>ad</strong></span> <span class='ocrx_word' id='word_1_234' title='bbox 1801 3598 2067 3660; x_wconf 87' lang='lat' dir='ltr'><strong>salutem</strong></span> 
     </span>
     <span class='ocr_line' id='line_1_37' title="bbox 507 3690 2067 3772; baseline 0 -20"><span class='ocrx_word' id='word_1_235' title='bbox 507 3691 788 3754; x_wconf 77' lang='lat' dir='ltr'><strong>conferre</strong></span> <span class='ocrx_word' id='word_1_236' title='bbox 816 3714 837 3769; x_wconf 89' lang='lat'>;</span> <span class='ocrx_word' id='word_1_237' title='bbox 889 3710 1038 3772; x_wconf 89' lang='lat' dir='ltr'><strong>ergo</strong></span> <span class='ocrx_word' id='word_1_238' title='bbox 1081 3692 1254 3752; x_wconf 87' lang='lat' dir='ltr'><strong>nulla</strong></span> <span class='ocrx_word' id='word_1_239' title='bbox 1297 3691 1450 3754; x_wconf 90' lang='lat' dir='ltr'><strong>fides</strong></span> <span class='ocrx_word' id='word_1_240' title='bbox 1505 3691 1798 3772; x_wconf 82' lang='lat' dir='ltr'><strong>explicita</strong></span> <span class='ocrx_word' id='word_1_241' title='bbox 1841 3690 2067 3753; x_wconf 85' lang='lat' dir='ltr'><strong>Christi</strong></span> 
     </span>
     <span class='ocr_line' id='line_1_38' title="bbox 505 3784 2067 3866; baseline 0 -20"><span class='ocrx_word' id='word_1_242' title='bbox 505 3785 934 3866; x_wconf 89' lang='lat' dir='ltr'><strong>Redemptoris</strong></span> <span class='ocrx_word' id='word_1_243' title='bbox 957 3793 1088 3846; x_wconf 87' lang='lat' dir='ltr'><strong>erat</strong></span> <span class='ocrx_word' id='word_1_244' title='bbox 1111 3785 1301 3848; x_wconf 88' lang='lat' dir='ltr'><strong>etiam</strong></span> <span class='ocrx_word' id='word_1_245' title='bbox 1324 3784 1391 3846; x_wconf 92' lang='lat' dir='ltr'><strong>in</strong></span> <span class='ocrx_word' id='word_1_246' title='bbox 1415 3784 1521 3846; x_wconf 92' lang='lat' dir='ltr'><strong>illo</strong></span> <span class='ocrx_word' id='word_1_247' title='bbox 1540 3784 1766 3866; x_wconf 90' lang='lat' dir='ltr'><strong>populo</strong></span> <span class='ocrx_word' id='word_1_248' title='bbox 1789 3784 2067 3846; x_wconf 89' lang='lat' dir='ltr'><strong>medium</strong></span> 
     </span>
     <span class='ocr_line' id='line_1_39' title="bbox 506 3878 1726 3959; baseline 0 -19"><span class='ocrx_word' id='word_1_249' title='bbox 506 3879 871 3959; x_wconf 87' lang='lat' dir='ltr'><strong>simpliciter</strong></span> <span class='ocrx_word' id='word_1_250' title='bbox 896 3879 1310 3942; x_wconf 88' lang='lat' dir='ltr'><strong>necessarium</strong></span> <span class='ocrx_word' id='word_1_251' title='bbox 1333 3878 1412 3939; x_wconf 86' lang='lat' dir='ltr'><strong>ad</strong></span> <span class='ocrx_word' id='word_1_252' title='bbox 1441 3878 1726 3940; x_wconf 84' lang='lat' dir='ltr'><strong>salutem.</strong></span> 
     </span>
    </p>

    <p class='ocr_par' dir='ltr' id='par_1_8' title="bbox 503 3970 2071 5546">
     <span class='ocr_line' id='line_1_40' title="bbox 592 3970 2067 4046; baseline -0.001 -12"><span class='ocrx_word' id='word_1_253' title='bbox 592 3975 688 4034; x_wconf 79' lang='lat'><strong>19.</strong></span> <span class='ocrx_word' id='word_1_254' title='bbox 740 3972 1212 4046; x_wconf 78' lang='lat' dir='ltr'><strong>Quoestiuncula.</strong></span> <span class='ocrx_word' id='word_1_255' title='bbox 1247 4005 1324 4017; x_wconf 89' lang='lat'><strong>--</strong></span> <span class='ocrx_word' id='word_1_256' title='bbox 1349 3971 1682 4035; x_wconf 75' lang='lat' dir='ltr'><strong>Resolutio.</strong></span> <span class='ocrx_word' id='word_1_257' title='bbox 1717 4006 1798 4018; x_wconf 91' lang='lat'>—</span> <span class='ocrx_word' id='word_1_258' title='bbox 1835 3970 2067 4034; x_wconf 88' lang='lat' dir='ltr'><strong>Ultimo</strong></span> 
     </span>
     <span class='ocr_line' id='line_1_41' title="bbox 504 4063 2068 4146; baseline -0.002 -18"><span class='ocrx_word' id='word_1_259' title='bbox 504 4066 637 4128; x_wconf 89' lang='lat' dir='ltr'><strong>loco</strong></span> <span class='ocrx_word' id='word_1_260' title='bbox 680 4066 912 4146; x_wconf 80' lang='lat' dir='ltr'><strong>inquiri</strong></span> <span class='ocrx_word' id='word_1_261' title='bbox 951 4071 1192 4146; x_wconf 86' lang='lat' dir='ltr'><strong>poterat</strong></span> <span class='ocrx_word' id='word_1_262' title='bbox 1227 4083 1310 4126; x_wconf 87' lang='lat' dir='ltr'><strong>an</strong></span> <span class='ocrx_word' id='word_1_263' title='bbox 1341 4063 1506 4143; x_wconf 43' lang='lat' dir='ltr'><strong>‚fides</strong></span> <span class='ocrx_word' id='word_1_264' title='bbox 1546 4063 1833 4145; x_wconf 85' lang='lat' dir='ltr'><strong>explicita</strong></span> <span class='ocrx_word' id='word_1_265' title='bbox 1857 4083 2068 4126; x_wconf 87' lang='lat' dir='ltr'><strong>rerum</strong></span> 
     </span>
     <span class='ocr_line' id='line_1_42' title="bbox 507 4158 2065 4223; baseline -0.003 -1"><span class='ocrx_word' id='word_1_266' title='bbox 507 4166 854 4223; x_wconf 86' lang='lat' dir='ltr'><strong>creatarum</strong></span> <span class='ocrx_word' id='word_1_267' title='bbox 893 4159 1308 4222; x_wconf 67' lang='lat' dir='ltr'><strong>fuerit‘etiam</strong></span> <span class='ocrx_word' id='word_1_268' title='bbox 1345 4158 1622 4220; x_wconf 88' lang='lat' dir='ltr'><strong>modium</strong></span> <span class='ocrx_word' id='word_1_269' title='bbox 1649 4158 2065 4220; x_wconf 86' lang='lat' dir='ltr'><strong>necessarium</strong></span> 
     </span>
     <span class='ocr_line' id='line_1_43' title="bbox 511 4252 2069 4334; baseline -0.003 -18"><span class='ocrx_word' id='word_1_270' title='bbox 511 4257 588 4316; x_wconf 84' lang='lat' dir='ltr'><strong>ad</strong></span> <span class='ocrx_word' id='word_1_271' title='bbox 626 4253 937 4330; x_wconf 81' lang='lat' dir='ltr'><strong>salutem3</strong></span> <span class='ocrx_word' id='word_1_272' title='bbox 989 4253 1058 4312; x_wconf 89' lang='lat' dir='ltr'><strong>in</strong></span> <span class='ocrx_word' id='word_1_273' title='bbox 1087 4271 1210 4334; x_wconf 85' lang='lat' dir='ltr'><strong>quo</strong></span> <span class='ocrx_word' id='word_1_274' title='bbox 1260 4253 1476 4316; x_wconf 88' lang='lat' dir='ltr'><strong>ordine</strong></span> <span class='ocrx_word' id='word_1_275' title='bbox 1517 4253 1638 4314; x_wconf 83' lang='lat' dir='ltr'><strong>tria</strong></span> <span class='ocrx_word' id='word_1_276' title='bbox 1677 4252 2069 4334; x_wconf 86' lang='lat' dir='ltr'><strong>potissimum</strong></span> 
     </span>
     <span class='ocr_line' id='line_1_44' title="bbox 504 4346 2068 4427; baseline -0.003 -17"><span class='ocrx_word' id='word_1_277' title='bbox 504 4349 798 4410; x_wconf 82' lang='lat' dir='ltr'><strong>videntur</strong></span> <span class='ocrx_word' id='word_1_278' title='bbox 852 4365 1025 4427; x_wconf 89' lang='lat' dir='ltr'><strong>posse</strong></span> <span class='ocrx_word' id='word_1_279' title='bbox 1084 4347 1342 4426; x_wconf 88' lang='lat' dir='ltr'><strong>cogitari</strong></span> <span class='ocrx_word' id='word_1_280' title='bbox 1397 4349 1740 4410; x_wconf 88' lang='lat' dir='ltr'><strong>necessaria</strong></span> <span class='ocrx_word' id='word_1_281' title='bbox 1761 4392 1782 4422; x_wconf 92' lang='lat'><strong>,</strong></span> <span class='ocrx_word' id='word_1_282' title='bbox 1839 4346 2068 4407; x_wconf 84' lang='lat' dir='ltr'><strong>scilicet</strong></span> 
     </span>
     <span class='ocr_line' id='line_1_45' title="bbox 504 4439 2066 4520; baseline -0.001 -18"><span class='ocrx_word' id='word_1_283' title='bbox 504 4441 938 4504; x_wconf 86' lang='lat' dir='ltr'><strong>immortalitas</strong></span> <span class='ocrx_word' id='word_1_284' title='bbox 981 4439 1356 4518; x_wconf 88' lang='lat' dir='ltr'><strong>animarum,</strong></span> <span class='ocrx_word' id='word_1_285' title='bbox 1387 4442 1534 4520; x_wconf 90' lang='lat' dir='ltr'><strong>quia</strong></span> <span class='ocrx_word' id='word_1_286' title='bbox 1574 4446 1666 4501; x_wconf 89' lang='lat' dir='ltr'><strong>est</strong></span> <span class='ocrx_word' id='word_1_287' title='bbox 1718 4458 1829 4500; x_wconf 92' lang='lat' dir='ltr'><strong>suo</strong></span> <span class='ocrx_word' id='word_1_288' title='bbox 1880 4439 2066 4502; x_wconf 89' lang='lat' dir='ltr'><strong>modo</strong></span> 
     </span>
     <span class='ocr_line' id='line_1_46' title="bbox 503 4533 2063 4613; baseline -0.002 -17"><span class='ocrx_word' id='word_1_289' title='bbox 503 4535 982 4598; x_wconf 83' lang='lat' dir='ltr'><strong>fundamentum</strong></span> <span class='ocrx_word' id='word_1_290' title='bbox 1011 4533 1332 4595; x_wconf 87' lang='lat' dir='ltr'><strong>omnium:</strong></span> <span class='ocrx_word' id='word_1_291' title='bbox 1359 4533 1665 4613; x_wconf 88' lang='lat' dir='ltr'><strong>siquidem</strong></span> <span class='ocrx_word' id='word_1_292' title='bbox 1694 4552 1768 4596; x_wconf 84' lang='lat' dir='ltr'><strong>ea</strong></span> <span class='ocrx_word' id='word_1_293' title='bbox 1797 4533 2063 4610; x_wconf 85' lang='lat' dir='ltr'><strong>sublata,</strong></span> 
     </span>
     <span class='ocr_line' id='line_1_47' title="bbox 504 4625 2062 4709; baseline -0.003 -21"><span class='ocrx_word' id='word_1_294' title='bbox 504 4628 808 4709; x_wconf 87' lang='lat' dir='ltr'><strong>quidquid</strong></span> <span class='ocrx_word' id='word_1_295' title='bbox 835 4626 910 4689; x_wconf 92' lang='lat' dir='ltr'><strong>de</strong></span> <span class='ocrx_word' id='word_1_296' title='bbox 933 4625 1345 4688; x_wconf 83' lang='lat' dir='ltr'><strong>invisibilibus</strong></span> <span class='ocrx_word' id='word_1_297' title='bbox 1363 4632 1475 4688; x_wconf 89' lang='lat' dir='ltr'><strong>aut</strong></span> <span class='ocrx_word' id='word_1_298' title='bbox 1491 4626 1715 4686; x_wconf 74' lang='lat' dir='ltr'><strong>futuris</strong></span> <span class='ocrx_word' id='word_1_299' title='bbox 1735 4626 2062 4699; x_wconf 86' lang='lat' dir='ltr'><strong>credimus,</strong></span> 
     </span>
     <span class='ocr_line' id='line_1_48' title="bbox 503 4720 2065 4801; baseline -0.001 -19"><span class='ocrx_word' id='word_1_300' title='bbox 503 4722 612 4782; x_wconf 86' lang='lat' dir='ltr'><strong>vix</strong></span> <span class='ocrx_word' id='word_1_301' title='bbox 638 4738 752 4781; x_wconf 89' lang='lat' dir='ltr'><strong>nos</strong></span> <span class='ocrx_word' id='word_1_302' title='bbox 779 4725 1190 4801; x_wconf 88' lang='lat' dir='ltr'><strong>permoveret.</strong></span> <span class='ocrx_word' id='word_1_303' title='bbox 1232 4720 1552 4798; x_wconf 90' lang='lat' dir='ltr'><strong>Secundo,</strong></span> <span class='ocrx_word' id='word_1_304' title='bbox 1596 4725 1914 4798; x_wconf 86' lang='lat' dir='ltr'><strong>peccatum</strong></span> <span class='ocrx_word' id='word_1_305' title='bbox 1943 4720 2065 4780; x_wconf 88' lang='lat' dir='ltr'><strong>ori-</strong></span> 
     </span>
     <span class='ocr_line' id='line_1_49' title="bbox 505 4811 2063 4893; baseline -0.003 -18"><span class='ocrx_word' id='word_1_306' title='bbox 505 4812 736 4893; x_wconf 87' lang='lat' dir='ltr'><strong>ginale,</strong></span> <span class='ocrx_word' id='word_1_307' title='bbox 770 4813 934 4892; x_wconf 89' lang='lat' dir='ltr'><strong>quod</strong></span> <span class='ocrx_word' id='word_1_308' title='bbox 955 4812 1077 4873; x_wconf 86' lang='lat' dir='ltr'><strong>fuit</strong></span> <span class='ocrx_word' id='word_1_309' title='bbox 1097 4812 1574 4873; x_wconf 76' lang='lat' dir='ltr'><strong>fundamentum</strong></span> <span class='ocrx_word' id='word_1_310' title='bbox 1599 4811 2063 4892; x_wconf 79' lang='lat' dir='ltr'><strong>redemptioniS,</strong></span> 
     </span>
     <span class='ocr_line' id='line_1_50' title="bbox 504 4905 2063 4986; baseline -0.003 -17"><span class='ocrx_word' id='word_1_311' title='bbox 504 4907 605 4970; x_wconf 87' lang='lat' dir='ltr'><strong>vel</strong></span> <span class='ocrx_word' id='word_1_312' title='bbox 651 4907 867 4968; x_wconf 86' lang='lat' dir='ltr'><strong>saltem</strong></span> <span class='ocrx_word' id='word_1_313' title='bbox 917 4906 1190 4984; x_wconf 84' lang='lat' dir='ltr'><strong>cognitio</strong></span> <span class='ocrx_word' id='word_1_314' title='bbox 1241 4910 1634 4986; x_wconf 80' lang='lat' dir='ltr'><strong>pcccatorum</strong></span> <span class='ocrx_word' id='word_1_315' title='bbox 1685 4905 1754 4965; x_wconf 90' lang='lat' dir='ltr'><strong>in</strong></span> <span class='ocrx_word' id='word_1_316' title='bbox 1813 4923 2063 4984; x_wconf 83' lang='lat' dir='ltr'><strong>genere,</strong></span> 
     </span>
     <span class='ocr_line' id='line_1_51' title="bbox 505 4997 2069 5080; baseline -0.001 -20"><span class='ocrx_word' id='word_1_317' title='bbox 505 5000 673 5080; x_wconf 90' lang='lat' dir='ltr'><strong>quod</strong></span> <span class='ocrx_word' id='word_1_318' title='bbox 703 4997 824 5060; x_wconf 89' lang='lat' dir='ltr'><strong>illis</strong></span> <span class='ocrx_word' id='word_1_319' title='bbox 854 4998 1202 5060; x_wconf 82' lang='lat' dir='ltr'><strong>offendatur</strong></span> <span class='ocrx_word' id='word_1_320' title='bbox 1238 5000 1418 5060; x_wconf 80' lang='lat' dir='ltr'><strong>Deus,</strong></span> <span class='ocrx_word' id='word_1_321' title='bbox 1474 4998 1702 5071; x_wconf 87' lang='lat' dir='ltr'><strong>Terti0,</strong></span> <span class='ocrx_word' id='word_1_322' title='bbox 1743 4997 2069 5060; x_wconf 82' lang='lat' dir='ltr'><strong>necessitas</strong></span> 
     </span>
     <span class='ocr_line' id='line_1_52' title="bbox 505 5090 2070 5174; baseline -0.003 -20"><span class='ocrx_word' id='word_1_323' title='bbox 505 5093 743 5174; x_wconf 71' lang='lat' dir='ltr'><strong>gratiae,</strong></span> <span class='ocrx_word' id='word_1_324' title='bbox 775 5097 838 5156; x_wconf 88' lang='lat' dir='ltr'><strong>et</strong></span> <span class='ocrx_word' id='word_1_325' title='bbox 864 5091 1062 5153; x_wconf 86' lang='lat' dir='ltr'><strong>divini</strong></span> <span class='ocrx_word' id='word_1_326' title='bbox 1089 5090 1306 5152; x_wconf 77' lang='lat' dir='ltr'><strong>auxilii</strong></span> <span class='ocrx_word' id='word_1_327' title='bbox 1333 5091 1412 5152; x_wconf 88' lang='lat' dir='ltr'><strong>ad</strong></span> <span class='ocrx_word' id='word_1_328' title='bbox 1438 5091 1742 5170; x_wconf 80' lang='lat' dir='ltr'><strong>justitiam</strong></span> <span class='ocrx_word' id='word_1_329' title='bbox 1767 5097 1828 5153; x_wconf 90' lang='lat' dir='ltr'><strong>et</strong></span> <span class='ocrx_word' id='word_1_330' title='bbox 1856 5092 2070 5152; x_wconf 87' lang='lat' dir='ltr'><strong>remis-</strong></span> 
     </span>
     <span class='ocr_line' id='line_1_53' title="bbox 507 5184 2071 5266; baseline -0.002 -19"><span class='ocrx_word' id='word_1_331' title='bbox 507 5187 748 5250; x_wconf 87' lang='lat' dir='ltr'><strong>sionem</strong></span> <span class='ocrx_word' id='word_1_332' title='bbox 793 5192 1186 5266; x_wconf 88' lang='lat' dir='ltr'><strong>peccatorum</strong></span> <span class='ocrx_word' id='word_1_333' title='bbox 1227 5184 1650 5246; x_wconf 86' lang='lat' dir='ltr'><strong>obtinendam.</strong></span> <span class='ocrx_word' id='word_1_334' title='bbox 1702 5186 1891 5246; x_wconf 84' lang='lat' dir='ltr'><strong>Extra</strong></span> <span class='ocrx_word' id='word_1_335' title='bbox 1935 5185 2071 5246; x_wconf 84' lang='lat' dir='ltr'><strong>haec</strong></span> 
     </span>
     <span class='ocr_line' id='line_1_54' title="bbox 505 5277 2069 5360; baseline -0.002 -20"><span class='ocrx_word' id='word_1_336' title='bbox 505 5280 677 5340; x_wconf 89' lang='lat' dir='ltr'><strong>enim</strong></span> <span class='ocrx_word' id='word_1_337' title='bbox 704 5279 863 5340; x_wconf 89' lang='lat' dir='ltr'><strong>nihil</strong></span> <span class='ocrx_word' id='word_1_338' title='bbox 885 5278 1057 5340; x_wconf 87' lang='lat' dir='ltr'><strong>aliud</strong></span> <span class='ocrx_word' id='word_1_339' title='bbox 1085 5284 1362 5358; x_wconf 88' lang='lat' dir='ltr'><strong>apparet,</strong></span> <span class='ocrx_word' id='word_1_340' title='bbox 1391 5277 1467 5339; x_wconf 91' lang='lat' dir='ltr'><strong>de</strong></span> <span class='ocrx_word' id='word_1_341' title='bbox 1495 5297 1620 5360; x_wconf 91' lang='lat' dir='ltr'><strong>quo</strong></span> <span class='ocrx_word' id='word_1_342' title='bbox 1643 5278 1832 5360; x_wconf 87' lang='lat' dir='ltr'><strong>possit</strong></span> <span class='ocrx_word' id='word_1_343' title='bbox 1861 5277 2069 5340; x_wconf 84' lang='lat' dir='ltr'><strong>verisi-</strong></span> 
     </span>
     <span class='ocr_line' id='line_1_55' title="bbox 505 5369 2066 5447; baseline -0.002 -14"><span class='ocrx_word' id='word_1_344' title='bbox 505 5372 740 5434; x_wconf 86' lang='lat' dir='ltr'><strong>militer</strong></span> <span class='ocrx_word' id='word_1_345' title='bbox 771 5370 1062 5432; x_wconf 88' lang='lat' dir='ltr'><strong>dubitari.</strong></span> <span class='ocrx_word' id='word_1_346' title='bbox 1115 5371 1198 5432; x_wconf 89' lang='lat' dir='ltr'><strong>De</strong></span> <span class='ocrx_word' id='word_1_347' title='bbox 1224 5369 1322 5432; x_wconf 87' lang='lat' dir='ltr'><strong>his</strong></span> <span class='ocrx_word' id='word_1_348' title='bbox 1349 5376 1560 5434; x_wconf 90' lang='lat' dir='ltr'><strong>autem</strong></span> <span class='ocrx_word' id='word_1_349' title='bbox 1587 5370 1924 5432; x_wconf 89' lang='lat' dir='ltr'><strong>dicendum</strong></span> <span class='ocrx_word' id='word_1_350' title='bbox 1951 5377 2066 5447; x_wconf 90' lang='lat' dir='ltr'><strong>est,</strong></span> 
     </span>
     <span class='ocr_line' id='line_1_56' title="bbox 510 5461 2067 5546; baseline -0.001 -20"><span class='ocrx_word' id='word_1_351' title='bbox 510 5483 620 5546; x_wconf 85' lang='lat' dir='ltr'><strong>per</strong></span> <span class='ocrx_word' id='word_1_352' title='bbox 647 5483 710 5526; x_wconf 91' lang='lat' dir='ltr'><strong>se</strong></span> <span class='ocrx_word' id='word_1_353' title='bbox 739 5464 1072 5544; x_wconf 88' lang='lat' dir='ltr'><strong>loquend0,</strong></span> <span class='ocrx_word' id='word_1_354' title='bbox 1102 5461 1509 5527; x_wconf 85' lang='lat' dir='ltr'><strong>sufficientem</strong></span> <span class='ocrx_word' id='word_1_355' title='bbox 1542 5463 1730 5526; x_wconf 85' lang='lat' dir='ltr'><strong>fidem</strong></span> <span class='ocrx_word' id='word_1_356' title='bbox 1761 5463 2067 5542; x_wconf 87' lang='lat' dir='ltr'><strong>ejusmodi</strong></span> 
     </span>
    </p>
   </div>
   <div class='ocr_carea' id='block_1_7' title="bbox 921 308 3295 390">
    <p class='ocr_par' dir='ltr' id='par_1_9' title="bbox 921 308 3295 390">
     <span class='ocr_line' id='line_1_57' title="bbox 921 308 3295 390; baseline 0 -13"><span class='ocrx_word' id='word_1_357' title='bbox 921 319 1159 378; x_wconf 78' lang='lat' dir='ltr'><strong>mSPUT.</strong></span> <span class='ocrx_word' id='word_1_358' title='bbox 1193 323 1301 377; x_wconf 78' lang='lat' dir='ltr'><strong>xn.</strong></span> <span class='ocrx_word' id='word_1_359' title='bbox 1337 325 1419 378; x_wconf 80' lang='lat' dir='ltr'><strong>DE</strong></span> <span class='ocrx_word' id='word_1_360' title='bbox 1449 318 1868 390; x_wconf 65' lang='lat' dir='ltr'>NECESSITATE</span> <span class='ocrx_word' id='word_1_361' title='bbox 1898 308 2063 378; x_wconf 66' lang='lat'><strong>121&#39;0131</strong></span> <span class='ocrx_word' id='word_1_362' title='bbox 2092 319 2423 388; x_wconf 71' lang='lat' dir='ltr'><strong>QUA&#39;rss-Nus</strong></span> <span class='ocrx_word' id='word_1_363' title='bbox 2450 323 2567 382; x_wconf 74' lang='lat' dir='ltr'><strong>EST</strong></span> <span class='ocrx_word' id='word_1_364' title='bbox 2598 321 2839 380; x_wconf 68' lang='lat' dir='ltr'><strong>nanum</strong></span> <span class='ocrx_word' id='word_1_365' title='bbox 2870 326 2955 378; x_wconf 78' lang='lat' dir='ltr'><strong>An</strong></span> <span class='ocrx_word' id='word_1_366' title='bbox 2987 320 3295 379; x_wconf 70' lang='lat' dir='ltr'><strong>summu.</strong></span> 
     </span>
    </p>
   </div>
   <div class='ocr_carea' id='block_1_8' title="bbox 2148 425 3697 2170">
    <p class='ocr_par' dir='ltr' id='par_1_10' title="bbox 2148 425 3697 2170">
     <span class='ocr_line' id='line_1_58' title="bbox 2151 425 3693 506; baseline 0.002 -20"><span class='ocrx_word' id='word_1_367' title='bbox 2151 443 2362 490; x_wconf 88' lang='lat' dir='ltr'><strong>rerum</strong></span> <span class='ocrx_word' id='word_1_368' title='bbox 2406 446 2537 490; x_wconf 89' lang='lat' dir='ltr'><strong>esse</strong></span> <span class='ocrx_word' id='word_1_369' title='bbox 2572 426 3024 501; x_wconf 84' lang='lat' dir='ltr'><strong>necessariam3</strong></span> <span class='ocrx_word' id='word_1_370' title='bbox 3074 426 3191 488; x_wconf 91' lang='lat' dir='ltr'><strong>hoc</strong></span> <span class='ocrx_word' id='word_1_371' title='bbox 3238 425 3410 488; x_wconf 87' lang='lat' dir='ltr'><strong>enim</strong></span> <span class='ocrx_word' id='word_1_372' title='bbox 3454 425 3693 506; x_wconf 81' lang='lat' dir='ltr'><strong>probant</strong></span> 
     </span>
     <span class='ocr_line' id='line_1_59' title="bbox 2150 519 3693 586; baseline -0.001 -3"><span class='ocrx_word' id='word_1_373' title='bbox 2150 523 2421 586; x_wconf 88' lang='lat' dir='ltr'><strong>rationes</strong></span> <span class='ocrx_word' id='word_1_374' title='bbox 2471 522 2823 584; x_wconf 64' lang='lat' dir='ltr'><strong>insinuatae.</strong></span> <span class='ocrx_word' id='word_1_375' title='bbox 2875 519 3291 582; x_wconf 88' lang='lat' dir='ltr'><strong>Nihilominus</strong></span> <span class='ocrx_word' id='word_1_376' title='bbox 3328 527 3535 580; x_wconf 84' lang='lat' dir='ltr'><strong>tamen</strong></span> <span class='ocrx_word' id='word_1_377' title='bbox 3576 538 3693 582; x_wconf 81' lang='lat' dir='ltr'><strong>non</strong></span> 
     </span>
     <span class='ocr_line' id='line_1_60' title="bbox 2149 611 3693 688; baseline -0.001 -12"><span class='ocrx_word' id='word_1_378' title='bbox 2149 615 2395 678; x_wconf 87' lang='lat' dir='ltr'><strong>videtur</strong></span> <span class='ocrx_word' id='word_1_379' title='bbox 2426 613 2836 678; x_wconf 87' lang='lat' dir='ltr'><strong>necessarium</strong></span> <span class='ocrx_word' id='word_1_380' title='bbox 2858 657 2880 688; x_wconf 91' lang='lat'><strong>,</strong></span> <span class='ocrx_word' id='word_1_381' title='bbox 2928 619 3001 674; x_wconf 87' lang='lat' dir='ltr'><strong>ut</strong></span> <span class='ocrx_word' id='word_1_382' title='bbox 3026 613 3095 674; x_wconf 84' lang='lat' dir='ltr'><strong>in</strong></span> <span class='ocrx_word' id='word_1_383' title='bbox 3124 611 3301 676; x_wconf 88' lang='lat' dir='ltr'><strong>omni</strong></span> <span class='ocrx_word' id='word_1_384' title='bbox 3338 618 3557 674; x_wconf 87' lang='lat' dir='ltr'><strong>eventu</strong></span> <span class='ocrx_word' id='word_1_385' title='bbox 3586 613 3693 678; x_wconf 86' lang='lat' dir='ltr'><strong>ista</strong></span> 
     </span>
     <span class='ocr_line' id='line_1_61' title="bbox 2150 706 3695 789; baseline -0.002 -18"><span class='ocrx_word' id='word_1_386' title='bbox 2150 709 2479 772; x_wconf 84' lang='lat' dir='ltr'><strong>credantur</strong></span> <span class='ocrx_word' id='word_1_387' title='bbox 2519 724 2629 789; x_wconf 89' lang='lat' dir='ltr'><strong>per</strong></span> <span class='ocrx_word' id='word_1_388' title='bbox 2670 706 2861 768; x_wconf 83' lang='lat' dir='ltr'><strong>fidem</strong></span> <span class='ocrx_word' id='word_1_389' title='bbox 2896 706 3051 769; x_wconf 85' lang='lat' dir='ltr'><strong>adeo</strong></span> <span class='ocrx_word' id='word_1_390' title='bbox 3079 706 3459 785; x_wconf 85' lang='lat' dir='ltr'><strong>explicitam,</strong></span> <span class='ocrx_word' id='word_1_391' title='bbox 3498 712 3569 766; x_wconf 88' lang='lat' dir='ltr'><strong>ut</strong></span> <span class='ocrx_word' id='word_1_392' title='bbox 3596 725 3695 786; x_wconf 87' lang='lat' dir='ltr'><strong>per</strong></span> 
     </span>
     <span class='ocr_line' id='line_1_62' title="bbox 2152 798 3693 880; baseline -0.004 -14"><span class='ocrx_word' id='word_1_393' title='bbox 2152 805 2424 866; x_wconf 84' lang='lat' dir='ltr'><strong>diversos</strong></span> <span class='ocrx_word' id='word_1_394' title='bbox 2452 807 2800 880; x_wconf 84' lang='lat' dir='ltr'><strong>conceptus,</strong></span> <span class='ocrx_word' id='word_1_395' title='bbox 2838 805 2911 860; x_wconf 92' lang='lat' dir='ltr'><strong>ut</strong></span> <span class='ocrx_word' id='word_1_396' title='bbox 2936 799 3025 862; x_wconf 90' lang='lat' dir='ltr'><strong>sic</strong></span> <span class='ocrx_word' id='word_1_397' title='bbox 3048 798 3276 870; x_wconf 87' lang='lat' dir='ltr'><strong>dicam,</strong></span> <span class='ocrx_word' id='word_1_398' title='bbox 3321 805 3386 860; x_wconf 86' lang='lat' dir='ltr'><strong>et</strong></span> <span class='ocrx_word' id='word_1_399' title='bbox 3408 817 3516 878; x_wconf 92' lang='lat' dir='ltr'><strong>per</strong></span> <span class='ocrx_word' id='word_1_400' title='bbox 3542 809 3693 860; x_wconf 85' lang='lat' dir='ltr'><strong>actus</strong></span> 
     </span>
     <span class='ocr_line' id='line_1_63' title="bbox 2152 890 3695 972; baseline -0.005 -13"><span class='ocrx_word' id='word_1_401' title='bbox 2152 897 2505 960; x_wconf 79' lang='lat' dir='ltr'><strong>differentes</strong></span> <span class='ocrx_word' id='word_1_402' title='bbox 2529 893 2852 957; x_wconf 87' lang='lat' dir='ltr'><strong>habeatur.</strong></span> <span class='ocrx_word' id='word_1_403' title='bbox 2902 894 3059 956; x_wconf 88' lang='lat' dir='ltr'><strong>Nam</strong></span> <span class='ocrx_word' id='word_1_404' title='bbox 3084 893 3193 972; x_wconf 90' lang='lat' dir='ltr'><strong>qui</strong></span> <span class='ocrx_word' id='word_1_405' title='bbox 3220 890 3418 954; x_wconf 87' lang='lat' dir='ltr'><strong>credit</strong></span> <span class='ocrx_word' id='word_1_406' title='bbox 3432 935 3455 966; x_wconf 91' lang='lat'><strong>,</strong></span> <span class='ocrx_word' id='word_1_407' title='bbox 3490 897 3553 954; x_wconf 88' lang='lat' dir='ltr'><strong>et</strong></span> <span class='ocrx_word' id='word_1_408' title='bbox 3576 911 3695 972; x_wconf 86' lang='lat' dir='ltr'><strong>spe·</strong></span> 
     </span>
     <span class='ocr_line' id='line_1_64' title="bbox 2154 984 3695 1069; baseline -0.001 -19"><span class='ocrx_word' id='word_1_409' title='bbox 2154 995 2251 1050; x_wconf 88' lang='lat' dir='ltr'><strong>rat</strong></span> <span class='ocrx_word' id='word_1_410' title='bbox 2300 988 2626 1069; x_wconf 65' lang='lat' dir='ltr'><strong>praemium</strong></span> <span class='ocrx_word' id='word_1_411' title='bbox 2676 986 2929 1049; x_wconf 87' lang='lat' dir='ltr'><strong>alterius</strong></span> <span class='ocrx_word' id='word_1_412' title='bbox 2978 987 3147 1062; x_wconf 80' lang='lat' dir='ltr'><strong>vitae,</strong></span> <span class='ocrx_word' id='word_1_413' title='bbox 3190 985 3341 1048; x_wconf 87' lang='lat' dir='ltr'><strong>satis</strong></span> <span class='ocrx_word' id='word_1_414' title='bbox 3394 984 3483 1046; x_wconf 89' lang='lat' dir='ltr'><strong>ibi</strong></span> <span class='ocrx_word' id='word_1_415' title='bbox 3522 988 3695 1048; x_wconf 86' lang='lat' dir='ltr'><strong>credit</strong></span> 
     </span>
     <span class='ocr_line' id='line_1_65' title="bbox 2154 1077 3695 1158; baseline -0.004 -13"><span class='ocrx_word' id='word_1_416' title='bbox 2154 1083 2381 1145; x_wconf 79' lang='lat' dir='ltr'><strong>animae</strong></span> <span class='ocrx_word' id='word_1_417' title='bbox 2454 1079 2987 1142; x_wconf 86' lang='lat' dir='ltr'><strong>immortalitatem</strong></span> <span class='ocrx_word' id='word_1_418' title='bbox 3003 1095 3024 1157; x_wconf 84' lang='lat'>3</span> <span class='ocrx_word' id='word_1_419' title='bbox 3102 1085 3166 1140; x_wconf 93' lang='lat' dir='ltr'><strong>et</strong></span> <span class='ocrx_word' id='word_1_420' title='bbox 3224 1078 3341 1158; x_wconf 87' lang='lat' dir='ltr'><strong>qui</strong></span> <span class='ocrx_word' id='word_1_421' title='bbox 3388 1077 3579 1140; x_wconf 88' lang='lat' dir='ltr'><strong>credit</strong></span> <span class='ocrx_word' id='word_1_422' title='bbox 3638 1079 3695 1140; x_wconf 89' lang='lat' dir='ltr'><strong>in</strong></span> 
     </span>
     <span class='ocr_line' id='line_1_66' title="bbox 2153 1171 3697 1254; baseline -0.002 -16"><span class='ocrx_word' id='word_1_423' title='bbox 2153 1179 2349 1239; x_wconf 87' lang='lat' dir='ltr'><strong>Deum</strong></span> <span class='ocrx_word' id='word_1_424' title='bbox 2418 1181 2489 1240; x_wconf 88' lang='lat' dir='ltr'><strong>ut</strong></span> <span class='ocrx_word' id='word_1_425' title='bbox 2558 1174 3035 1254; x_wconf 84' lang='lat' dir='ltr'><strong>justificatorem</strong></span> <span class='ocrx_word' id='word_1_426' title='bbox 3064 1219 3085 1252; x_wconf 91' lang='lat'><strong>,</strong></span> <span class='ocrx_word' id='word_1_427' title='bbox 3162 1173 3319 1235; x_wconf 86' lang='lat' dir='ltr'><strong>satis</strong></span> <span class='ocrx_word' id='word_1_428' title='bbox 3388 1171 3479 1234; x_wconf 87' lang='lat' dir='ltr'><strong>ibi</strong></span> <span class='ocrx_word' id='word_1_429' title='bbox 3520 1174 3697 1236; x_wconf 83' lang='lat' dir='ltr'><strong>credit</strong></span> 
     </span>
     <span class='ocr_line' id='line_1_67' title="bbox 2152 1264 3693 1342; baseline -0.004 -10"><span class='ocrx_word' id='word_1_430' title='bbox 2152 1288 2283 1332; x_wconf 88' lang='lat' dir='ltr'><strong>esse</strong></span> <span class='ocrx_word' id='word_1_431' title='bbox 2310 1268 2721 1332; x_wconf 87' lang='lat' dir='ltr'><strong>necessarium</strong></span> <span class='ocrx_word' id='word_1_432' title='bbox 2747 1266 3053 1328; x_wconf 87' lang='lat' dir='ltr'><strong>auxilium</strong></span> <span class='ocrx_word' id='word_1_433' title='bbox 3078 1266 3305 1328; x_wconf 88' lang='lat' dir='ltr'><strong>melius</strong></span> <span class='ocrx_word' id='word_1_434' title='bbox 3332 1265 3411 1327; x_wconf 87' lang='lat' dir='ltr'><strong>ad</strong></span> <span class='ocrx_word' id='word_1_435' title='bbox 3432 1264 3693 1342; x_wconf 85' lang='lat' dir='ltr'><strong>salutem,</strong></span> 
     </span>
     <span class='ocr_line' id='line_1_68' title="bbox 2150 1357 3697 1443; baseline -0.003 -19"><span class='ocrx_word' id='word_1_436' title='bbox 2150 1361 2431 1443; x_wconf 86' lang='lat' dir='ltr'><strong>quamvis</strong></span> <span class='ocrx_word' id='word_1_437' title='bbox 2472 1361 2551 1422; x_wconf 87' lang='lat' dir='ltr'><strong>de</strong></span> <span class='ocrx_word' id='word_1_438' title='bbox 2602 1360 2725 1422; x_wconf 88' lang='lat' dir='ltr'><strong>hoc</strong></span> <span class='ocrx_word' id='word_1_439' title='bbox 2772 1359 3120 1440; x_wconf 81' lang='lat' dir='ltr'><strong>specialiter</strong></span> <span class='ocrx_word' id='word_1_440' title='bbox 3166 1376 3299 1422; x_wconf 87' lang='lat' dir='ltr'><strong>non</strong></span> <span class='ocrx_word' id='word_1_441' title='bbox 3338 1357 3599 1437; x_wconf 81' lang='lat' dir='ltr'><strong>cogitet3</strong></span> <span class='ocrx_word' id='word_1_442' title='bbox 3644 1366 3697 1420; x_wconf 90' lang='lat' dir='ltr'><strong>et</strong></span> 
     </span>
     <span class='ocr_line' id='line_1_69' title="bbox 2150 1451 3694 1532; baseline -0.005 -14"><span class='ocrx_word' id='word_1_443' title='bbox 2150 1456 2319 1518; x_wconf 88' lang='lat' dir='ltr'><strong>idem</strong></span> <span class='ocrx_word' id='word_1_444' title='bbox 2375 1456 2505 1516; x_wconf 76' lang='lat' dir='ltr'><strong>fere</strong></span> <span class='ocrx_word' id='word_1_445' title='bbox 2564 1469 2659 1516; x_wconf 83' lang='lat' dir='ltr'><strong>est</strong></span> <span class='ocrx_word' id='word_1_446' title='bbox 2717 1452 2795 1516; x_wconf 88' lang='lat' dir='ltr'><strong>de</strong></span> <span class='ocrx_word' id='word_1_447' title='bbox 2852 1451 3215 1516; x_wconf 84' lang='lat' dir='ltr'><strong>remissione</strong></span> <span class='ocrx_word' id='word_1_448' title='bbox 3283 1458 3655 1532; x_wconf 82' lang='lat' dir='ltr'><strong>peccatorum</strong></span> <span class='ocrx_word' id='word_1_449' title='bbox 3676 1498 3694 1526; x_wconf 92' lang='lat'><strong>,</strong></span> 
     </span>
     <span class='ocr_line' id='line_1_70' title="bbox 2150 1545 3697 1628; baseline -0.004 -16"><span class='ocrx_word' id='word_1_450' title='bbox 2150 1549 2392 1612; x_wconf 88' lang='lat' dir='ltr'><strong>etiamsi</strong></span> <span class='ocrx_word' id='word_1_451' title='bbox 2418 1549 2497 1610; x_wconf 92' lang='lat' dir='ltr'><strong>de</strong></span> <span class='ocrx_word' id='word_1_452' title='bbox 2523 1553 2775 1628; x_wconf 87' lang='lat' dir='ltr'><strong>peccato</strong></span> <span class='ocrx_word' id='word_1_453' title='bbox 2814 1546 3105 1624; x_wconf 80' lang='lat' dir='ltr'><strong>originali</strong></span> <span class='ocrx_word' id='word_1_454' title='bbox 3136 1545 3255 1608; x_wconf 85' lang='lat' dir='ltr'><strong>sub</strong></span> <span class='ocrx_word' id='word_1_455' title='bbox 3294 1545 3540 1626; x_wconf 87' lang='lat' dir='ltr'><strong>proprio</strong></span> <span class='ocrx_word' id='word_1_456' title='bbox 3570 1563 3697 1606; x_wconf 88' lang='lat' dir='ltr'><strong>con-</strong></span> 
     </span>
     <span class='ocr_line' id='line_1_71' title="bbox 2149 1638 3695 1723; baseline -0.004 -18"><span class='ocrx_word' id='word_1_457' title='bbox 2149 1649 2333 1723; x_wconf 88' lang='lat' dir='ltr'><strong>ceptu</strong></span> <span class='ocrx_word' id='word_1_458' title='bbox 2360 1660 2489 1704; x_wconf 89' lang='lat' dir='ltr'><strong>non</strong></span> <span class='ocrx_word' id='word_1_459' title='bbox 2514 1641 2843 1721; x_wconf 84' lang='lat' dir='ltr'><strong>cogitetur.</strong></span> <span class='ocrx_word' id='word_1_460' title='bbox 2876 1640 3052 1702; x_wconf 90' lang='lat' dir='ltr'><strong>Unde</strong></span> <span class='ocrx_word' id='word_1_461' title='bbox 3075 1639 3229 1702; x_wconf 62' lang='lat' dir='ltr'><strong>fides</strong></span> <span class='ocrx_word' id='word_1_462' title='bbox 3250 1638 3482 1700; x_wconf 88' lang='lat' dir='ltr'><strong>harum</strong></span> <span class='ocrx_word' id='word_1_463' title='bbox 3506 1657 3695 1701; x_wconf 87' lang='lat' dir='ltr'><strong>rerum</strong></span> 
     </span>
     <span class='ocr_line' id='line_1_72' title="bbox 2150 1729 3697 1816; baseline -0.003 -20"><span class='ocrx_word' id='word_1_464' title='bbox 2150 1736 2239 1797; x_wconf 86' lang='lat' dir='ltr'><strong>ita</strong></span> <span class='ocrx_word' id='word_1_465' title='bbox 2264 1734 2555 1816; x_wconf 87' lang='lat' dir='ltr'><strong>explicita</strong></span> <span class='ocrx_word' id='word_1_466' title='bbox 2576 1778 2599 1810; x_wconf 93' lang='lat'><strong>,</strong></span> <span class='ocrx_word' id='word_1_467' title='bbox 2626 1739 2719 1794; x_wconf 79' lang='lat' dir='ltr'><strong>ut</strong></span> <span class='ocrx_word' id='word_1_468' title='bbox 2746 1752 2857 1814; x_wconf 88' lang='lat' dir='ltr'><strong>per</strong></span> <span class='ocrx_word' id='word_1_469' title='bbox 2888 1733 3209 1796; x_wconf 83' lang='lat' dir='ltr'><strong>distinctos</strong></span> <span class='ocrx_word' id='word_1_470' title='bbox 3245 1736 3575 1811; x_wconf 84' lang='lat' dir='ltr'><strong>conceptus</strong></span> <span class='ocrx_word' id='word_1_471' title='bbox 3602 1729 3697 1791; x_wconf 86' lang='lat' dir='ltr'><strong>ha-</strong></span> 
     </span>
     <span class='ocr_line' id='line_1_73' title="bbox 2151 1823 3695 1906; baseline -0.005 -14"><span class='ocrx_word' id='word_1_472' title='bbox 2151 1830 2395 1903; x_wconf 87' lang='lat' dir='ltr'><strong>beatur,</strong></span> <span class='ocrx_word' id='word_1_473' title='bbox 2437 1827 2559 1892; x_wconf 86' lang='lat' dir='ltr'><strong>dici</strong></span> <span class='ocrx_word' id='word_1_474' title='bbox 2587 1832 2787 1906; x_wconf 84' lang='lat' dir='ltr'><strong>potest</strong></span> <span class='ocrx_word' id='word_1_475' title='bbox 2820 1844 2931 1906; x_wconf 87' lang='lat' dir='ltr'><strong>per</strong></span> <span class='ocrx_word' id='word_1_476' title='bbox 2962 1843 3031 1888; x_wconf 87' lang='lat' dir='ltr'><strong>se</strong></span> <span class='ocrx_word' id='word_1_477' title='bbox 3064 1831 3129 1888; x_wconf 90' lang='lat' dir='ltr'><strong>et</strong></span> <span class='ocrx_word' id='word_1_478' title='bbox 3160 1823 3549 1904; x_wconf 80' lang='lat' dir='ltr'><strong>regulariter,</strong></span> <span class='ocrx_word' id='word_1_479' title='bbox 3585 1823 3695 1897; x_wconf 85' lang='lat' dir='ltr'><strong>vel,</strong></span> 
     </span>
     <span class='ocr_line' id='line_1_74' title="bbox 2150 1919 3696 2001; baseline -0.005 -16"><span class='ocrx_word' id='word_1_480' title='bbox 2150 1929 2223 1984; x_wconf 91' lang='lat' dir='ltr'><strong>ut</strong></span> <span class='ocrx_word' id='word_1_481' title='bbox 2250 1922 2355 1985; x_wconf 87' lang='lat' dir='ltr'><strong>alii</strong></span> <span class='ocrx_word' id='word_1_482' title='bbox 2385 1921 2749 2001; x_wconf 75' lang='lat' dir='ltr'><strong>loquuntur,</strong></span> <span class='ocrx_word' id='word_1_483' title='bbox 2793 1920 2862 1982; x_wconf 91' lang='lat' dir='ltr'><strong>in</strong></span> <span class='ocrx_word' id='word_1_484' title='bbox 2888 1925 3035 1982; x_wconf 92' lang='lat' dir='ltr'><strong>voto</strong></span> <span class='ocrx_word' id='word_1_485' title='bbox 3058 1919 3426 1993; x_wconf 79' lang='lat' dir='ltr'><strong>necessaria,</strong></span> <span class='ocrx_word' id='word_1_486' title='bbox 3474 1935 3595 1980; x_wconf 89' lang='lat' dir='ltr'><strong>non</strong></span> <span class='ocrx_word' id='word_1_487' title='bbox 3618 1923 3696 1978; x_wconf 84' lang='lat' dir='ltr'><strong>ta-</strong></span> 
     </span>
     <span class='ocr_line' id='line_1_75' title="bbox 2152 2009 3694 2092; baseline -0.004 -16"><span class='ocrx_word' id='word_1_488' title='bbox 2152 2033 2299 2076; x_wconf 89' lang='lat' dir='ltr'><strong>men</strong></span> <span class='ocrx_word' id='word_1_489' title='bbox 2326 2031 2572 2092; x_wconf 87' lang='lat' dir='ltr'><strong>semper</strong></span> <span class='ocrx_word' id='word_1_490' title='bbox 2598 2012 2665 2073; x_wconf 89' lang='lat' dir='ltr'><strong>in</strong></span> <span class='ocrx_word' id='word_1_491' title='bbox 2692 2031 2761 2076; x_wconf 89' lang='lat' dir='ltr'><strong>re</strong></span> <span class='ocrx_word' id='word_1_492' title='bbox 2790 2019 2855 2074; x_wconf 86' lang='lat' dir='ltr'><strong>et</strong></span> <span class='ocrx_word' id='word_1_493' title='bbox 2880 2011 3204 2072; x_wconf 89' lang='lat' dir='ltr'><strong>actualiter</strong></span> <span class='ocrx_word' id='word_1_494' title='bbox 3221 2057 3246 2089; x_wconf 84' lang='lat'><strong>,</strong></span> <span class='ocrx_word' id='word_1_495' title='bbox 3284 2010 3469 2089; x_wconf 78' lang='lat' dir='ltr'><strong>juxta</strong></span> <span class='ocrx_word' id='word_1_496' title='bbox 3492 2009 3694 2070; x_wconf 88' lang='lat' dir='ltr'><strong>doctri-</strong></span> 
     </span>
     <span class='ocr_line' id='line_1_76' title="bbox 2148 2101 3697 2170; baseline -0.005 0"><span class='ocrx_word' id='word_1_497' title='bbox 2148 2127 2299 2170; x_wconf 86' lang='lat' dir='ltr'><strong>nam</strong></span> <span class='ocrx_word' id='word_1_498' title='bbox 2360 2108 2429 2168; x_wconf 90' lang='lat' dir='ltr'><strong>in</strong></span> <span class='ocrx_word' id='word_1_499' title='bbox 2488 2105 2677 2168; x_wconf 88' lang='lat' dir='ltr'><strong>simili</strong></span> <span class='ocrx_word' id='word_1_500' title='bbox 2744 2105 3107 2168; x_wconf 85' lang='lat' dir='ltr'><strong>tradendam</strong></span> <span class='ocrx_word' id='word_1_501' title='bbox 3170 2106 3239 2166; x_wconf 89' lang='lat' dir='ltr'><strong>in</strong></span> <span class='ocrx_word' id='word_1_502' title='bbox 3291 2101 3559 2166; x_wconf 84' lang='lat' dir='ltr'><strong>sectione</strong></span> <span class='ocrx_word' id='word_1_503' title='bbox 3616 2120 3697 2163; x_wconf 86' lang='lat' dir='ltr'><strong>sc·</strong></span> 
     </span>
    </p>
   </div>
   <div class='ocr_carea' id='block_1_9' title="bbox 2152 2205 3111 2487">
    <p class='ocr_par' dir='ltr' id='par_1_11' title="bbox 2152 2205 3111 2487">
     <span class='ocr_line' id='line_1_77' title="bbox 2152 2205 2389 2284; baseline 0.013 -23"><span class='ocrx_word' id='word_1_504' title='bbox 2152 2205 2389 2284; x_wconf 88' lang='lat' dir='ltr'><strong>quenti.</strong></span> 
     </span>
     <span class='ocr_line' id='line_1_78' title="bbox 2746 2431 3111 2487; baseline 0 -1"><span class='ocrx_word' id='word_1_505' title='bbox 2746 2431 2751 2436; x_wconf 80' lang='grc'><strong>’</strong></span> <span class='ocrx_word' id='word_1_506' title='bbox 2771 2435 2985 2487; x_wconf 88' lang='lat' dir='ltr'><strong>SECTlO</strong></span> <span class='ocrx_word' id='word_1_507' title='bbox 3026 2434 3111 2486; x_wconf 86' lang='lat' dir='ltr'><strong>IV.</strong></span> 
     </span>
    </p>
   </div>
   <div class='ocr_carea' id='block_1_10' title="bbox 2158 2609 3699 2886">
    <p class='ocr_par' dir='ltr' id='par_1_12' title="bbox 2158 2609 3699 2886">
     <span class='ocr_line' id='line_1_79' title="bbox 2158 2609 3699 2714; baseline -0.003 -19"><span class='ocrx_word' id='word_1_508' title='bbox 2158 2631 2426 2708; x_wconf 72' lang='lat' dir='ltr'><strong>Quarum</strong></span> <span class='ocrx_word' id='word_1_509' title='bbox 2454 2651 2661 2697; x_wconf 77' lang='lat' dir='ltr'><strong>rerum</strong></span> <span class='ocrx_word' id='word_1_510' title='bbox 2688 2609 2979 2714; x_wconf 53' lang='lat' dir='ltr'><strong>explicita</strong></span> <span class='ocrx_word' id='word_1_511' title='bbox 3006 2632 3157 2710; x_wconf 79' lang='lat' dir='ltr'><strong>fides</strong></span> <span class='ocrx_word' id='word_1_512' title='bbox 3198 2631 3286 2694; x_wconf 73' lang='lat' dir='ltr'><strong>sit</strong></span> <span class='ocrx_word' id='word_1_513' title='bbox 3320 2626 3575 2692; x_wconf 76' lang='lat' dir='ltr'><strong>medium</strong></span> <span class='ocrx_word' id='word_1_514' title='bbox 3612 2645 3699 2690; x_wconf 77' lang='lat' dir='ltr'><strong>ne-</strong></span> 
     </span>
     <span class='ocr_line' id='line_1_80' title="bbox 2234 2722 3696 2808; baseline -0.005 -18"><span class='ocrx_word' id='word_1_515' title='bbox 2234 2728 2564 2791; x_wconf 74' lang='lat' dir='ltr'><strong>cessarium</strong></span> <span class='ocrx_word' id='word_1_516' title='bbox 2607 2729 2689 2790; x_wconf 85' lang='lat' dir='ltr'><strong>ad</strong></span> <span class='ocrx_word' id='word_1_517' title='bbox 2722 2727 2999 2802; x_wconf 73' lang='lat' dir='ltr'><strong>salutem,</strong></span> <span class='ocrx_word' id='word_1_518' title='bbox 3036 2729 3183 2808; x_wconf 76' lang='lat' dir='ltr'><strong>post</strong></span> <span class='ocrx_word' id='word_1_519' title='bbox 3231 2722 3469 2788; x_wconf 70' lang='lat' dir='ltr'><strong>Christi</strong></span> <span class='ocrx_word' id='word_1_520' title='bbox 3508 2723 3696 2786; x_wconf 78' lang='lat' dir='ltr'><strong>adven-</strong></span> 
     </span>
     <span class='ocr_line' id='line_1_81' title="bbox 2234 2825 2385 2886; baseline -0.033 0"><span class='ocrx_word' id='word_1_521' title='bbox 2234 2825 2385 2886; x_wconf 81' lang='lat' dir='ltr'><strong>tum.</strong></span> 
     </span>
    </p>
   </div>
   <div class='ocr_carea' id='block_1_11' title="bbox 2146 3041 3697 5548">
    <p class='ocr_par' dir='ltr' id='par_1_13' title="bbox 2146 3041 3697 5434">
     <span class='ocr_line' id='line_1_82' title="bbox 2231 3041 3697 3128; baseline -0.003 -22"><span class='ocrx_word' id='word_1_522' title='bbox 2231 3049 2259 3106; x_wconf 77' lang='lat'><strong>1</strong></span> <span class='ocrx_word' id='word_1_523' title='bbox 2275 3091 2289 3106; x_wconf 89' lang='lat'>.</span> <span class='ocrx_word' id='word_1_524' title='bbox 2334 3046 2558 3108; x_wconf 76' lang='lat' dir='ltr'><strong>Prima</strong></span> <span class='ocrx_word' id='word_1_525' title='bbox 2583 3045 2915 3128; x_wconf 72' lang='lat' dir='ltr'><strong>suppositio</strong></span> <span class='ocrx_word' id='word_1_526' title='bbox 2936 3061 3055 3128; x_wconf 79' lang='lat' dir='ltr'><strong>pro</strong></span> <span class='ocrx_word' id='word_1_527' title='bbox 3078 3043 3549 3108; x_wconf 70' lang='lat' dir='ltr'><strong>resolutione.-</strong></span> <span class='ocrx_word' id='word_1_528' title='bbox 3562 3041 3697 3119; x_wconf 88' lang='lat' dir='ltr'><strong>Sup-</strong></span> 
     </span>
     <span class='ocr_line' id='line_1_83' title="bbox 2146 3135 3694 3218; baseline -0.003 -20"><span class='ocrx_word' id='word_1_529' title='bbox 2146 3138 2437 3218; x_wconf 89' lang='lat' dir='ltr'><strong>ponimus</strong></span> <span class='ocrx_word' id='word_1_530' title='bbox 2479 3138 2787 3217; x_wconf 89' lang='lat' dir='ltr'><strong>imprimis</strong></span> <span class='ocrx_word' id='word_1_531' title='bbox 2826 3155 2967 3200; x_wconf 86' lang='lat' dir='ltr'><strong>eam</strong></span> <span class='ocrx_word' id='word_1_532' title='bbox 3004 3135 3194 3198; x_wconf 89' lang='lat' dir='ltr'><strong>fidem</strong></span> <span class='ocrx_word' id='word_1_533' title='bbox 3230 3136 3375 3212; x_wconf 88' lang='lat' dir='ltr'><strong>Dei,</strong></span> <span class='ocrx_word' id='word_1_534' title='bbox 3402 3140 3465 3198; x_wconf 85' lang='lat' dir='ltr'><strong>et</strong></span> <span class='ocrx_word' id='word_1_535' title='bbox 3506 3153 3694 3196; x_wconf 85' lang='lat' dir='ltr'><strong>conse·</strong></span> 
     </span>
     <span class='ocr_line' id='line_1_84' title="bbox 2147 3226 3697 3310; baseline -0.005 -18"><span class='ocrx_word' id='word_1_536' title='bbox 2147 3237 2409 3310; x_wconf 86' lang='lat' dir='ltr'><strong>quenter</strong></span> <span class='ocrx_word' id='word_1_537' title='bbox 2456 3233 2644 3294; x_wconf 84' lang='lat' dir='ltr'><strong>etiam</strong></span> <span class='ocrx_word' id='word_1_538' title='bbox 2700 3231 2943 3306; x_wconf 88' lang='lat' dir='ltr'><strong>Christi,</strong></span> <span class='ocrx_word' id='word_1_539' title='bbox 3002 3247 3145 3310; x_wconf 81' lang='lat' dir='ltr'><strong>quae</strong></span> <span class='ocrx_word' id='word_1_540' title='bbox 3198 3228 3328 3290; x_wconf 82' lang='lat' dir='ltr'><strong>fuit</strong></span> <span class='ocrx_word' id='word_1_541' title='bbox 3380 3226 3697 3290; x_wconf 84' lang='lat' dir='ltr'><strong>necessaria</strong></span> 
     </span>
     <span class='ocr_line' id='line_1_85' title="bbox 2147 3321 3693 3404; baseline -0.004 -20"><span class='ocrx_word' id='word_1_542' title='bbox 2147 3324 2455 3404; x_wconf 88' lang='lat' dir='ltr'><strong>prioribus</strong></span> <span class='ocrx_word' id='word_1_543' title='bbox 2481 3324 2881 3404; x_wconf 88' lang='lat' dir='ltr'><strong>temporibus,</strong></span> <span class='ocrx_word' id='word_1_544' title='bbox 2911 3342 2952 3385; x_wconf 87' lang='lat' dir='ltr'><strong>a</strong></span> <span class='ocrx_word' id='word_1_545' title='bbox 2976 3323 3243 3397; x_wconf 85' lang='lat' dir='ltr'><strong>fortiori,</strong></span> <span class='ocrx_word' id='word_1_546' title='bbox 3274 3328 3342 3384; x_wconf 89' lang='lat' dir='ltr'><strong>et</strong></span> <span class='ocrx_word' id='word_1_547' title='bbox 3366 3321 3559 3385; x_wconf 87' lang='lat' dir='ltr'><strong>multo</strong></span> <span class='ocrx_word' id='word_1_548' title='bbox 3583 3337 3693 3380; x_wconf 90' lang='lat' dir='ltr'><strong>ma-</strong></span> 
     </span>
     <span class='ocr_line' id='line_1_86' title="bbox 2146 3413 3693 3498; baseline -0.005 -21"><span class='ocrx_word' id='word_1_549' title='bbox 2146 3418 2241 3496; x_wconf 81' lang='lat' dir='ltr'><strong>gis</strong></span> <span class='ocrx_word' id='word_1_550' title='bbox 2280 3417 2349 3478; x_wconf 92' lang='lat' dir='ltr'><strong>in</strong></span> <span class='ocrx_word' id='word_1_551' title='bbox 2380 3417 2497 3480; x_wconf 90' lang='lat' dir='ltr'><strong>hoc</strong></span> <span class='ocrx_word' id='word_1_552' title='bbox 2525 3425 2803 3497; x_wconf 82' lang='lat' dir='ltr'><strong>tempore</strong></span> <span class='ocrx_word' id='word_1_553' title='bbox 2837 3416 3097 3496; x_wconf 82' lang='lat' dir='ltr'><strong>requiri,</strong></span> <span class='ocrx_word' id='word_1_554' title='bbox 3128 3416 3283 3498; x_wconf 87' lang='lat' dir='ltr'><strong>quia</strong></span> <span class='ocrx_word' id='word_1_555' title='bbox 3310 3415 3421 3476; x_wconf 91' lang='lat' dir='ltr'><strong>illa</strong></span> <span class='ocrx_word' id='word_1_556' title='bbox 3445 3413 3560 3476; x_wconf 82' lang='lat' dir='ltr'><strong>fuit</strong></span> <span class='ocrx_word' id='word_1_557' title='bbox 3594 3413 3693 3472; x_wconf 83' lang='lat' dir='ltr'><strong>mi-</strong></span> 
     </span>
     <span class='ocr_line' id='line_1_87' title="bbox 2146 3507 3687 3589; baseline -0.002 -20"><span class='ocrx_word' id='word_1_558' title='bbox 2146 3509 2319 3572; x_wconf 87' lang='lat' dir='ltr'><strong>nima</strong></span> <span class='ocrx_word' id='word_1_559' title='bbox 2357 3509 2511 3572; x_wconf 87' lang='lat' dir='ltr'><strong>fides</strong></span> <span class='ocrx_word' id='word_1_560' title='bbox 2549 3527 2691 3589; x_wconf 80' lang='lat' dir='ltr'><strong>quae</strong></span> <span class='ocrx_word' id='word_1_561' title='bbox 2724 3509 2806 3570; x_wconf 85' lang='lat' dir='ltr'><strong>ad</strong></span> <span class='ocrx_word' id='word_1_562' title='bbox 2850 3509 3110 3570; x_wconf 89' lang='lat' dir='ltr'><strong>salutem</strong></span> <span class='ocrx_word' id='word_1_563' title='bbox 3156 3507 3462 3588; x_wconf 85' lang='lat' dir='ltr'><strong>postulari</strong></span> <span class='ocrx_word' id='word_1_564' title='bbox 3494 3511 3687 3586; x_wconf 84' lang='lat' dir='ltr'><strong>potest.</strong></span> 
     </span>
     <span class='ocr_line' id='line_1_88' title="bbox 2146 3598 3692 3687; baseline -0.006 -22"><span class='ocrx_word' id='word_1_565' title='bbox 2146 3603 2323 3665; x_wconf 84' lang='lat' dir='ltr'><strong>Unde</strong></span> <span class='ocrx_word' id='word_1_566' title='bbox 2352 3603 2641 3683; x_wconf 78' lang='lat' dir='ltr'><strong>quaedam</strong></span> <span class='ocrx_word' id='word_1_567' title='bbox 2666 3603 2877 3682; x_wconf 89' lang='lat' dir='ltr'><strong>opinio</strong></span> <span class='ocrx_word' id='word_1_568' title='bbox 2918 3603 3173 3682; x_wconf 86' lang='lat' dir='ltr'><strong>antiqua</strong></span> <span class='ocrx_word' id='word_1_569' title='bbox 3206 3601 3521 3687; x_wconf 75' lang='lat' dir='ltr'><strong>Guillelmi</strong></span> <span class='ocrx_word' id='word_1_570' title='bbox 3548 3598 3692 3662; x_wconf 83' lang='lat' dir='ltr'><strong>Pari-</strong></span> 
     </span>
     <span class='ocr_line' id='line_1_89' title="bbox 2146 3693 3691 3773; baseline -0.005 -17"><span class='ocrx_word' id='word_1_571' title='bbox 2146 3695 2383 3772; x_wconf 88' lang='lat' dir='ltr'><strong>siensis,</strong></span> <span class='ocrx_word' id='word_1_572' title='bbox 2408 3702 2471 3757; x_wconf 91' lang='lat' dir='ltr'><strong>et</strong></span> <span class='ocrx_word' id='word_1_573' title='bbox 2487 3694 2873 3770; x_wconf 89' lang='lat' dir='ltr'><strong>Altisiodor.,</strong></span> <span class='ocrx_word' id='word_1_574' title='bbox 2894 3713 2967 3758; x_wconf 91' lang='lat' dir='ltr'><strong>ac</strong></span> <span class='ocrx_word' id='word_1_575' title='bbox 2984 3694 3279 3769; x_wconf 89' lang='lat' dir='ltr'><strong>aliorum,</strong></span> <span class='ocrx_word' id='word_1_576' title='bbox 3298 3694 3411 3773; x_wconf 87' lang='lat' dir='ltr'><strong>qui</strong></span> <span class='ocrx_word' id='word_1_577' title='bbox 3428 3693 3691 3755; x_wconf 80' lang='lat' dir='ltr'><strong>dixerunt</strong></span> 
     </span>
     <span class='ocr_line' id='line_1_90' title="bbox 2148 3785 3690 3868; baseline -0.003 -20"><span class='ocrx_word' id='word_1_578' title='bbox 2148 3787 2431 3849; x_wconf 83' lang='lat' dir='ltr'><strong>fidelibus</strong></span> <span class='ocrx_word' id='word_1_579' title='bbox 2492 3787 2870 3868; x_wconf 85' lang='lat' dir='ltr'><strong>simplicibus</strong></span> <span class='ocrx_word' id='word_1_580' title='bbox 2920 3805 3050 3849; x_wconf 88' lang='lat' dir='ltr'><strong>non</strong></span> <span class='ocrx_word' id='word_1_581' title='bbox 3104 3805 3233 3854; x_wconf 84' lang='lat' dir='ltr'><strong>esse</strong></span> <span class='ocrx_word' id='word_1_582' title='bbox 3303 3785 3690 3848; x_wconf 81' lang='lat' dir='ltr'><strong>necessarium</strong></span> 
     </span>
     <span class='ocr_line' id='line_1_91' title="bbox 2147 3875 3689 3961; baseline -0.005 -19"><span class='ocrx_word' id='word_1_583' title='bbox 2147 3881 2397 3943; x_wconf 89' lang='lat' dir='ltr'><strong>credere</strong></span> <span class='ocrx_word' id='word_1_584' title='bbox 2434 3880 2671 3961; x_wconf 86' lang='lat' dir='ltr'><strong>aliquid</strong></span> <span class='ocrx_word' id='word_1_585' title='bbox 2718 3883 2784 3941; x_wconf 90' lang='lat' dir='ltr'><strong>in</strong></span> <span class='ocrx_word' id='word_1_586' title='bbox 2834 3879 3213 3960; x_wconf 80' lang='lat' dir='ltr'><strong>particulari,</strong></span> <span class='ocrx_word' id='word_1_587' title='bbox 3256 3880 3365 3942; x_wconf 89' lang='lat' dir='ltr'><strong>sed</strong></span> <span class='ocrx_word' id='word_1_588' title='bbox 3410 3879 3601 3940; x_wconf 88' lang='lat' dir='ltr'><strong>solum</strong></span> <span class='ocrx_word' id='word_1_589' title='bbox 3632 3875 3689 3935; x_wconf 90' lang='lat' dir='ltr'><strong>in</strong></span> 
     </span>
     <span class='ocr_line' id='line_1_92' title="bbox 2148 3970 3691 4052; baseline -0.005 -18"><span class='ocrx_word' id='word_1_590' title='bbox 2148 3973 2425 4051; x_wconf 88' lang='lat' dir='ltr'><strong>generali</strong></span> <span class='ocrx_word' id='word_1_591' title='bbox 2456 3992 2603 4036; x_wconf 87' lang='lat' dir='ltr'><strong>vera</strong></span> <span class='ocrx_word' id='word_1_592' title='bbox 2628 3991 2757 4034; x_wconf 89' lang='lat' dir='ltr'><strong>esse</strong></span> <span class='ocrx_word' id='word_1_593' title='bbox 2792 3989 2931 4052; x_wconf 82' lang='lat' dir='ltr'><strong>quae</strong></span> <span class='ocrx_word' id='word_1_594' title='bbox 2960 3972 3231 4034; x_wconf 86' lang='lat' dir='ltr'><strong>Ecclesia</strong></span> <span class='ocrx_word' id='word_1_595' title='bbox 3266 3971 3485 4045; x_wconf 86' lang='lat' dir='ltr'><strong>credit,</strong></span> <span class='ocrx_word' id='word_1_596' title='bbox 3512 3989 3551 4032; x_wconf 90' lang='lat' dir='ltr'><strong>a</strong></span> <span class='ocrx_word' id='word_1_597' title='bbox 3570 3970 3691 4049; x_wconf 89' lang='lat' dir='ltr'><strong>qui·</strong></span> 
     </span>
     <span class='ocr_line' id='line_1_93' title="bbox 2146 4061 3688 4129; baseline -0.005 -3"><span class='ocrx_word' id='word_1_598' title='bbox 2146 4065 2407 4126; x_wconf 89' lang='lat' dir='ltr'><strong>busdam</strong></span> <span class='ocrx_word' id='word_1_599' title='bbox 2442 4074 2511 4126; x_wconf 83' lang='lat' dir='ltr'><strong>ut</strong></span> <span class='ocrx_word' id='word_1_600' title='bbox 2536 4083 2797 4127; x_wconf 90' lang='lat' dir='ltr'><strong>erronea</strong></span> <span class='ocrx_word' id='word_1_601' title='bbox 2826 4065 3183 4129; x_wconf 87' lang='lat' dir='ltr'><strong>damnatur.</strong></span> <span class='ocrx_word' id='word_1_602' title='bbox 3212 4063 3295 4126; x_wconf 92' lang='lat' dir='ltr'><strong>Et</strong></span> <span class='ocrx_word' id='word_1_603' title='bbox 3326 4082 3537 4126; x_wconf 83' lang='lat' dir='ltr'><strong>revera</strong></span> <span class='ocrx_word' id='word_1_604' title='bbox 3568 4061 3688 4122; x_wconf 78' lang='lat' dir='ltr'><strong>1alis</strong></span> 
     </span>
     <span class='ocr_line' id='line_1_94' title="bbox 2147 4157 3692 4240; baseline -0.005 -19"><span class='ocrx_word' id='word_1_605' title='bbox 2147 4167 2324 4237; x_wconf 84' lang='lat' dir='ltr'><strong>esset,</strong></span> <span class='ocrx_word' id='word_1_606' title='bbox 2354 4161 2408 4220; x_wconf 90' lang='lat' dir='ltr'><strong>si</strong></span> <span class='ocrx_word' id='word_1_607' title='bbox 2452 4159 2807 4222; x_wconf 83' lang='lat' dir='ltr'><strong>excluderet</strong></span> <span class='ocrx_word' id='word_1_608' title='bbox 2852 4177 3205 4240; x_wconf 88' lang='lat' dir='ltr'><strong>expressam</strong></span> <span class='ocrx_word' id='word_1_609' title='bbox 3248 4159 3441 4220; x_wconf 87' lang='lat' dir='ltr'><strong>fidem</strong></span> <span class='ocrx_word' id='word_1_610' title='bbox 3476 4157 3597 4230; x_wconf 83' lang='lat' dir='ltr'><strong>Dei,</strong></span> <span class='ocrx_word' id='word_1_611' title='bbox 3630 4160 3692 4214; x_wconf 88' lang='lat' dir='ltr'><strong>ut</strong></span> 
     </span>
     <span class='ocr_line' id='line_1_95' title="bbox 2147 4249 3688 4333; baseline -0.003 -21"><span class='ocrx_word' id='word_1_612' title='bbox 2147 4253 2629 4333; x_wconf 85' lang='lat' dir='ltr'><strong>supernaturalis</strong></span> <span class='ocrx_word' id='word_1_613' title='bbox 2679 4253 3161 4314; x_wconf 87' lang='lat' dir='ltr'><strong>remuneratoris</strong></span> <span class='ocrx_word' id='word_1_614' title='bbox 3180 4297 3204 4327; x_wconf 89' lang='lat'><strong>,</strong></span> <span class='ocrx_word' id='word_1_615' title='bbox 3251 4254 3412 4314; x_wconf 89' lang='lat' dir='ltr'><strong>sicut</strong></span> <span class='ocrx_word' id='word_1_616' title='bbox 3462 4249 3688 4311; x_wconf 78' lang='lat' dir='ltr'><strong>convin-</strong></span> 
     </span>
     <span class='ocr_line' id='line_1_96' title="bbox 2148 4339 3687 4424; baseline -0.004 -18"><span class='ocrx_word' id='word_1_617' title='bbox 2148 4352 2296 4407; x_wconf 90' lang='lat' dir='ltr'><strong>cunt</strong></span> <span class='ocrx_word' id='word_1_618' title='bbox 2321 4347 2535 4406; x_wconf 90' lang='lat' dir='ltr'><strong>omnia</strong></span> <span class='ocrx_word' id='word_1_619' title='bbox 2560 4363 2747 4424; x_wconf 85' lang='lat' dir='ltr'><strong>supra</strong></span> <span class='ocrx_word' id='word_1_620' title='bbox 2768 4352 3048 4407; x_wconf 81' lang='lat' dir='ltr'><strong>tractata.</strong></span> <span class='ocrx_word' id='word_1_621' title='bbox 3076 4346 3215 4406; x_wconf 93' lang='lat' dir='ltr'><strong>Non</strong></span> <span class='ocrx_word' id='word_1_622' title='bbox 3238 4345 3360 4407; x_wconf 83' lang='lat' dir='ltr'><strong>fuit</strong></span> <span class='ocrx_word' id='word_1_623' title='bbox 3380 4351 3575 4406; x_wconf 85' lang='lat' dir='ltr'><strong>tamen</strong></span> <span class='ocrx_word' id='word_1_624' title='bbox 3596 4339 3687 4400; x_wconf 84' lang='lat' dir='ltr'><strong>illa</strong></span> 
     </span>
     <span class='ocr_line' id='line_1_97' title="bbox 2150 4436 3686 4518; baseline -0.005 -20"><span class='ocrx_word' id='word_1_625' title='bbox 2150 4456 2323 4500; x_wconf 91' lang='lat' dir='ltr'><strong>mens</strong></span> <span class='ocrx_word' id='word_1_626' title='bbox 2368 4438 2675 4501; x_wconf 86' lang='lat' dir='ltr'><strong>dictorum</strong></span> <span class='ocrx_word' id='word_1_627' title='bbox 2720 4443 3083 4514; x_wconf 80' lang='lat' dir='ltr'><strong>auctorum;</strong></span> <span class='ocrx_word' id='word_1_628' title='bbox 3112 4439 3242 4515; x_wconf 87' lang='lat' dir='ltr'><strong>sed,</strong></span> <span class='ocrx_word' id='word_1_629' title='bbox 3281 4436 3448 4518; x_wconf 85' lang='lat' dir='ltr'><strong>quod</strong></span> <span class='ocrx_word' id='word_1_630' title='bbox 3488 4439 3686 4514; x_wconf 74' lang='lat' dir='ltr'><strong>praeter</strong></span> 
     </span>
     <span class='ocr_line' id='line_1_98' title="bbox 2149 4529 3685 4610; baseline -0.007 -18"><span class='ocrx_word' id='word_1_631' title='bbox 2149 4530 2565 4610; x_wconf 81' lang='lat' dir='ltr'><strong>cognitionem</strong></span> <span class='ocrx_word' id='word_1_632' title='bbox 2618 4531 2789 4592; x_wconf 88' lang='lat' dir='ltr'><strong>illam</strong></span> <span class='ocrx_word' id='word_1_633' title='bbox 2836 4531 2945 4592; x_wconf 88' lang='lat' dir='ltr'><strong>Dei</strong></span> <span class='ocrx_word' id='word_1_634' title='bbox 2995 4548 3125 4592; x_wconf 90' lang='lat' dir='ltr'><strong>non</strong></span> <span class='ocrx_word' id='word_1_635' title='bbox 3168 4533 3247 4591; x_wconf 87' lang='lat' dir='ltr'><strong>sit</strong></span> <span class='ocrx_word' id='word_1_636' title='bbox 3304 4529 3685 4592; x_wconf 84' lang='lat' dir='ltr'><strong>necessarium</strong></span> 
     </span>
     <span class='ocr_line' id='line_1_99' title="bbox 2146 4617 3685 4699; baseline -0.004 -15"><span class='ocrx_word' id='word_1_637' title='bbox 2146 4624 2317 4684; x_wconf 87' lang='lat' dir='ltr'><strong>aliud</strong></span> <span class='ocrx_word' id='word_1_638' title='bbox 2364 4625 2609 4686; x_wconf 79' lang='lat' dir='ltr'><strong>credere</strong></span> <span class='ocrx_word' id='word_1_639' title='bbox 2654 4624 2963 4699; x_wconf 88' lang='lat' dir='ltr'><strong>distincte,</strong></span> <span class='ocrx_word' id='word_1_640' title='bbox 3006 4623 3114 4684; x_wconf 89' lang='lat' dir='ltr'><strong>sed</strong></span> <span class='ocrx_word' id='word_1_641' title='bbox 3160 4625 3447 4699; x_wconf 80' lang='lat' dir='ltr'><strong>confuse,</strong></span> <span class='ocrx_word' id='word_1_642' title='bbox 3488 4637 3589 4683; x_wconf 86' lang='lat' dir='ltr'><strong>seu</strong></span> <span class='ocrx_word' id='word_1_643' title='bbox 3627 4617 3685 4676; x_wconf 87' lang='lat' dir='ltr'><strong>iu</strong></span> 
     </span>
     <span class='ocr_line' id='line_1_100' title="bbox 2146 4712 3685 4794; baseline -0.006 -16"><span class='ocrx_word' id='word_1_644' title='bbox 2146 4715 2293 4794; x_wconf 90' lang='lat' dir='ltr'><strong>alio,</strong></span> <span class='ocrx_word' id='word_1_645' title='bbox 2322 4716 2386 4777; x_wconf 89' lang='lat' dir='ltr'><strong>id</strong></span> <span class='ocrx_word' id='word_1_646' title='bbox 2414 4723 2527 4792; x_wconf 88' lang='lat' dir='ltr'><strong>est,</strong></span> <span class='ocrx_word' id='word_1_647' title='bbox 2552 4717 2621 4779; x_wconf 91' lang='lat' dir='ltr'><strong>in</strong></span> <span class='ocrx_word' id='word_1_648' title='bbox 2650 4718 3015 4778; x_wconf 90' lang='lat' dir='ltr'><strong>auctoritate</strong></span> <span class='ocrx_word' id='word_1_649' title='bbox 3042 4716 3349 4794; x_wconf 81' lang='lat' dir='ltr'><strong>Ecclesiae,</strong></span> <span class='ocrx_word' id='word_1_650' title='bbox 3376 4723 3447 4776; x_wconf 89' lang='lat' dir='ltr'><strong>ut</strong></span> <span class='ocrx_word' id='word_1_651' title='bbox 3470 4712 3685 4774; x_wconf 84' lang='lat' dir='ltr'><strong>notavit</strong></span> 
     </span>
     <span class='ocr_line' id='line_1_101' title="bbox 2147 4808 3683 4892; baseline -0.003 -21"><span class='ocrx_word' id='word_1_652' title='bbox 2147 4811 2333 4872; x_wconf 88' lang='lat' dir='ltr'><strong>etiam</strong></span> <span class='ocrx_word' id='word_1_653' title='bbox 2366 4810 2696 4890; x_wconf 82' lang='lat' dir='ltr'><strong>Sylvester,</strong></span> <span class='ocrx_word' id='word_1_654' title='bbox 2726 4809 2915 4872; x_wconf 85' lang='lat' dir='ltr'><strong>verbo</strong></span> <span class='ocrx_word' id='word_1_655' title='bbox 2941 4809 3153 4886; x_wconf 64' lang='lat' dir='ltr'><strong>Fiam,</strong></span> <span class='ocrx_word' id='word_1_656' title='bbox 3184 4811 3503 4892; x_wconf 62' lang='lat' dir='ltr'><strong>quaestion.</strong></span> <span class='ocrx_word' id='word_1_657' title='bbox 3538 4809 3571 4867; x_wconf 88' lang='lat'><strong>3</strong></span> <span class='ocrx_word' id='word_1_658' title='bbox 3588 4827 3604 4880; x_wconf 89' lang='lat'>;</span> <span class='ocrx_word' id='word_1_659' title='bbox 3632 4808 3683 4866; x_wconf 84' lang='lat' dir='ltr'><strong>et</strong></span> 
     </span>
     <span class='ocr_line' id='line_1_102' title="bbox 2147 4903 3684 4981; baseline -0.004 -17"><span class='ocrx_word' id='word_1_660' title='bbox 2147 4903 2395 4981; x_wconf 88' lang='lat' dir='ltr'><strong>deinde,</strong></span> <span class='ocrx_word' id='word_1_661' title='bbox 2423 4906 2475 4965; x_wconf 90' lang='lat' dir='ltr'><strong>si</strong></span> <span class='ocrx_word' id='word_1_662' title='bbox 2502 4910 2782 4968; x_wconf 87' lang='lat' dir='ltr'><strong>auctores</strong></span> <span class='ocrx_word' id='word_1_663' title='bbox 2818 4904 2909 4964; x_wconf 86' lang='lat' dir='ltr'><strong>illi</strong></span> <span class='ocrx_word' id='word_1_664' title='bbox 2933 4903 3011 4964; x_wconf 91' lang='lat' dir='ltr'><strong>de</strong></span> <span class='ocrx_word' id='word_1_665' title='bbox 3035 4903 3165 4966; x_wconf 86' lang='lat' dir='ltr'><strong>sola</strong></span> <span class='ocrx_word' id='word_1_666' title='bbox 3196 4903 3547 4966; x_wconf 85' lang='lat' dir='ltr'><strong>necessitate</strong></span> <span class='ocrx_word' id='word_1_667' title='bbox 3572 4914 3684 4959; x_wconf 88' lang='lat' dir='ltr'><strong>me-</strong></span> 
     </span>
     <span class='ocr_line' id='line_1_103' title="bbox 2149 4989 3685 5074; baseline -0.006 -16"><span class='ocrx_word' id='word_1_668' title='bbox 2149 4997 2238 5058; x_wconf 93' lang='lat' dir='ltr'><strong>dii</strong></span> <span class='ocrx_word' id='word_1_669' title='bbox 2276 4998 2535 5062; x_wconf 76' lang='lat' dir='ltr'><strong>fuissent</strong></span> <span class='ocrx_word' id='word_1_670' title='bbox 2564 4998 2777 5074; x_wconf 86' lang='lat' dir='ltr'><strong>locuti,</strong></span> <span class='ocrx_word' id='word_1_671' title='bbox 2820 5016 2949 5058; x_wconf 88' lang='lat' dir='ltr'><strong>non</strong></span> <span class='ocrx_word' id='word_1_672' title='bbox 2981 5003 3137 5058; x_wconf 88' lang='lat' dir='ltr'><strong>esset</strong></span> <span class='ocrx_word' id='word_1_673' title='bbox 3163 5015 3381 5058; x_wconf 89' lang='lat' dir='ltr'><strong>eorum</strong></span> <span class='ocrx_word' id='word_1_674' title='bbox 3408 4989 3685 5056; x_wconf 84' lang='lat' dir='ltr'><strong>sententia</strong></span> 
     </span>
     <span class='ocr_line' id='line_1_104' title="bbox 2148 5090 3681 5171; baseline -0.008 -18"><span class='ocrx_word' id='word_1_675' title='bbox 2148 5109 2440 5167; x_wconf 88' lang='lat' dir='ltr'><strong>erronea,</strong></span> <span class='ocrx_word' id='word_1_676' title='bbox 2493 5098 2564 5154; x_wconf 91' lang='lat' dir='ltr'><strong>ut</strong></span> <span class='ocrx_word' id='word_1_677' title='bbox 2607 5111 2686 5154; x_wconf 83' lang='lat' dir='ltr'><strong>ex</strong></span> <span class='ocrx_word' id='word_1_678' title='bbox 2729 5092 3007 5154; x_wconf 86' lang='lat' dir='ltr'><strong>dicendis</strong></span> <span class='ocrx_word' id='word_1_679' title='bbox 3054 5091 3323 5170; x_wconf 87' lang='lat' dir='ltr'><strong>patebit;</strong></span> <span class='ocrx_word' id='word_1_680' title='bbox 3374 5090 3516 5171; x_wconf 87' lang='lat' dir='ltr'><strong>quia</strong></span> <span class='ocrx_word' id='word_1_681' title='bbox 3559 5099 3681 5146; x_wconf 78' lang='lat' dir='ltr'><strong>vem</strong></span> 
     </span>
     <span class='ocr_line' id='line_1_105' title="bbox 2150 5177 3682 5267; baseline -0.008 -20"><span class='ocrx_word' id='word_1_682' title='bbox 2150 5187 2339 5247; x_wconf 87' lang='lat' dir='ltr'><strong>etiam</strong></span> <span class='ocrx_word' id='word_1_683' title='bbox 2364 5187 2789 5250; x_wconf 85' lang='lat' dir='ltr'><strong>necessitatem</strong></span> <span class='ocrx_word' id='word_1_684' title='bbox 2814 5187 3109 5267; x_wconf 76' lang='lat' dir='ltr'><strong>praecepti</strong></span> <span class='ocrx_word' id='word_1_685' title='bbox 3132 5185 3551 5255; x_wconf 86' lang='lat' dir='ltr'><strong>excludebant,</strong></span> <span class='ocrx_word' id='word_1_686' title='bbox 3576 5177 3682 5236; x_wconf 70' lang='lat' dir='ltr'><strong>val·</strong></span> 
     </span>
     <span class='ocr_line' id='line_1_106' title="bbox 2150 5273 3681 5360; baseline -0.006 -21"><span class='ocrx_word' id='word_1_687' title='bbox 2150 5278 2229 5340; x_wconf 92' lang='lat' dir='ltr'><strong>de</strong></span> <span class='ocrx_word' id='word_1_688' title='bbox 2256 5286 2567 5358; x_wconf 86' lang='lat' dir='ltr'><strong>errarunt,</strong></span> <span class='ocrx_word' id='word_1_689' title='bbox 2606 5280 2769 5342; x_wconf 91' lang='lat' dir='ltr'><strong>utin</strong></span> <span class='ocrx_word' id='word_1_690' title='bbox 2800 5279 3087 5358; x_wconf 88' lang='lat' dir='ltr'><strong>sequenti</strong></span> <span class='ocrx_word' id='word_1_691' title='bbox 3112 5279 3516 5360; x_wconf 86' lang='lat' dir='ltr'><strong>disputatione</strong></span> <span class='ocrx_word' id='word_1_692' title='bbox 3541 5273 3681 5333; x_wconf 86' lang='lat' dir='ltr'><strong>dice-</strong></span> 
     </span>
     <span class='ocr_line' id='line_1_107' title="bbox 2148 5389 2308 5434; baseline -0.006 0"><span class='ocrx_word' id='word_1_693' title='bbox 2148 5389 2308 5434; x_wconf 89' lang='lat' dir='ltr'><strong>mus.</strong></span> 
     </span>
    </p>

    <p class='ocr_par' dir='ltr' id='par_1_14' title="bbox 2228 5462 3677 5548">
     <span class='ocr_line' id='line_1_108' title="bbox 2228 5462 3677 5548; baseline -0.005 -22"><span class='ocrx_word' id='word_1_694' title='bbox 2228 5467 2288 5526; x_wconf 74' lang='lat'><strong>2.</strong></span> <span class='ocrx_word' id='word_1_695' title='bbox 2340 5462 2623 5532; x_wconf 72' lang='lat' dir='ltr'><strong>Secunda</strong></span> <span class='ocrx_word' id='word_1_696' title='bbox 2646 5465 3007 5548; x_wconf 71' lang='lat' dir='ltr'><strong>suppositio.</strong></span> <span class='ocrx_word' id='word_1_697' title='bbox 3041 5496 3123 5512; x_wconf 88' lang='lat'><em>-</em></span> <span class='ocrx_word' id='word_1_698' title='bbox 3146 5463 3447 5539; x_wconf 86' lang='lat' dir='ltr'><strong>Secundo,</strong></span> <span class='ocrx_word' id='word_1_699' title='bbox 3480 5474 3677 5540; x_wconf 84' lang='lat' dir='ltr'><strong>suppo·</strong></span> 
     </span>
    </p>
   </div>
  </div>
 </body>
</html>
