3900 6217
639 453 808 507 SECT.
844 452 927 506 lv.
961 452 1046 505 AN
1079 452 1280 507 OMNES
1311 454 1348 505 1⁴·
1351 454 1569 509 lnELEs
1600 454 1973 509 TENEANTUR
2004 456 2365 509 RAERE'rlcos
2394 456 2723 519 mmcuzUS,
2760 456 2895 509 mc.

185 558 264 621 ihi
291 572 412 619 non
445 559 536 615 est
561 570 766 613 sermo
795 551 871 613 de
905 559 1158 631 peccato
1198 552 1465 629 haeresis,
1505 555 1608 615 sed
1649 554 1726 617 de

185 650 434 731 quodam
455 646 600 719 alic,
623 664 662 707 a
682 663 808 725 quo
836 663 962 705 non
991 645 1032 705 li
1041 650 1138 706 cet
1159 652 1596 724 argumentum
1625 664 1728 709 su·-

185 759 340 803 mere
387 740 462 800 ad
495 745 818 819 peccatum
865 738 1142 813 haeresis,
1201 738 1366 817 quod
1401 738 1730 819 specialem

181 834 467 897 rationem
495 831 703 907 habet,
731 836 804 891 ut
834 830 984 893 dixi.
1018 830 1249 905 Quarta
1277 831 1439 892 ratio
1464 831 1531 891 in
1556 850 1622 891 n.
1649 832 1728 893 10

183 923 455 1005 expedita
479 930 592 985 est.

257 1020 350 1081 16.
392 1017 655 1081 Dubium
700 1017 888 1079 aliud.
919 1048 1004 1062 —
1026 1014 1128 1079 An
1163 1016 1414 1080 koeresie
1453 1014 1728 1081 seeretis-

183 1113 326 1176 sima
351 1110 690 1189 excipiatur
730 1128 768 1173 a
811 1110 1069 1173 secunda
1113 1110 1466 1182 assertione,
1511 1112 1730 1193 duplex

179 1204 643 1287 pronuntiatum.
684 1236 764 1249 --
791 1203 882 1265 De
916 1203 1118 1284 primo
1163 1200 1316 1265 dicto
1351 1204 1666 1267 dubitatur
1691 1222 1734 1269 a

183 1296 537 1379 quibusdam.
565 1325 648 1340 —
668 1293 888 1356 Adhuc
928 1313 1074 1356 vero
1107 1302 1383 1375 superest
1421 1296 1732 1375 explican-

185 1392 342 1464 dum,
383 1406 466 1448 an
495 1386 574 1448 ab
600 1386 718 1449 hac
755 1388 1022 1450 secunda
1063 1386 1338 1466 generali
1366 1388 1727 1467 assertione,

185 1490 239 1543 et
292 1479 664 1559 obligatione
730 1479 1142 1541 denuntiandi
1210 1479 1330 1541 hoc
1381 1479 1676 1543 delictum
1701 1526 1724 1558 ,

185 1574 442 1654 exceptio
469 1573 678 1653 aliqua
703 1572 1088 1635 admittenda
1133 1573 1235 1637 sit.
1279 1576 1486 1637 Potest
1519 1580 1734 1636 autem

186 1686 254 1728 ex
285 1666 506 1745 triplici
536 1666 734 1747 capite
759 1666 1053 1727 intentari
1077 1664 1214 1727 hoec
1235 1666 1550 1747 exceptio:
1610 1667 1732 1748 pri·

185 1779 276 1821 mo
315 1778 388 1821 ex
438 1758 624 1821 modo
673 1756 908 1821 sciendi
942 1767 1285 1839 peccatum,
1340 1760 1554 1839 utique
1614 1758 1731 1823 sub

186 1870 394 1932 magno
416 1858 698 1931 {secret03
748 1852 1038 1927 secunde,
1083 1870 1162 1913 ex
1211 1852 1563 1914 conditione
1591 1872 1731 1933 per·

185 1964 353 2020 sonae,
382 1964 526 2027 quae
553 1944 731 2021 mihi,
775 1946 948 2007 verbi
972 1946 1197 2023 gratia,
1227 1946 1732 2025 conjunctissima

186 2048 282 2103 est.
318 2039 547 2113 Tertio,
587 2056 664 2099 ex
700 2037 907 2117 aliqua
939 2038 1102 2117 juris
1140 2040 1518 2119 exceptione.
1564 2038 1732 2103 Circa

186 2134 438 2213 primum
491 2131 618 2193 duo
689 2130 950 2193 dicenda
1013 2136 1159 2191 sunt
1205 2146 1224 2191 ε
1281 2130 1557 2211 primum
1615 2138 1729 2207 est,

187 2224 599 2305 excipiendum
617 2242 748 2286 esse
774 2232 1077 2285 secretum
1105 2224 1565 2286 sacramentalis
1583 2243 1736 2285 con·

189 2318 478 2394 fessionis3
513 2317 851 2379 secundum
902 2324 1017 2392 est,
1071 2325 1246 2379 extra
1287 2316 1444 2379 illud
1489 2317 1735 2381 nullum

190 2412 338 2473 aliud
363 2417 670 2473 secretum
699 2428 830 2473 esse
862 2410 1322 2489 excipiendum,
1367 2411 1609 2472 etiamsi
1632 2410 1734 2489 ju·

188 2510 442 2567 ramento
469 2504 796 2566 firmatum
839 2506 938 2565 sit.
974 2504 1056 2565 De
1109 2504 1312 2584 primo
1352 2504 1515 2565 dicto
1555 2504 1735 2565 dubi-

191 2600 326 2659 tavit
345 2596 494 2659 olim
533 2596 910 2672 Altisiodor„
941 2596 1052 2659 lib.
1085 2598 1128 2657 4
1155 2596 1425 2673 Summ.,
1451 2602 1629 2657 tract.
1668 2598 1730 2672 6,

191 2710 302 2772 cap.
357 2694 414 2767 3,
463 2704 690 2773 quaest.
733 2694 796 2765 4,
841 2697 904 2751 et
957 2710 1036 2751 ex
1079 2690 1424 2752 Canonistis
1459 2689 1734 2753 referun-

191 2790 277 2845 tur
298 2784 677 2847 contrarium
707 2784 959 2845 sensisse
978 2782 1242 2859 Albert.,
1260 2783 1328 2843 in
1355 2782 1544 2858 Rub.,
1575 2800 1627 2843 c.
1657 2782 1734 2845 dc

194 2880 423 2954 timet„
453 2894 640 2939 num.
669 2877 710 2937 8
727 2898 746 2951 ς
777 2881 837 2937 et
869 2876 1124 2956 quidam
1156 2876 1506 2951 RaineriuS,
1545 2894 1734 2955 quem

200 2970 396 3048 allegat
441 2968 953 3044 Archidiaconus,
1000 2968 1066 3029 in
1113 2988 1248 3048 cap.
1289 2967 1615 3043 Sacerdos,
1655 2968 1734 3031 de

201 3062 564 3137 Poenitentia‚
595 3059 986 3123 distinctione
1015 3063 1076 3137 6,
1107 3068 1170 3123 et
1208 3079 1332 3122 non
1363 3060 1736 3123 sufficienter

197 3154 262 3215 ab
282 3154 378 3217 illo
405 3154 736 3233 discrepat,
764 3154 912 3234 quia
937 3153 1138 3215 solum
1183 3154 1333 3215 dicit
1357 3154 1736 3215 contrarium

197 3249 365 3309 tutius
389 3267 540 3311 esse.
564 3248 1010 3309 Verumtamen
1033 3264 1161 3309 non
1180 3252 1272 3308 est
1295 3247 1496 3308 solum
1521 3246 1729 3322 tutius,

198 3341 282 3402 sed
301 3341 548 3403 omnino
595 3342 1032 3414 necessarium,
1059 3348 1124 3403 et
1150 3340 1456 3403 contraria
1485 3345 1734 3409 sentcn-

197 3434 268 3493 tia
293 3434 464 3495 hodie
495 3450 762 3497 erronea
777 3443 890 3511 est,
914 3439 988 3494 ut
1011 3433 1232 3495 merito
1255 3433 1414 3493 dixit
1436 3432 1642 3511 Rojas,
1666 3432 1734 3493 in

199 3526 336 3587 dicto
381 3525 684 3607 singulari
731 3528 792 3601 3,
840 3544 1014 3587 num.
1065 3526 1168 3603 36,
1202 3525 1350 3605 qnia
1390 3531 1481 3586 est
1524 3532 1738 3587 contra

199 3638 564 3682 communem
591 3637 844 3681 sensum
869 3625 932 3681 et
955 3637 1142 3703 usum
1169 3618 1475 3695 Ecclesiae,
1509 3624 1573 3679 et
1590 3635 1738 3679 con-

197 3718 278 3773 tra
293 3714 676 3793 religionem,
702 3722 765 3775 et
789 3712 1119 3775 utilitatem
1148 3712 1515 3776 sacramenti
1540 3712 1737 3791 poeni-

200 3808 384 3867 tentiae
397 3852 420 3883 ,
488 3814 552 3869 et
627 3814 844 3869 contra
910 3824 1305 3868 communem
1365 3805 1738 3866 sententiam

201 3898 654 3979 Theologorum,
680 3899 790 3979 qui
818 3916 952 3961 rem
989 3898 1153 3960 hanc
1193 3918 1321 3960 non
1350 3905 1420 3959 ut
1453 3896 1736 3972 dubiam,

201 3991 289 4051 sed
315 3998 382 4052 ut
404 3998 638 4055 certam
662 3990 949 4069 tradunt3
975 3990 1064 4053 ita
1101 3997 1171 4053 ut
1208 3996 1423 4054 contra
1451 3989 1606 4051 illud
1643 4006 1740 4051 sa-

204 4102 354 4145 crum
377 4093 683 4147 secretum
713 4084 887 4147 nulla
913 4086 1172 4148 omnino
1209 4086 1488 4165 exceptio
1513 4084 1740 4147 admit-

204 4179 363 4241 tenda
395 4180 496 4255 sit,
527 4186 604 4239 ut
641 4178 823 4239 latius
878 4178 1248 4241 testimoniis
1285 4185 1348 4241 et
1391 4176 1738 4239 rationibus

208 4272 562 4347 confirmavi,
591 4274 662 4333 in
688 4276 727 4335 4
750 4278 932 4347 tom„
974 4272 1051 4333 de
1074 4272 1467 4347 Paenitentia,
1517 4270 1580 4332 d.
1631 4272 1734 4346 33,

207 4366 444 4429 sectione
481 4369 546 4443 2,
577 4364 690 4427 uhi
711 4366 899 4427 etiam
939 4366 1182 4427 ostendi
1208 4363 1324 4427 hoc
1341 4382 1473 4427 esse
1506 4364 1738 4443 dejure

209 4456 416 4537 divino,
441 4462 539 4523 cui
571 4460 820 4521 nullum
842 4462 944 4540 jus
969 4461 1315 4523 humanum
1344 4464 1546 4540 potest
1563 4458 1740 4520 dero·

211 4568 364 4629 gare3
393 4560 454 4615 et
487 4555 554 4615 in
601 4554 966 4634 particulari
991 4553 1069 4615 de
1109 4558 1360 4634 peccato
1405 4551 1655 4613 haeresis
1677 4549 1741 4611 id

209 4646 431 4706 tradunt
477 4647 779 4722 Simanc„
822 4647 983 4709 dicto
1038 4645 1222 4707 titulo
1271 4649 1370 4723 19,
1413 4662 1591 4708 num.
1625 4644 1702 4707 19
1717 4659 1738 4721 ;

213 4735 415 4815 Peuha,
450 4742 488 4801 2
531 4747 706 4819 parte
741 4741 996 4817 Direct.,
1043 4745 1374 4801 comment.
1411 4739 1489 4799 19
1507 4758 1524 4813 ;
1557 4738 1740 4815 Rojas

214 4847 391 4908 supra,
420 4838 482 4893 et
515 4832 824 4907 Farinac„
871 4840 1053 4896 tract.
1104 4832 1182 4895 de
1209 4832 1468 4906 Baetes„
1515 4836 1736 4910 quaest.

216 4924 332 4999 197,
371 4924 406 5005 ξ
444 4928 505 5002 2,
555 4945 801 4989 numer.
835 4930 938 5002 46,
970 4942 1112 4988 cum
1161 4926 1373 4986 multis
1415 4921 1553 4985 aliis
1587 4940 1741 5003 quos

213 5014 314 5095 ipsi
360 5018 650 5081 referunt.
711 5022 786 5081 Et
825 5020 1102 5099 procedit
1136 5018 1266 5081 haec
1295 5018 1572 5096 exceptio
1613 5033 1743 5077 non

215 5108 385 5171 solum
412 5113 614 5193 quoad
644 5130 974 5193 personam
999 5112 1381 5193 poenitentis,
1419 5108 1526 5171 sed
1553 5109 1746 5169 etiam

216 5206 392 5279 quoad
417 5206 758 5287 complices,
808 5208 858 5269 si
905 5207 1161 5269 fortasse
1189 5206 1326 5269 illos
1352 5206 1436 5278 ,ιιι
1465 5222 1576 5266 sua
1600 5220 1746 5265 con-

217 5290 450 5361 fessione
473 5300 898 5363 sacramentali
923 5300 1294 5378 declaravit3
1320 5296 1486 5378 quod
1505 5304 1742 5373 tamen,

219 5386 313 5445 nisi
339 5390 505 5453 valde
531 5394 944 5455 necessarium
979 5392 1076 5469 sit,
1113 5408 1324 5455 cavere
1351 5390 1580 5453 debent
1611 5396 1742 5451 tam

221 5483 493 5556 poenitens
527 5504 711 5566 quam
743 5486 1078 5562 confessor,
1125 5502 1206 5547 ne
1249 5484 1570 5567 proximus
1611 5482 1746 5545 sine

226 5577 548 5641 necessitate
562 5578 930 5643 diffametur.
951 5580 1018 5642 Si
1030 5586 1240 5643 tamen
1256 5576 1623 5659 complicem
1641 5574 1748 5641 de·

3248 456 3362 515 52¹1

1805 554 2086 630 claravit,
2109 554 2223 615 sub
2244 554 2517 633 sigillum
2538 555 2929 616 confessionis
2947 556 3162 618 eodem
3183 560 3365 623 modo

1807 646 1997 722 cadit,
2056 653 2119 709 et
2162 646 2301 707 ideo
2346 656 2545 709 cessat
2593 648 2891 726 obligatio
2927 648 3362 729 denuntiandi,

1807 745 1879 799 ut
1929 741 2345 801 communiter
2398 742 2588 801 etiam
2628 741 2923 821 Theologi
2984 743 3225 805 docent.
3290 746 3367 807 Et

1809 833 2153 911 specialiter
2178 833 2374 893 videri
2402 840 2657 913 possunt
2680 835 2836 909 Sot.,
2866 837 2933 896 in
2977 840 3043 910 4,
3090 837 3361 899 distinct.

1810 926 1910 1001 18,
1954 932 2165 1004 quoest.
2198 928 2261 1001 4,
2308 934 2425 989 art.
2480 930 2551 1005 53
2587 934 2649 989 et
2681 928 3075 1003 Ledesm.,in
3131 935 3183 1005 1,
3218 950 3359 1011 pag.

1808 1028 2037 1097 quart„
2062 1025 2281 1098 quaest.
2317 1021 2413 1095 10,
2436 1027 2553 1081 art.
2586 1022 2657 1096 53
2695 1039 2789 1097 ac,
2820 1022 3041 1101 reliqui
3072 1023 3366 1103 Theologi

1810 1109 1875 1168 in
1902 1111 1965 1184 4,
2006 1111 2065 1171 d.
2106 1114 2173 1173 2¹
2204 1127 2223 1186 ;
2254 1119 2317 1172 et
2344 1112 2503 1173 ratio
2530 1120 2641 1188 est,
2675 1114 2822 1192 quia
2852 1120 3001 1175 tunc
3026 1117 3227 1177 socius
3254 1120 3369 1178 cri-

1811 1203 2000 1263 minis
2028 1208 2118 1263 est
2140 1204 2601 1265 circumstantia
2630 1208 2863 1285 peccati
2889 1208 2956 1269 in
2988 1209 3367 1272 confessione

1809 1296 2124 1374 declarati,
2166 1304 2229 1358 et
2270 1298 2411 1359 ideo
2438 1298 2553 1359 sub
2580 1300 2797 1361 eodem
2824 1309 3052 1363 secreto
3096 1304 3371 1365 contine-

1810 1394 1911 1449 tur
1936 1395 2235 1469 tauquam
2280 1408 2421 1471 pars
2447 1390 2563 1453 sub
2602 1398 2754 1468 tot0,
2794 1392 2893 1455 vel
2920 1400 3214 1474 tanquam
3265 1414 3363 1457 ac·

1813 1484 2147 1545 cessorium
2196 1482 2312 1544 sub
2350 1484 2698 1565 principali,
2746 1492 2818 1546 ut
2854 1486 2923 1547 in
2951 1487 3116 1548 dicto
3142 1494 3295 1549 tom.
3326 1492 3369 1551 4

1813 1575 2184 1654 generaliter
2208 1578 2489 1639 tractavi.

1895 1670 1996 1731 17.
2046 1667 2391 1732 Secundum
2408 1670 2869 1751 pronuntiatum
2896 1675 3231 1737 ostenditur
3258 1674 3372 1738 tri-

1801 1760 2081 1843 pliciter.
2116 1793 2199 1808 —
2226 1763 2513 1839 Refertur
2557 1782 2631 1827 eze
2652 1765 2995 1847 Auyustino
3024 1766 3093 1828 in
3118 1786 3169 1830 c.
3206 1770 3371 1830 Inter

1811 1860 2055 1927 caetera,
2103 1855 2201 1928 22,
2252 1873 2315 1936 q.
2345 1856 2405 1930 4,
2438 1860 2497 1918 et
2521 1875 2575 1919 c.
2613 1857 2855 1931 Quanto
2884 1859 2961 1919 de
2979 1861 3365 1938 jurejurand.

1811 1947 2121 2008 —Altera
2154 1966 2317 2027 para,
2348 1949 2519 2027 quod
2558 1955 2735 2011 extra
2778 1949 2945 2012 hunc
2974 1970 3184 2013 casum
3234 1952 3373 2014 nul·-

1811 2040 1940 2103 lum
1992 2046 2295 2102 secretum
2334 2042 2611 2103 excusari
2642 2044 2834 2123 possit
2879 2062 2917 2104 a
2959 2046 3371 2107 denuntiatio-

1815 2150 1916 2207 ne,
1948 2132 2140 2193 iidem
2186 2139 2465 2195 auctores
2494 2135 2715 2197 docent
2740 2158 2757 2209 ;
2792 2142 3002 2215 estque
3042 2154 3140 2197 res
3177 2144 3367 2213 certa,

1814 2225 1964 2305 quia
2005 2243 2187 2287 omne
2234 2227 2405 2287 aliud
2446 2235 2748 2289 secretum
2801 2234 2894 2289 est
2936 2247 3105 2290 mere
3154 2228 3375 2291 huma-

1813 2337 1993 2395 num,
2024 2325 2085 2381 et
2118 2337 2193 2381 ex
2223 2320 2464 2400 privato
2492 2330 2673 2401 pacto
2714 2323 2925 2397 tacito,
2959 2322 3055 2384 vel
3086 2340 3373 2402 expresso

1815 2412 1980 2471 inter
2035 2411 2391 2492 loquentem
2454 2419 2518 2475 et
2562 2414 2919 2477 audientem
2968 2416 3237 2477 nascitur
3259 2462 3280 2492 ,
3313 2423 3377 2478 et

1813 2504 1955 2565 ideo
1982 2524 2109 2567 non
2158 2511 2360 2586 potest
2402 2507 2645 2569 obstare
2684 2508 2809 2587 legi
2840 2507 3192 2588 superioria,
3224 2528 3377 2588 qua-

1813 2596 1888 2659 lis
1915 2604 2010 2659 est
2037 2599 2115 2661 de
2142 2599 2499 2677 hujusmodi
2522 2600 3008 2664 denuntiatione.
3044 2603 3194 2662 Item
3227 2603 3377 2681 quia

1813 2709 1999 2752 omne
2043 2692 2212 2752 aliud
2256 2697 2556 2754 secretum
2599 2692 2697 2753 vel
2742 2693 3064 2755 ordinatur
3101 2694 3181 2755 ad
3222 2700 3377 2755 tem·

1813 2783 2023 2863 porale
2056 2784 2488 2861 commodum,
2520 2782 2619 2845 vel
2654 2785 2731 2847 ad
2772 2786 3087 2865 privatum
3138 2786 3377 2848 bonum

1815 2877 1973 2954 ejus,
2006 2878 2115 2955 qui
2158 2883 2461 2939 secretum
2510 2877 2743 2938 revelat
2772 2894 2792 2954 ;
2844 2878 3231 2939 denuntiatio
3258 2896 3377 2937 au-

1813 2974 1941 3031 tem
1975 2970 2107 3031 hoec
2151 2972 2471 3031 ordinatur
2501 2971 2577 3032 ad
2620 2970 2856 3031 bonum
2898 2988 3225 3032 commune
3255 2972 3379 3052 spi·

1817 3063 2043 3126 rituale
2086 3082 2159 3124 ac
2197 3064 2506 3139 divinum,
2550 3068 2613 3126 et
2658 3064 2797 3125 ideo
2849 3062 3231 3143 praeferenda
3258 3068 3373 3124 est.

1815 3157 2092 3236 Denique
2117 3158 2263 3236 quia
2290 3156 2442 3217 alias
2471 3155 2588 3219 hoc
2631 3162 3008 3237 praeceptum
3036 3154 3214 3217 fieret
3240 3156 3380 3217 inu·

1817 3250 1951 3324 tile,
1991 3250 2138 3329 quia
2166 3266 2275 3328 per
2308 3248 2473 3311 hanc
2504 3251 2673 3311 viam
2706 3250 2925 3311 secreti
2965 3255 3161 3329 posset
3197 3248 3381 3327 quili-

1817 3341 1921 3405 bet
1948 3340 2271 3403 haereticus
2316 3342 2453 3403 aliis
2492 3341 2771 3403 revelare
2795 3386 2815 3417 ,
2846 3342 2975 3403 imo
3020 3347 3083 3403 et
3123 3340 3381 3403 suadere

1814 3453 1993 3496 suam
2052 3434 2357 3496 haeresim.
2416 3434 2591 3497 Unde
2646 3433 3073 3513 ampliandum
3119 3439 3210 3494 est
3262 3433 3381 3495 hoc

1815 3528 2311 3609 pronuntiatum,
2342 3533 2412 3588 ut
2452 3526 2657 3589 locum
2688 3526 2935 3602 habeat,
2978 3526 3222 3587 etiamsi
3264 3524 3381 3586 sub

1813 3624 2168 3701 juramento
2198 3633 2500 3681 secretum
2550 3619 2924 3700 promissum
2950 3620 3053 3693 sit,
3081 3618 3244 3697 quod
3276 3618 3383 3678 do·

1819 3715 1946 3776 cuit
1982 3707 2051 3775 D‘.
2083 3714 2375 3788 ThomaS,
2408 3711 2679 3774 secunda
2713 3710 3022 3786 secundas,
3052 3709 3378 3785 quaestion.

1817 3807 1878 3881 7,
1912 3806 2088 3867 artic.
2129 3808 2185 3882 1,
2217 3804 2295 3865 ad
2323 3806 2398 3877 23
2432 3810 2491 3866 et
2509 3804 2802 3884 Sylvest„
2833 3802 3025 3865 verbo
3046 3802 3382 3865 Donamu-

1818 3900 1926 3973 tio,
1951 3899 2020 3959 in
2054 3898 2204 3973 fine,
2234 3903 2297 3958 et
2326 3896 2507 3959 multi
2535 3896 2666 3973 alii,
2697 3914 2851 3977 quos
2877 3896 3175 3971 referunt,
3206 3902 3269 3957 et
3292 3912 3384 3957 se·

1819 4002 2097 4071 quuntur
2123 3990 2647 4069 ROJaS,Simanc.,
2675 3990 2907 4066 Penha,
2931 3990 3077 4051 locis
3102 3990 3383 4069 proxime

1818 4084 2020 4145 citatis
2043 4130 2066 4161 ,
2101 4091 2165 4145 et
2192 4083 2571 4159 Farinacius,
2602 4084 2749 4145 dict.
2780 4090 2959 4145 tract.
2992 4127 3013 4158 ,
3042 4082 3383 4163 quaestione

1820 4176 2028 4257 197,§
2066 4180 2107 4238 2
2131 4222 2151 4252 ,
2197 4194 2441 4239 numer.
2474 4178 2571 4239 50.
2626 4177 2803 4239 Ratio
2851 4175 3017 4238 clara
3064 4182 3155 4237 est
3178 4218 3200 4251 ,
3248 4182 3383 4237 tum

1818 4271 1970 4351 quia
2009 4270 2135 4332 tale
2154 4272 2585 4350 juramentum
2612 4274 2771 4331 esset
2795 4269 2873 4331 de
2892 4286 2958 4331 re
2998 4268 3254 4348 iniqua3
3280 4270 3385 4347 ju-

1819 4369 2175 4425 ramentum
2222 4372 2433 4424 autem
2488 4380 2612 4423 non
2662 4368 2862 4441 potest
2913 4379 3044 4423 esse
3076 4361 3383 4425 vinculum

1818 4458 2197 4539 iniquitatis,
2231 4462 2303 4517 ut
2328 4458 2474 4535 jura
2518 4456 2773 4531 dicunt;
2820 4462 2957 4516 tum
3000 4454 3189 4516 etiam
3234 4456 3385 4533 quia

1819 4551 1944 4613 tale
1965 4552 2415 4631 juramentum,
2444 4554 2516 4609 ut
2542 4548 2768 4624 valeat,
2798 4548 3063 4609 includit
3084 4547 3385 4609 conditio-

1821 4662 1965 4705 nem
1997 4660 2107 4725 per
2147 4660 2333 4724 qnam
2362 4640 2707 4720 excipiatur
2728 4641 2967 4719 justum
3008 4647 3383 4719 praeceptum

1822 4737 2174 4817 superioris:
2210 4736 2384 4798 Unde
2421 4734 2609 4796 etiam
2652 4732 2953 4813 colligunt
2988 4734 3141 4795 dicti
3174 4738 3383 4795 aucto-

1819 4849 1944 4905 reS,
1979 4830 2167 4909 quod,
2211 4828 2357 4889 licet
2388 4825 2613 4906 aliquis
2639 4824 2871 4887 revelet
2900 4842 3075 4886 suam
3104 4823 3387 4887 haeresim

1821 4924 1934 4985 sub
1980 4924 2183 5003 specie
2208 4967 2229 4998 ,
2279 4921 2532 4983 nomine
2582 4925 2645 4981 et
2684 4918 2889 4997 figura
2938 4918 3337 4981 confessionis
3358 4964 3383 4995 ,

1824 5017 1878 5077 si
1925 5022 2139 5077 tamen
2188 5032 2403 5077 revera
2444 5028 2573 5074 non
2626 5010 2895 5073 intendit
2944 5010 3246 5088 confiteri,
3278 5012 3387 5073 sed

1825 5109 2021 5169 alium
2047 5107 2264 5184 finem,
2296 5107 2673 5186 quicumque
2712 5104 2815 5165 ille
2862 5105 2987 5179 sit,
3017 5104 3139 5165 tale
3189 5120 3388 5165 secre-

1821 5206 1959 5263 tum
2003 5219 2131 5262 non
2170 5216 2461 5262 excusare
2494 5215 2533 5258 a
2560 5196 3052 5272 denuntiatione,
3094 5193 3241 5276 quia
3287 5214 3388 5257 re-

1823 5312 1973 5357 vera
2006 5312 2133 5355 non
2160 5300 2257 5355 est
2281 5290 2740 5353 sacramentalis
2770 5288 3091 5366 confessio,
3136 5288 3240 5351 sed
3294 5294 3389 5349 est

1826 5387 1995 5463 ficta,
2026 5393 2090 5449 et
2119 5402 2278 5466 saepe
2319 5385 2437 5445 erit
2476 5382 2709 5455 dolosa,
2748 5382 2936 5443 etiam
2987 5382 3065 5443 ad
3112 5398 3387 5443 coxrum-

1826 5480 2097 5559 pendum
2128 5477 2503 5539 sacerdotem
2532 5496 2551 5550 ;
2582 5482 2645 5537 et
2672 5474 2812 5536 ideo
2840 5473 2996 5535 illud
3025 5490 3152 5535 non
3188 5479 3280 5535 est
3306 5492 3386 5533 sl·

1827 5572 2051 5653 gilium
2090 5569 2506 5645 confessionis,
2535 5568 2641 5631 sed
2682 5576 3005 5648 permanet
3041 5566 3157 5629 sub
3202 5584 3390 5646 gene·-
