3900 6217
601 422 772 475 SECT.
807 422 845 475 1.
882 420 966 473 AN
998 420 1082 473 An
1113 418 1398 475 coucmA
1430 418 1784 475 amum
1815 414 2102 475 DEBEANT
2132 420 2270 475 som
2301 421 2577 476 Episcorl
2607 420 2974 476 couvemnz.

185 540 335 585 nem.
367 556 449 569 -·
481 520 764 601 objicies,
798 519 1000 601 primo
1024 519 1170 583 hinc
1198 520 1370 599 sequi
1393 520 1746 581 Cardinales

186 634 308 677 non
347 620 660 697 pertinere
687 614 764 675 ad
799 613 1168 687 Concilium,
1213 613 1265 673 si
1305 612 1588 694 Episcopi
1624 612 1746 673 for·

185 718 340 773 tasse
379 728 510 771 non
547 710 691 783 sint,
733 708 881 787 quia
921 706 1159 769 nullam
1205 706 1442 769 habent
1483 713 1746 787 potesta-

193 812 310 867 tem
351 802 823 883 jurisdictionis.
867 800 1170 875 Secundo,
1204 800 1372 863 idem
1413 818 1746 881 argumen-

187 904 318 959 tum
341 903 436 959 est
459 895 536 957 de
558 894 873 975 Episcopis
898 893 1272 970 titularibus,
1290 910 1400 956 seu
1422 894 1745 957 annulari-

187 990 324 1068 bus,
353 996 426 1050 ut
455 988 788 1069 appellant.
811 988 1044 1063 Tertio,
1061 1006 1096 1049 e
1117 987 1455 1062 contrario,
1479 986 1746 1051 Abbates

188 1083 472 1145 nonnulli
497 1089 642 1145 sunt
667 1082 780 1161 qui
816 1080 1174 1143 immediate
1201 1080 1465 1142 subsunt
1493 1081 1745 1161 Aposto-

185 1178 318 1239 licoe
349 1176 494 1238 Sedi
511 1174 1122 1257 jurisdictionemque
1159 1173 1393 1237 habent
1433 1175 1747 1259 episcopa-

186 1269 310 1332 lem
327 1285 348 1348 3
395 1268 489 1331 illi
538 1286 685 1348 ergo
727 1273 914 1330 erunt
965 1268 1045 1329 de
1083 1265 1440 1330 ne2essitate
1487 1268 1748 1331 Concilii

187 1362 511 1442 generalis.
544 1362 800 1437 Quarto,
843 1360 1049 1423 nullus
1077 1361 1413 1441 Episcopus
1437 1360 1626 1423 habet
1643 1361 1748 1439 ju-

185 1456 608 1519 risdictionem
645 1457 714 1517 in
759 1452 1548 1517 universalem‘Ecclesiam
1570 1498 1588 1529 ‚
1629 1470 1748 1517 nec

186 1566 400 1612 omnes
413 1547 626 1623 simul,
644 1548 764 1609 nisi
783 1566 820 1611 a
846 1549 1010 1629 Papa
1029 1547 1198 1610 illam
1215 1546 1538 1627 recipiant,
1557 1564 1748 1627 quam

187 1642 448 1725 proinde
473 1642 808 1705 concedere
851 1648 1054 1721 posset
1083 1640 1308 1720 quibus
1333 1640 1549 1717 vellet3
1581 1640 1632 1701 si
1652 1656 1749 1702 er·

185 1755 262 1817 gc
291 1737 469 1798 illam
497 1735 636 1799 aliis
665 1734 1046 1809 concederet,
1081 1752 1207 1795 non
1237 1740 1440 1795 essent
1467 1732 1747 1814 Episcopi

186 1830 260 1893 de
299 1830 664 1893 necessitate
705 1827 998 1903 Concilii;
1028 1828 1154 1889 imo
1190 1827 1338 1889 hinc
1375 1825 1622 1888 videtur
1658 1844 1751 1889 se·

185 1924 290 2003 qui
313 1928 327 1961 ¹
373 1940 504 1985 non
525 1939 656 1985 esse
679 1920 962 1983 membra
989 1918 1201 2000 aliqua
1241 1918 1522 1981 Ecclesiae
1548 1919 1750 1981 deter-

187 2018 422 2078 minate
451 2016 794 2077 necessaria
818 2014 896 2075 ad
928 2014 1298 2090 Concilium,
1329 2013 1432 2075 sed
1459 2012 1526 2074 id
1545 2018 1748 2073 totum

188 2111 458 2193 pendere
485 2128 564 2171 ex
589 2108 912 2171 voluntate
945 2106 1282 2183 Pontificis,
1309 2107 1420 2187 qui
1448 2122 1622 2167 suam
1645 2122 1754 2185 po-

185 2212 476 2269 testatem
495 2204 830 2267 committit
855 2202 1080 2283 quibus
1103 2201 1262 2277 vult,
1293 2200 1458 2281 quod
1480 2199 1752 2269 maxime

183 2299 470 2381 procedit
511 2297 676 2378 apud
713 2298 1062 2376 opinantes,
1089 2294 1404 2376 episcopos
1445 2310 1574 2354 non
1619 2310 1778 2356 esse·

184 2394 422 2467 iudices
471 2394 539 2453 in
585 2391 854 2453 Concilio
887 2436 910 2467 ,
956 2390 1064 2453 sed
1115 2388 1496 2452 consiliarios
1534 2386 1746 2449 Ponti·

183 2488 338 2549 ficis.

267 2566 368 2643 16.
391 2581 526 2645 Pro
545 2578 760 2643 allatis
772 2576 1195 2659 obsectionibm
1206 2576 1474 2661 primum
1483 2592 1757 2659 ponun-

181 2672 616 2741 tv'atnm.—Ad
644 2673 758 2735 has
771 2671 1170 2751 objectiones,
1188 2670 1390 2749 primo
1417 2669 1757 2731 conceden-

181 2770 332 2829 dum
369 2765 850 2847 praemgativam
890 2763 1132 2825 ferendi
1183 2761 1459 2841 suffragii
1491 2763 1560 2823 in
1599 2763 1756 2823 Con·

185 2864 320 2925 cilio
344 2859 634 2939 generali
663 2877 792 2921 non
815 2858 970 2921 adeo
995 2876 1126 2919 esse
1151 2858 1584 2936 Episcoporum
1617 2873 1758 2935 pro·

192 2956 406 3036 priam,
435 2958 512 3014 ut
538 2958 806 3033 nequeat
833 2951 1116 3013 Pontifex
1142 2966 1282 3011 eam
1310 2950 1450 3011 aliis
1480 2966 1614 3011 com
1625 2967 1762 3011 mu-

197 3052 432 3124 nicare,
477 3048 532 3109 si
579 3046 870 3126 expedire
911 3045 1220 3106 censuerit
1265 3044 1570 3123 (quamvis
1613 3044 1761 3123 quia

187 3142 633 3221 Episcoporum
659 3139 932 3217 dignitas
954 3139 1095 3217 jure
1123 3136 1335 3199 divino
1367 3134 1488 3197 fuit
1515 3135 1763 3196 institu-

183 3242 270 3309 ta,
309 3234 388 3295 ad
445 3232 780 3312 Episcopos
820 3232 995 3311 quasi
1038 3230 1352 3291 ordinario
1391 3229 1532 3308 ,iure
1573 3230 1761 3309 perti-

179 3334 352 3403 neat,
379 3332 464 3387 ut
498 3324 582 3386 ad
606 3325 895 3405 generale
919 3324 1262 3387 Concilium
1289 3326 1750 3402 convocentur),

179 3428 252 3483 nt
305 3425 487 3481 tenet
527 3418 879 3479 communis
924 3417 1277 3491 sententia3
1323 3421 1385 3479 et
1433 3416 1591 3477 ratio
1637 3423 1752 3493 est,

179 3516 326 3595 quia
353 3520 538 3574 actus
560 3510 1032 3591 jurisdictionis,
1069 3510 1163 3571 illi
1181 3510 1508 3591 ‚prfflpiie
1537 3510 1646 3589 qui
1678 3510 1756 3571 ad

179 3616 518 3671 externum
551 3607 832 3686 regimen
858 3604 1142 3665 Ecclesiae
1167 3604 1560 3677 ordinantur,
1591 3620 1758 3664 com-

179 3700 499 3763 municari
553 3693 810 3779 'possunt
861 3716 974 3779 per
1018 3696 1383 3759 Pontificem
1438 3696 1760 3774 quibusvis

181 3794 616 3857 ecelesiasticis
643 3793 918 3871 personis
945 3789 1272 3871 capacibus
1307 3789 1447 3851 talis
1475 3790 1763 3869 jurisdic-

180 3889 404 3961 tionis;
442 3892 594 3947 sunt
621 3893 830 3947 autem
853 3900 1122 3961 capaces,
1153 3882 1344 3944 etiam
1372 3900 1499 3944 non
1521 3883 1764 3963 Episco-

183 3985 272 4062 pi,
305 4000 464 4044 nam
497 3990 671 4042 actus
709 3980 816 4060 qui
852 3979 918 4041 in
949 3978 1218 4039 Concilio
1255 3984 1623 4041 exercentur
1651 3998 1760 4059 per

179 4095 244 4137 se
275 4082 339 4136 et
373 4075 720 4135 intrinsece
759 4090 885 4134 non
927 4071 1202 4153 pendent
1234 4089 1272 4134 a
1301 4072 1760 4134 consecratione

181 4164 553 4251 episcopali.

263 4267 368 4323 17.
423 4258 772 4325 Semdum
805 4260 1296 4341 pronuntiatum.
1339 4292 1422 4307 —
1468 4260 1626 4321 Hinc
1670 4276 1761 4320 sc-

177 4358 392 4417 cundo
423 4351 810 4435 probabilius
831 4358 922 4413 est
947 4350 1300 4413 Caulinales
1328 4369 1499 4413 nunc
1525 4369 1601 4411 ex
1621 4352 1766 4429 jure

181 4449 518 4511 ordinario
543 4445 856 4526 pertinere
880 4444 958 4503 ad
984 4444 1270 4522 generale
1293 4443 1657 4518 Concilium,
1689 4444 1770 4505 si-

173 4561 258 4603 ve
301 4543 368 4603 id
400 4540 680 4601 habeant
716 4556 757 4599 a
795 4538 934 4617 jure
973 4538 1210 4612 divino,
1250 4537 1380 4597 sive
1423 4536 1764 4611 Pontificio,

172 4637 352 4719 qnod
381 4634 583 4697 etiam
611 4630 840 4713 pendet
871 4648 946 4693 ex
977 4632 1086 4692 illa
1111 4632 1469 4710 quaestione,
1509 4648 1590 4691 an
1617 4633 1765 4693 Car-

169 4729 500 4791 dinalium
529 4726 804 4803 dignitas
823 4724 904 4785 sit
921 4724 1062 4803 jure
1086 4724 1366 4785 humano
1387 4724 1761 4800 introducta,

169 4832 250 4885 ut
289 4821 436 4883 vult
473 4822 718 4893 Scotus,
755 4818 822 4879 in
870 4820 932 4890 4,
977 4816 1249 4879 distinct.
1290 4819 1396 4891 24,
1437 4823 1653 4896 quaest.
1697 4819 1760 4893 2,

167 4924 298 4979 art.
317 4920 399 4991 ἂς
425 4916 690 4987 Victor„
718 4910 1052 4973 relectione
1074 4908 1347 4972 secunda
1365 4910 1441 4971 de
1461 4910 1766 4973 Potestate

171 5008 505 5083 Ecclesioe,
551 5011 766 5087 quat.
809 5007 874 5079 2,
911 5020 1089 5065 num.
1123 5005 1248 5079 243
1289 5003 1388 5065 vel
1418 5002 1654 5079 divino,
1694 5009 1768 5065 ut

171 5110 362 5164 tenet
401 5102 900 5173 Turrecremata,
935 5098 1048 5159 lib.
1082 5101 1108 5159 1
1121 5114 1310 5191 Ὅσαι).
1355 5099 1418 5172 8,
1464 5104 1526 5159 et
1559 5098 1765 5178 plures

169 5198 330 5273 alii;
365 5192 678 5277 quidquid
713 5208 866 5253 vero
906 5190 984 5253 de
1019 5191 1140 5253 hoc
1167 5192 1272 5267 sit,
1308 5192 1444 5269 jam
1483 5192 1766 5254 Doctores

175 5306 412 5351 omnes
464 5286 642 5349 citati
697 5285 1082 5348 conveniunt
1131 5282 1485 5347 cardinales
1533 5284 1764 5347 babere

269 5490 284 5522 ¹
319 5485 498 5545 Cano
525 5480 722 5543 etalii
751 5479 919 5561 apud
947 5478 1152 5556 Amor„
1183 5484 1229 5541 t.
1257 5480 1320 5557 Ξ,
1351 5476 1464 5541 lib.
1491 5478 1555 5556 5,
1576 5497 1631 5541 c.
1665 5482 1764 5557 11,

181 5586 412 5659 quaest.
437 5581 504 5641 2.

1823 518 2188 599 suffragium
2229 520 2619 583 definitivum
2660 521 2725 583 in
2759 520 3048 593 Concilio,
3095 528 3168 583 ut
3204 520 3391 589 latius

1825 614 2221 693 prosequitur
2268 615 2762 690 Turrecremata‚
2816 612 2925 675 lib.
2966 616 3027 689 3,
3060 634 3195 696 cap.
3236 620 3311 681 14
3341 624 3384 679 “.

1825 707 2007 768 Ratio
2028 725 2174 768 vero
2198 715 2312 783 est,
2344 708 2489 787 quia
2508 708 2641 787 jam
2672 726 2744 768 ex
2771 725 2889 769 usu
2913 713 2973 768 et
2997 710 3387 774 concessione

1829 800 2217 877 Pontificum,
2246 800 2659 881 praeleruntur
2675 800 3029 863 CardInales
3048 802 3385 883 Episcopis,

1824 891 1894 953 in
1915 891 2015 953 bis
2038 908 2178 973 quae
2200 892 2561 975 episcopalis
2585 894 2960 955 consecratio
2983 896 3391 961 essentialiter

1825 1002 1955 1047 non
1984 984 2203 1047 fundat
2222 1002 2243 1062 3
2273 991 2407 1048 tum
2436 986 2627 1047 etiam
2652 987 2799 1067 quia
2826 987 2891 1048 in
2914 986 3041 1047 suis
3064 988 3259 1050 titulis
3281 990 3392 1052 ha·

1824 1076 1975 1139 bent
1998 1076 2491 1157 jurisdictionem
2516 1078 2947 1158 episcopalem,
2972 1098 3110 1161 cap.
3134 1080 3231 1143 Iis
3258 1082 3387 1163 qui,

1825 1170 1902 1232 de
1931 1169 2273 1250 Majoritate
2302 1177 2363 1233 et
2392 1171 2765 1235 obedientia.
2804 1172 2979 1235 Unde
3020 1174 3085 1234 in
3118 1173 3390 1237 Concilio

1825 1265 2245 1340 Lateranensi‚
2274 1265 2387 1326 sub
2408 1266 2613 1327 Leone
2638 1262 2879 1342 X,ante
2899 1264 3223 1348 Episcopos
3251 1268 3392 1331 sub-

1827 1359 2107 1421 scribunt
2134 1358 2508 1423 CardinaleS.

1911 1456 2009 1516 18.
2057 1452 2331 1517 Tertium
2352 1454 2839 1536 pronumtiatum.
2860 1490 2937 1501 —
2960 1454 3279 1531 Quartum.
3303 1490 3385 1507 -

1832 1546 2145 1624 Quintum.
2167 1582 2248 1593 —
2270 1544 2552 1611 Sexum.
2578 1580 2661 1595 —
2683 1546 2788 1612 Aa
2824 1546 3022 1627 salsas
3058 1550 3390 1617 sententias

1828 1662 1868 1707 a
1893 1660 2059 1707 num.
2086 1642 2127 1703 2
2156 1640 2722 1717 allatas.-Tertio,
2748 1640 3076 1703 Generales
3102 1642 3393 1707 ordinum

1829 1754 1909 1797 ex
1930 1734 2372 1797 consuetudine
2391 1739 2454 1797 et
2476 1734 2867 1797 concessione
2886 1734 3258 1797 Pontificum
3284 1736 3393 1800 ha-

1829 1826 1982 1889 bent
2022 1825 2412 1906 suffragium,
2456 1828 2739 1907 quamvis
2780 1846 2857 1889 ex
2891 1828 3033 1908 jure
3075 1832 3396 1893 communi

1829 1939 1959 1984 non
1986 1927 2295 2001 oporteret
2322 1920 2459 1983 illos
2483 1938 2721 1983 vocare.
2753 1920 3009 1997 Quarto,
3038 1922 3115 1983 de
3144 1922 3394 1985 Abbati·

1829 2012 1946 2075 bus
1997 2032 2125 2075 non
2173 2015 2343 2093 viget
2389 2014 2529 2075 talis
2574 2014 2780 2095 aliqua
2824 2016 3226 2093 consuetudo,
3276 2035 3393 2078 nec

1830 2110 2156 2173 Pontifices
2199 2107 2322 2171 illis
2362 2108 2479 2171 hoc
2517 2116 2973 2185 concesserunt,
3018 2095 3139 2171 nec*
3172 2128 3390 2172 eorum

1831 2201 2105 2282 dignitas
2140 2203 2282 2265 talis
2318 2209 2434 2279 est,
2463 2208 2533 2263 ut
2568 2202 2915 2283 putandum
2944 2204 3025 2267 sit
3057 2206 3200 2284 jure
3229 2204 3389 2266 divi-

1832 2318 1915 2361 no
1943 2299 2062 2359 hoc
2088 2298 2163 2361 ani
2195 2300 2357 2381 ipsos
2395 2300 2727 2380 pertinere,
2760 2306 2823 2361 et
2850 2300 3133 2379 quamvis
3156 2300 3298 2361 aliis
3326 2300 3394 2363 in

1833 2392 2022 2455 rebus
2055 2394 2341 2456 videatur
2368 2410 2587 2457 eorum
2611 2392 2961 2473 jurisdictio
2990 2392 3207 2455 similis
3236 2393 3393 2472 epis·

1835 2488 2059 2571 copali,
2085 2507 2213 2551 non
2236 2494 2447 2551 tamen
2473 2488 2541 2549 in
2564 2486 2875 2563 omnibus,
2900 2487 3051 2566 quia
3072 2486 3133 2549 id
3160 2504 3235 2547 ex
3252 2488 3395 2567 jure

1835 2584 2114 2646 humano
2143 2582 2500 2661 descendit3
2539 2582 2824 2643 videatur
2851 2580 3204 2643 Jacobatius
3230 2581 3258 2619 ²
3301 2598 3401 2643 re·

1839 2678 2044 2741 ferens
2077 2676 2328 2751 multos,
2359 2674 2521 2739 libro
2550 2672 2844 2750 secundo,
2883 2675 3080 2754 capite
3104 2674 3397 2752 secundo,

1836 2770 2140 2835 versiculo
2182 2770 2444 2833 Dubium
2490 2772 2689 2833 tamen
2724 2774 2815 2833 eet
2830 2794 2856 2842 ;
2904 2767 3153 2844 Alban„
3200 2768 3404 2847 prima

1837 2872 2011 2949 parte
2059 2866 2137 2927 de
2178 2864 2439 2941 Concil.‚
2484 2880 2617 2944 cap.
2663 2864 2761 2924 16.
2807 2862 3033 2937 Quinto
3055 2907 3074 2936 ,
3116 2861 3403 2943 Episcopi

1838 2960 2169 3024 annulares
2194 2957 2403 3019 vocari
2431 2956 2565 3017 sine
2588 2954 2776 3017 dubio
2807 2960 3061 3034 possunt
3085 2953 3163 3016 ad
3191 2954 3404 3016 Conci-

1837 3054 2021 3130 lium,
2048 3058 2109 3113 et
2135 3050 2361 3113 habere
2382 3048 2701 3129 suffragia3
2732 3066 2842 3127 per
2869 3066 2933 3109 se
2959 3065 3106 3109 vero
3134 3047 3195 3107 id
3222 3046 3407 3108 mini·

1840 3166 1942 3210 me
1972 3144 2378 3207 necessarium
2408 3148 2521 3216 est,
2556 3141 2703 3222 quia
2729 3140 3157 3221 jurisdictione
3190 3146 3403 3201 carent

1843 3240 2194 3320 episcopali.
2231 3239 2306 3299 Et
2342 3238 2427 3299 ita
2462 3235 2653 3297 babet
2689 3254 2856 3297 usus.
2895 3236 3080 3297 Sexto
3102 3282 3120 3310 ,
3165 3234 3242 3295 de
3271 3233 3410 3295 aliis

1841 3334 2015 3395 laicis
2038 3330 2413 3414 probabilius
2446 3340 2537 3391 est
2564 3346 2691 3391 non
2719 3344 2896 3409 posse
2928 3327 3288 3388 Pontificem
3317 3326 3407 3388 eis

1837 3426 2173 3491 concedere
2231 3424 2593 3505 suffragium
2659 3422 2727 3483 in
2777 3422 3049 3483 Concilio
3104 3420 3403 3497 generali,

1837 3538 2196 3605 quanquam
2226 3516 2558 3581 doctissimi
2586 3516 2711 3577 sint
2736 3532 2756 3595 ;
2800 3514 2962 3595 quod
2995 3514 3245 3594 quidem
3282 3530 3405 3573 non

1839 3623 1932 3679 est
1958 3615 2111 3677 adeo
2138 3618 2375 3675 certum
2390 3632 2409 3686 ;
2447 3616 2721 3671 attamen
2750 3608 2999 3669 traditio
3029 3606 3314 3668 Ecclesiae
3343 3604 3407 3665 id

1841 3712 1988 3774 satis
2050 3706 2375 3769 confirmat
2402 3720 2424 3783 ;
2470 3720 2789 3783 nunquam
2834 3702 3004 3762 enim
3062 3699 3125 3761 id
3175 3698 3409 3761 factum

1841 3805 2109 3883 legimus
2130 3847 2146 3875 ‚
2188 3818 2261 3860 cu
2264 3800 2363 3878 jus
2392 3797 2548 3859 ratio
2576 3803 2691 3872 est,
2722 3796 2866 3875 quia
2892 3794 3037 3873 jure
3067 3792 3284 3853 saltem
3311 3809 3410 3851 or-

1844 3896 2087 3959 dinario
2121 3910 2370 3973 capaces
2398 3906 2522 3949 non
2550 3894 2697 3949 sunt
2718 3886 3165 3968 jurisdictionis
3193 3882 3407 3945 Eccle-

1844 3992 1975 4066 siae,
1992 3996 2060 4050 ut
2086 3985 2237 4048 alibi
2259 3983 2524 4045 traditur
2544 3980 2568 4020 ³
2589 4002 2603 4042 :
2627 3980 2789 4043 ferre
2808 3986 3015 4041 autem
3044 3978 3412 4056 suffragium

1841 4085 1909 4146 in
1934 4080 2203 4144 Concilio
2227 4096 2353 4139 non
2378 4082 2622 4137 tantum
2650 4074 2949 4149 scientia-3,
2980 4072 3083 4133 secl
3111 4072 3296 4131 etiam
3313 4073 3413 4149 ju·

1841 4174 2213 4238 risdictionis
2258 4174 2349 4231 est
2386 4174 2579 4231 actus.
2624 4166 2781 4228 vide
2810 4166 3093 4241 Hosium,
3139 4164 3207 4224 in
3258 4163 3412 4224 Con-

1840 4269 2105 4331 fessione
2140 4262 2451 4338 Polonica,
2488 4260 2686 4340 capite
2714 4260 3017 4338 vigesimo
3045 4262 3289 4338 quarto.
3342 4256 3418 4317 Et

1851 4379 1962 4442 per
1999 4360 2135 4419 haec
2171 4356 2319 4417 satis
2358 4360 2527 4435 patet
2558 4352 2874 4433 responsio
2920 4351 2995 4412 ad
3037 4348 3418 4429 obJ'ectiones

1849 4470 2066 4515 omnes
2086 4496 2108 4528 ,
2151 4458 2212 4511 et
2240 4448 2317 4509 ad
2347 4451 2720 4526 argumenta
2747 4446 3053 4505 haeresum
3085 4449 3147 4503 et
3173 4448 3419 4503 senten-

1849 4548 2081 4609 tiarum
2138 4561 2293 4625 quas
2350 4540 2417 4602 in
2476 4540 2778 4621 principio
2836 4530 3198 4618 quoe‘stionis
3256 4542 3421 4598 retu-

1849 4640 2063 4702 limus.

1929 4832 1946 4867 ¹
1991 4829 2242 4890 Turrec.
2292 4830 2356 4887 et
2401 4822 2510 4885 alii
2552 4820 2717 4902 apud
2760 4820 2968 4897 Azor.,
3009 4824 3056 4880 t.
3097 4820 3158 4893 2,
3204 4816 3314 4879 lib.
3352 4818 3413 4893 4,

1845 4942 1899 4985 c.
1938 4925 1997 4997 1,
2026 4924 2251 5001 quaest.
2285 4920 2345 4979 3.

1925 5014 1955 5053 ²
1992 5012 2345 5076 Jacobatius
2378 5016 2447 5077 et
2473 5008 2695 5071 Alban.
2720 5004 3034 5069 habentur
3052 5002 3243 5067 etiam
3270 5007 3321 5063 t.
3356 5006 3414 5063 1.

1843 5108 2277 5181 Tractatuum,
2307 5108 2466 5184 part.
2500 5107 2560 5165 l.

1927 5202 1951 5240 ⁸
1994 5198 2255 5262 Consule
2282 5197 2440 5277 disp.
2476 5199 2517 5259 2
2544 5196 2622 5259 de
2648 5198 2855 5271 Ceus„
2886 5198 3031 5257 sect.
3068 5194 3129 5269 3,
3160 5208 3339 5255 num.
3366 5192 3404 5251 7

1847 5300 1910 5358 et
1937 5296 1999 5357 8.

2503 5494 2765 5515 1¹¹*—
