3900 6217
954 385 1122 440 SECT.
1162 385 1220 437 V.
1258 384 1469 438 UTRUM
1504 383 1701 438 ACTUS
1732 383 2099 437 Pnornmm
2133 381 2232 435 Sl‘l'
2265 383 2543 443 swanus,
2579 381 2714 434 mc,

224 491 287 552 in
316 491 679 570 cognitione
706 491 977 552 evidenti
998 487 1313 564 fundetur,
1338 492 1400 548 et
1416 503 1795 567 consequen·

224 591 319 645 ter
362 599 571 664 neque
610 582 997 665 prophetiam
1038 599 1167 642 esse
1216 597 1461 661 semper
1496 579 1797 660 cognitio·-

224 695 370 738 nem
402 679 783 740 evidentem.
820 676 1124 738 Probatur
1150 675 1393 756 primo:
1432 674 1606 754 quia,
1633 673 1796 734 sicut

228 789 339 831 nos
362 770 671 832 habemns
707 789 746 830 a
784 770 913 831 Deo
948 767 1387 831 revelationem
1416 765 1605 847 hujus
1631 767 1792 828 veri·

226 865 408 925 tatis:
461 863 887 928 Antichristus
924 865 1061 938 erit,
1093 863 1181 924 ita
1214 861 1531 944 prophetie
1576 867 1793 941 potue-

230 965 379 1020 runt
440 959 723 1039 accipere
768 957 1036 1018 similem
1088 955 1529 1018 revelationem
1578 953 1795 1016 obseu-

228 1069 363 1112 ram
412 1069 631 1112 earum
683 1068 893 1113 rerum
948 1067 1103 1130 quas
1152 1045 1590 1129 praedicebant.
1636 1047 1795 1109 Nam

231 1143 584 1205 sufficiebat
608 1143 731 1205 illis
757 1143 835 1204 ad
880 1143 995 1204 hoc
1027 1147 1195 1204 certa
1238 1139 1535 1220 cognitio.
1564 1139 1800 1200 indicat

228 1255 375 1299 vero
426 1237 755 1317 Cajetanus
801 1253 931 1297 non
981 1233 1251 1316 potuisse
1302 1232 1618 1314 prophetis
1661 1230 1799 1292 fieri

234 1331 665 1393 immediatam
734 1328 1179 1392 revelationem
1232 1325 1555 1388 obscuram
1586 1369 1605 1402 ,
1656 1342 1797 1385 cum

230 1443 341 1485 nos
372 1423 499 1488 fide
526 1425 851 1486 credamus
874 1441 1013 1503 quae
1044 1421 1439 1484 manifestata
1474 1424 1621 1481 sunt
1650 1435 1801 1500 pro-

232 1517 441 1598 phetis
462 1565 483 1595 ,
532 1517 743 1599 sicque
786 1515 1125 1598 oportuisse
1161 1514 1271 1576 illa
1312 1513 1623 1576 evidentia
1669 1529 1801 1575 csse

233 1609 576 1691 prophetis,
613 1629 695 1674 ne
732 1609 1167 1690 procederetur
1194 1609 1262 1669 in
1309 1607 1648 1669 infinitum.
1678 1605 1800 1668 Sed

230 1721 355 1764 non
384 1705 669 1784 oportuit
712 1703 959 1784 procedi
979 1749 1000 1779 ‚
1050 1703 1349 1783 quoniam
1400 1699 1674 1762 sistimus
1730 1699 1799 1760 in

232 1799 555 1860 evidentia
604 1817 795 1879 quam
854 1801 1017 1860 Deus
1066 1800 1200 1878 ipse
1242 1797 1431 1860 hahet
1470 1796 1549 1856 de
1612 1795 1799 1857 rebus

228 1909 381 1972 quas
416 1891 660 1953 revelat
684 1909 705 1970 ;
728 1908 841 1953 cnr
870 1893 1041 1954 enim
1080 1910 1209 1953 non
1250 1890 1475 1972 poterit
1502 1890 1663 1952 Dens
1684 1890 1799 1951 im-

226 1985 503 2046 mediate
526 1985 807 2047 revelare
826 2003 939 2067 per
954 1986 1281 2046 obscuram
1306 1982 1747 2046 revelationem
1770 1985 1797 2042 ²

226 2079 409 2152 Nam,
442 2080 608 2140 sient
629 2097 741 2159 per
764 2079 1019 2159 angelos
1064 2084 1079 2120 ¹
1123 2079 1223 2141 vel
1248 2077 1534 2139 homines
1565 2095 1665 2136 res
1710 2077 1801 2136 ita

225 2173 555 2252 proponit,
584 2179 657 2233 nt
692 2191 797 2234 eas
818 2173 1047 2234 efficiat
1086 2171 1407 2235 evidenter
1452 2167 1799 2244 credibiles,

226 2277 289 2326 et
326 2283 467 2326 non
526 2265 853 2328 evidenter
889 2283 1085 2342 veras,
1134 2265 1363 2346 poterit
1398 2280 1547 2324 sane
1584 2263 1805 2324 imme·

226 2359 397 2419 diate
442 2377 563 2439 per
593 2361 865 2440 seipsum
902 2359 1071 2422 idem
1112 2365 1447 2438 praestare;
1486 2356 1615 2418 imo
1665 2371 1807 2436 pro-

223 2451 439 2513 babile
476 2458 579 2513 eet
604 2452 697 2514 ita
722 2453 921 2532 egisse
960 2471 1105 2514 cum
1140 2450 1400 2530 angelis,
1444 2455 1509 2512 et
1550 2448 1809 2512 fortasse

220 2547 421 2607 etiam
464 2563 621 2606 enm
668 2549 875 2626 primo
896 2543 1191 2619 homine3
1226 2543 1515 2623 idemque
1548 2541 1677 2604 fere
1718 2546 1813 2602 est

221 2639 299 2698 de
346 2638 747 2700 revelatione
791 2639 955 2700 sacta
1001 2637 1291 2713 Abrahae,
1319 2637 1473 2699 Gen.
1523 2639 1621 2698 Π.
1664 2636 1811 2697 Erat

226 2733 400 2794 enim
446 2733 595 2793 sine
622 2731 815 2793 dubio
854 2731 1138 2808 obscura,
1168 2749 1313 2792 cum
1342 2729 1681 2805 Abraham,
1702 2729 1811 2790 ad·

226 2826 507 2888 bibendo
540 2824 643 2887 illi
684 2825 873 2887 fidem
894 2871 915 2903 ,
944 2842 1245 2904 magnum
1294 2823 1582 2886 habuerit
1626 2821 1811 2884 meri·

240 2926 393 2992 tum,
416 2920 501 2980 ad
538 2921 811 2982 Roman.
843 2920 905 2994 4,
946 2917 1156 2980 Jacob.
1188 2919 1265 2994 2;
1290 2923 1354 2978 et
1380 2917 1547 2978 idem
1572 2921 1812 2978 constat

242 3013 305 3072 in
348 3012 741 3074 revelatione
784 3011 947 3072 facta
989 3010 1365 3072 Beatissimae
1420 3006 1664 3086 Virgini
1704 3025 1813 3088 per

232 3105 535 3184 angelum
589 3104 671 3166 de
720 3105 1117 3185 conceptione
1156 3103 1317 3165 Filii.
1366 3101 1577 3182 Neque
1620 3101 1813 3164 refert

229 3216 331 3258 aas
366 3197 795 3260 revelationes
818 3197 1009 3258 factas
1045 3214 1177 3282 esse
1216 3214 1330 3276 per
1358 3194 1633 3274 angelos,
1664 3195 1813 3274 quia

228 3291 663 3352 revelationes
700 3293 891 3352 etiam
934 3290 1309 3370 propheticas
1342 3307 1455 3368 per
1478 3307 1585 3350 eos
1622 3287 1809 3360 fiunt,

226 3403 301 3445 ae
338 3402 583 3445 revera
618 3384 783 3463 quod
822 3403 939 3464 per
970 3383 1281 3462 Angelum
1316 3381 1504 3443 fiebat
1516 3428 1539 3458 ,
1570 3385 1811 3460 poterat

226 3479 397 3539 Dens
427 3495 547 3558 per
570 3477 839 3556 seipsum
868 3477 1132 3553 efficere,
1164 3477 1473 3556 principue
1504 3475 1655 3556 quia
1680 3491 1811 3536 non

228 3579 367 3634 emt
414 3571 685 3634 evidens
706 3565 977 3632 Abrahae
1000 3571 1103 3632 vel
1130 3571 1351 3650 Moysi,
1382 3587 1463 3630 an
1488 3570 1647 3630 Deus
1692 3567 1811 3630 sibi

228 3666 635 3740 immediate,
682 3683 765 3726 an
802 3681 917 3745 per
942 3665 1255 3744 Angelum
1288 3663 1669 3744 loqueretur.
1710 3662 1813 3722 Di·

230 3777 365 3821 effi:
418 3763 635 3839 potest
660 3759 913 3839 quidem
950 3758 1087 3818 fieri
1113 3758 1257 3819 talis
1279 3756 1595 3832 revelatio,
1624 3774 1701 3818 ea
1720 3763 1811 3817 ta·-

232 3871 387 3914 men
408 3869 549 3912 non
578 3851 661 3912 ad
696 3851 1084 3932 prophetiam
1107 3895 1131 3925 ,
1159 3850 1265 3912 sed
1302 3850 1383 3912 ad
1409 3848 1599 3910 fidem
1641 3866 1812 3929 spec-

233 3945 425 4007 tabit.

314 4041 381 4100 3.
428 4039 715 4103 Assertio
748 4039 1027 4102 secunda.
1071 4067 1153 4086 -—
1188 4036 1498 4102 Probatur
1526 4055 1601 4100 ιω
1632 4036 1815 4102 Sori-

231 4139 452 4214 ptnra.
486 4165 573 4182 --
590 4132 903 4196 Probatur
935 4129 1191 4194 ratione.
1222 4163 1305 4178 --
1328 4132 1657 4211 Propterea
1676 4131 1816 4192 dieo

236 4227 519 4288 seeundo
547 4245 569 4286 ι
594 4223 1002 4288 revelationes
1026 4225 1203 4286 flictae
1228 4225 1543 4306 prophetis
1566 4243 1695 4286 non
1718 4243 1813 4286 so·

238 4319 373 4381 lum
418 4337 557 4382 esse
583 4324 895 4401 poterant,
925 4319 1033 4379 sed
1074 4319 1436 4398 frequenter
1476 4325 1655 4380 erant
1680 4319 1815 4380 ine-

238 4414 553 4474 videntes.
604 4412 783 4474 Unde
840 4412 1110 4490 cognitio
1155 4417 1217 4473 et
1256 4412 1530 4474 assensio·
1560 4431 1700 4492 quse
1744 4412 1813 4474 in

238 4506 363 4566 illis
406 4505 827 4579 fundabatur,
858 4523 987 4566 non
1032 4511 1167 4566 erat
1220 4505 1667 4579 essentialiter,
1706 4505 1813 4566 sed

242 4599 711 4661 accidentaliter
749 4605 997 4659 tantum
1048 4598 1339 4658 distincta
1378 4617 1419 4659 a
1457 4599 1813 4678 cognitione

244 4692 411 4754 fidei.
459 4692 765 4756 Probatur
818 4691 1130 4752 conclusio
1205 4709 1283 4752 ex
1339 4691 1503 4752 facto
1548 4691 1813 4754 Abrahae

246 4803 433 4866 supra
454 4786 913 4865 adduct031'11it
950 4787 1119 4848 enim
1142 4787 1461 4848 inevidens
1506 4787 1611 4848 illa
1640 4805 1813 4848 reve·

246 4879 417 4956 latio,
440 4880 595 4962 qnia
623 4898 756 4942 non
780 4880 998 4941 intulit
1020 4880 1445 4942 necessitatem
1482 4881 1565 4940 ad
1608 4897 1817 4942 assen-

254 4974 556 5050 tiendum,
584 4974 697 5036 sed
738 4973 944 5034 locum
994 4972 1246 5052 reliquit
1285 4971 1557 5034 libertati
1575 5019 1595 5048 ,
1624 4980 1813 5054 atque

252 5068 431 5132 etiam
460 5069 713 5156 merito.
736 5068 893 5129 item
913 5066 1183 5129 assensio
1210 5066 1476 5129 Abrahae
1520 5069 1815 5130 essentia·

328 5260 347 5296 ⁸
390 5258 515 5320 Pro
546 5255 822 5336 angelis,
849 5254 995 5318 vide
1027 5255 1139 5317 lib.
1175 5257 1215 5319 5
1252 5255 1333 5318 de
1355 5254 1632 5336 Angelis,
1656 5275 1711 5317 c.
1744 5259 1806 5333 5,

250 5367 285 5411 a
330 5370 397 5414 n.
430 5353 555 5428 453
598 5367 717 5432 pro
762 5349 965 5430 primo
1018 5348 1297 5424 homine,
1346 5349 1391 5412 l.
1432 5349 1575 5413 3de
1611 5351 1811 5431 Opere

248 5461 349 5506 sex
374 5445 650 5520 dierum,
670 5463 725 5505 c.
755 5444 853 5514 18,
882 5461 949 5504 n.
978 5445 1079 5521 u,
1097 5448 1251 5506 tom.
1274 5444 1337 5521 2,
1366 5442 1435 5504 in
1464 5444 1503 5510 3
1524 5461 1615 5530 p.‚
1644 5441 1805 5529 disp.

251 5538 341 5616 19,
368 5543 522 5601 sect.
548 5540 623 5616 ὁ,
648 5537 733 5600 ad
759 5535 873 5601 fin.
1286 5579 1295 5593 -

3321 377 3442 439 23³

1874 485 2020 548 liter
2052 483 2195 545 fidei
2241 484 2358 544 fnit
2383 530 2402 560 ,
2453 483 2672 545 Genes.
2709 483 2808 552 15,
2853 481 2934 544 ad
2974 481 3152 546 Rom.
3185 481 3224 545 3
3265 489 3330 544 et
3375 486 3439 560 t,

1873 579 2085 640 Jacob.
2109 580 2152 639 2
2181 597 2194 638 :
2223 577 2496 642 Credidit
2523 573 2834 639 Abraham
2860 573 2984 640 Deo
3005 602 3034 650 ,·
3057 585 3120 637 et
3143 576 3223 638 ad
3251 575 3438 639 flcbr.

1877 677 1977 751 11,
2007 688 2288 754 expresse
2334 677 2624 732 numerat
2679 669 2906 731 Paulus
2942 671 3128 732 fidem
3178 671 3443 734 Abrahoe

1873 769 1950 830 de
1991 765 2122 829 filio
2181 764 2588 847 suscipiendo.
2635 765 2714 826 Et
2759 769 2968 825 tamen
3021 762 3098 826 D.
3131 765 3398 826 Thomas
3416 810 3439 843 ,

1873 863 2062 924 citata
2089 866 2307 942 quaest.
2345 863 2484 936 171,
2527 866 2643 922 art.
2677 860 2738 932 5,
2771 856 3064 938 exprimit
3107 857 3244 919 illas
3289 857 3442 919 suis·

1874 974 1939 1018 se
1983 954 2374 1036 propheticas
2416 952 2846 1029 revelationes,
2889 957 2952 1012 et
3003 950 3440 1013 certitudinem

1875 1048 2140 1112 Abrahae
2183 1048 2369 1110 fuisse
2412 1045 2835 1128 propheticam
2865 1068 2882 1121 ;
2915 1061 3088 1123 ergo,
3119 1052 3240 1106 etc.
3273 1044 3440 1106 Idem
3477 1035 3485 1040 ’

1878 1147 2092 1222 aperte
2119 1141 2300 1203 docet
2331 1139 2582 1216 Paulus,
2633 1137 2821 1201 Hebr.
2857 1142 2959 1213 11,
2997 1137 3076 1199 de
3119 1137 3446 1200 revelatio—

1878 1235 2064 1296 nibus
2091 1234 2270 1296 tactis
2299 1236 2486 1311 Isaac,
2517 1232 2596 1294 de
2615 1232 2804 1294 Jacob
2833 1237 2894 1294 et
2931 1233 3094 1294 Emu
3123 1252 3139 1292 ε
3189 1237 3252 1293 et
3273 1231 3448 1292 simi-

1878 1328 2023 1390 liter
2065 1327 2256 1390 Jacob
2293 1327 2362 1388 in
2411 1327 2629 1389 eadem
2677 1325 2802 1388 fide
2853 1324 3236 1386 benedixisse
3283 1323 3444 1386 filios

1880 1441 2047 1486 suoS.
2093 1425 2289 1500 Quem
2321 1430 2530 1484 tamen
2557 1439 2632 1484 ea
2671 1421 2739 1483 in
2788 1439 2854 1483 re
2881 1421 3276 1503 prophetasse
3301 1438 3447 1482 con-

1882 1523 2006 1580 stat
2043 1534 2120 1580 ex
2161 1535 2334 1608 sacra
2367 1516 2687 1598 Scriptura
2721 1523 2784 1576 et
2835 1533 2914 1578 ex
2971 1513 3290 1577 communi
3332 1515 3446 1576 Pa·

1878 1619 2048 1674 trum
2077 1611 2428 1673 traditione.
2463 1612 2664 1692 Atque
2691 1625 2770 1672 ex
2799 1607 2897 1672 his
2927 1609 3206 1690 judicare
3235 1625 3446 1690 possu-

1880 1723 2020 1768 mus
2059 1712 2122 1768 ct
2147 1705 2446 1768 debemus
2467 1704 2544 1767 de
2584 1704 2838 1786 reliquis
2875 1703 3214 1786 prophetia,
3237 1707 3345 1788 qui
3373 1712 3448 1767 ut

1878 1798 2223 1882 plurimum
2267 1798 2720 1880 proestantiores
2765 1815 2894 1860 non
2939 1797 3192 1860 fuerunt
3222 1820 3240 1875 ς
3285 1815 3446 1880 prze-
3561 1806 3567 1813 ‘

1878 1895 2093 1956 sertim
2119 1894 2268 1973 quia
2306 1892 2532 1954 Paulus
2551 1937 2572 1969 ,
2609 1909 2794 1974 supra
2816 1937 2837 1968 ,
2879 1907 3254 1954 enumerans
3291 1909 3447 1973 prm-

1876 1987 2072 2049 dictos
2111 1987 2437 2063 Davidem,
2477 1986 2826 2048 Samuelem
2854 2031 2874 2061 ,
2921 1991 2986 2047 et
3026 1985 3202 2058 alios,
3245 1987 3446 2048 solum

1879 2081 2300 2160 cognitionem
2331 2079 2474 2143 fidei
2507 2078 2630 2141 illis
2661 2079 2882 2142 tribuit
2899 2100 2916 2154 3
2966 2085 3029 2142 et
3061 2081 3274 2141 omnia
3304 2097 3443 2160 qum

1882 2175 2201 2254 Scriptura
2232 2193 2404 2236 sacra
2453 2173 2606 2236 alias
2627 2182 3076 2236 commemorat
3119 2189 3226 2234 eos
3258 2173 3448 2234 fuisse

1885 2274 2174 2350 operatos
2200 2267 2422 2348 spiritu
2477 2266 2842 2348 prophetiis,
2890 2265 3116 2329 Paulus
3151 2263 3298 2328 fidei
3335 2266 3448 2326 tri·

1886 2361 2045 2424 buit.
2083 2361 2260 2424 Unde
2287 2363 2315 2421 1
2343 2359 2424 2422 ad
2443 2361 2584 2422 Cor.
2617 2359 2718 2434 13,
2741 2361 3158 2440 cognitionem
3187 2358 3450 2438 prophe-

1886 2455 2077 2516 ticam
2121 2460 2296 2515 vocat
2331 2453 2756 2531 cognitionem
2793 2452 3246 2533 imperfectam,
3281 2457 3345 2513 et
3369 2469 3448 2514 ex

1888 2555 2082 2630 parte.
2115 2546 2274 2609 Hinc
2305 2545 3018 2626 etiam·Chrysostomus,
3053 2545 3234 2606 initio
3271 2561 3450 2607 enar-

1889 2643 2147 2706 rationis
2181 2642 2250 2704 in
2290 2642 2534 2717 Isaiam,
2568 2639 2782 2701 scribit
2801 2640 3129 2721 prophetas
3157 2657 3288 2702 esse
3307 2639 3450 2702 dic-

1888 2743 1984 2798 tos
2029 2737 2332 2810 videntes,
2369 2751 2499 2796 non
2537 2734 2687 2815 quia
2753 2733 2916 2795 clare
2986 2719 3254 2795 'viderint
3303 2735 3450 2796 sim-

1889 2846 2023 2910 per,
2056 2829 2160 2892 sed
2195 2829 2344 2909 quia
2382 2834 2561 2890 tanta
2603 2827 2970 2889 certitudine
3015 2826 3352 2889 audiebant
3379 2846 3450 2892 ao

1889 2923 1943 2984 si
1973 2923 2272 2984 viderent.
2315 2922 2468 2984 Item
2508 2921 2925 3001 Hieronymus
2947 2963 2966 2994 ,
2997 2920 3131 2984 lsai.
3186 2923 3246 2996 1,
3275 2927 3339 2984 et
3379 2921 3450 2982 in

1892 3013 2156 3076 Abdiam
2204 3014 2604 3097 prophetam,
2635 3013 2743 3075 ubi
2790 3005 3104 3094 explicans
3155 3033 3268 3076 cur
3311 3033 3450 3094 pro-

1890 3106 2092 3188 phetae
2128 3107 2442 3168 vocabulis
2469 3106 2724 3170 visionis
2776 3113 2838 3167 et
2877 3107 3114 3171 videndi
3157 3115 3444 3184 utantur,

1890 3201 1982 3263 ait
2021 3202 2114 3262 uti
2157 3207 2408 3282 propter
2446 3201 2904 3270 certitudinem.
2947 3219 3076 3262 non
3103 3202 3184 3263 ob
3207 3201 3452 3264 clarita-

1891 3301 2044 3370 tem,
2075 3312 2150 3355 eo
2200 3294 2368 3374 quod
2419 3311 2630 3354 sensus
2656 3294 2826 3355 visus
2865 3295 3146 3356 omnium
3191 3295 3454 3357 certissi-

1889 3406 2032 3450 mus
2077 3389 2321 3450 existat.
2364 3389 2545 3449 Ratio
2586 3405 2736 3449 vero
2773 3387 3142 3449 universalis
3183 3407 3314 3450 esse
3342 3405 3450 3468 po-

1892 3487 2034 3556 test,
2065 3481 2213 3560 quia
2261 3479 2396 3542 haec
2443 3480 2702 3542 obscura
2751 3481 3024 3560 cognitio
3067 3486 3128 3542 et
3163 3487 3330 3542 certa
3371 3481 3452 3541 si·

1890 3573 2049 3651 mul,
2095 3574 2406 3635 suffic-iens
2450 3580 2541 3636 est
2598 3573 2676 3634 ad
2731 3591 2980 3636 omnem
3027 3574 3452 3654 propheticam

1892 3668 2358 3750 praedictionem
2391 3674 2454 3728 et
2481 3669 2810 3743 actionem,
2841 3674 2905 3730 et
2937 3667 3212 3748 alioquin
3255 3667 3452 3728 multo

1890 3761 2403 3822 accommodatior
2431 3766 2524 3823 est
2557 3761 2744 3822 statui
2767 3761 3044 3838 viatoris,
3076 3767 3138 3823 et
3164 3763 3297 3840 ejus
3324 3761 3448 3821 uti·

1887 3853 2049 3916 litati
2074 3899 2097 3930 ‚
2145 3861 2218 3916 ut
2254 3854 2553 3916 nimirum
2596 3854 2724 3934 ipse
2751 3854 2939 3916 etiam
2985 3855 3294 3916 credendo
3323 3871 3453 3916 me·

1890 3957 2123 4012 reatur.

1972 4045 2034 4104 4.
2083 4041 2342 4122 objectio
2361 4043 2568 4126 prima
2598 4041 2844 4125 &usqu
2869 4041 3108 4106 solutio.
3141 4073 3226 4092 -—
3249 4039 3454 4114 Obiec-

1892 4138 1982 4202 rio
2021 4138 2284 4200 secunda
2321 4142 2383 4200 et
2407 4135 2580 4200 illius
2613 4138 2942 4216 responsio.
2975 4137 3170 4216 -De
3203 4136 3330 4199 loco
3367 4135 3450 4199 D.

1896 4231 2138 4295 ssomoe
2185 4231 2366 4294 citato
2405 4229 2474 4291 in
2513 4249 2678 4292 uum.
2717 4231 2772 4290 1.
2903 4229 3166 4310 objicies
3195 4229 3396 4308 primo
3429 4245 3448 4288 t

1892 4341 2004 4385 cur
2053 4339 2202 4402 ergo
2251 4323 2576 4405 prophetia
2600 4323 2766 4384 inter
2794 4323 3026 4400 gratias
3071 4323 3262 4401 gratis
3279 4323 3456 4385 datas

1890 4421 2302 4480 numeratur?
2331 4417 2636 4479 Nimirum
2668 4415 2813 4496 quia
2848 4415 3064 4477 eadem
3095 4415 3367 4496 cognitio
3395 4421 3458 4476 et

1890 4509 2188 4571 revelatio
2215 4510 2385 4584 fidei,
2415 4523 2487 4569 ut
2535 4515 2626 4570 est
2667 4509 3144 4570 fundamentum
3189 4509 3453 4589 propr-ite

1887 4603 2166 4683 justitias,
2197 4603 2464 4683 pertinet
2488 4603 2564 4662 ad
2613 4601 2914 4663 auxilium
2962 4602 3176 4686 gratiae
3205 4607 3452 4680 gratum

1892 4697 2208 4758 facientis:
2253 4703 2438 4777 prout
2479 4713 2626 4758 vero
2653 4695 3002 4777 specialiter
3029 4713 3102 4764 ac
3153 4694 3456 4776 singulari

1891 4789 2080 4851 modo
2121 4789 2436 4850 confertur
2471 4789 2548 4850 ad
2579 4789 2844 4851 aliorum
2873 4789 3230 4864 utilitatem,
3261 4789 3451 4870 perti-

1892 4899 2042 4944 nere
2069 4889 2268 4962 potest
2285 4881 2363 4943 ad
2393 4883 2622 4962 gratias
2648 4883 2842 4961 gratis
2870 4883 3064 4945 datas.
3099 4883 3299 4957 Quare
3325 4897 3452 4943 non

1893 4975 2156 5057 quilibet
2216 4982 2392 5038 actus
2442 4975 2586 5037 fidei
2635 4977 2714 5038 ad
2762 4976 3150 5058 prophetiam
3195 4979 3450 5056 spectat,

1892 5069 1998 5131 sed
2033 5075 2208 5131 actus
2263 5069 2602 5151 prophetiae
2652 5069 2822 5131 addit
2872 5069 3252 5150 peculiarem
3315 5085 3451 5128 mo-

1891 5161 2044 5224 dum
2072 5207 2091 5236 ,
2123 5161 2450 5238 videlicet,
2504 5167 2577 5222 ut
2621 5161 2917 5225 fundetur
2954 5162 3018 5223 in
3073 5160 3454 5223 revelatione

1889 5255 2248 5316 immediate
2272 5254 2435 5316 facta
2473 5254 2588 5336 ipsi
2625 5255 2962 5336 prophetin,
2991 5271 3102 5335 per
3127 5255 3323 5316 Deum
3352 5253 3454 5316 vel

1888 5349 2198 5428 Angelum
2225 5394 2244 5425 ,
2287 5356 2472 5430 atque
2528 5358 2598 5410 ut
2645 5350 2950 5411 referatur
2995 5349 3072 5411 ad
3115 5363 3452 5412 commune

1888 5441 2126 5504 bonum
2179 5443 2462 5505 Ecclesiae
2476 5488 2497 5520 ,
2537 5443 2794 5524 ejusque
2838 5441 2988 5504 fides
3027 5442 3176 5505 inde
3225 5456 3452 5521 augea·

1890 5541 1994 5603 tur
2023 5539 2085 5598 et
2110 5535 2532 5601 confirmetur.
2562 5535 2828 5620 objicies
2847 5534 3156 5600 secundo:
3187 5551 3340 5624 ergo
3360 5539 3454 5601 ta·
