3900 6217
478 334 561 395 04

479 438 617 501 aliis
660 437 915 517 copiose
961 438 1249 506 tractata,
1278 450 1363 493 an
1410 430 1625 493 ultima
1662 429 1960 491 resolutio
1981 428 2053 489 fi·

478 531 579 593 dei
606 528 717 591 fiat
753 530 817 591 in
856 528 1288 590 auctoritatem
1330 523 1646 597 Ecclesiae,
1677 524 1741 583 in
1770 540 1895 603 qua
1920 521 2054 584 Me-

479 625 657 697 dina,
692 623 800 685 lib.
834 626 873 683 5
900 622 979 683 de
1002 624 1193 683 Recta
1237 621 1303 681 in
1348 620 1547 679 Deum
1574 616 1748 691 Fide,
1784 617 2052 677 affirma-

480 719 673 780 tivam
719 722 963 796 partem
1012 716 1137 775 late
1167 712 1467 785 defendit,
1502 717 1565 772 et
1606 711 1887 789 sequitur
1908 711 2051 771 Aia-

486 811 573 884 la,
606 810 685 871 de
714 808 1199 881 Traditionibus,
1232 824 1295 885 p.
1326 808 1388 879 2,
1422 823 1477 866 c.
1511 807 1540 866 1
1572 822 1588 876 ;
1627 810 1691 865 et
1718 803 1905 864 sentit
1930 804 2056 863 Du-

480 904 741 975 randus,
784 904 849 963 in
898 905 960 978 3,
992 901 1133 962 dist.
1158 902 1262 974 24,
1309 918 1371 978 q.
1408 902 1466 972 1,
1514 903 1577 959 et
1602 896 1665 957 d.
1696 898 1775 958 25
1801 942 1817 969 ,
1866 914 1928 976 q.
1967 896 2006 957 3
2032 940 2049 969 ,

482 996 635 1061 dum
674 997 825 1059 dicit
872 996 1143 1076 primum
1196 992 1593 1071 principium,
1628 990 1689 1051 in
1728 988 1901 1069 quod
1952 1006 2055 1050 re·-

484 1090 741 1153 solvitur
782 1093 913 1150 tota
942 1072 1123 1157 fides,
1156 1103 1297 1147 esse
1325 1084 1471 1158 hoc,
1520 1082 1869 1144 Ecclesiam
1916 1080 2052 1159 regi

482 1183 567 1247 ab
606 1182 840 1263 Spiritu
885 1182 1158 1252 Sancto;
1216 1184 1278 1239 et
1314 1178 1379 1238 in
1406 1176 1577 1238 idem
1628 1175 1887 1236 inclinat
1936 1172 2054 1249 Ga-

482 1276 642 1339 briel
668 1282 731 1337 et
760 1274 1057 1347 Almain„
1072 1273 1139 1333 in
1164 1273 1225 1345 3,
1245 1270 1309 1332 d.
1334 1271 1439 1344 23,
1462 1269 1568 1348 qui
1588 1273 1875 1329 asserunt
1902 1268 2056 1329 cita-

483 1359 615 1431 tam
642 1366 1018 1429 sententiam
1038 1363 1367 1443 Augustini
1390 1382 1405 1423 :
1429 1361 1763 1443 Evanyelio
1786 1378 1905 1421 non
1928 1376 2058 1423 cre-

482 1466 700 1535 darm,
722 1466 844 1524 etc.
876 1461 1033 1522 Item
1056 1456 1479 1539 experientia;
1510 1472 1659 1517 nam
1678 1452 1895 1515 fideles
1924 1471 2055 1515 cre-

483 1557 640 1618 dunt
669 1553 839 1633 quod
866 1550 1145 1614 Ecclesia
1174 1550 1381 1622 docet,
1415 1554 1477 1610 et
1506 1549 1573 1609 in
1602 1548 1739 1627 ejus
1783 1547 2054 1609 auctori-

482 1653 611 1709 tate
640 1645 1115 1727 conquiescunt,
1154 1650 1221 1705 et
1255 1642 1661 1704 nihilominus
1688 1660 1803 1720 per
1833 1658 2052 1701 veram

484 1740 675 1802 fidem
716 1738 989 1801 infusam
1034 1736 1321 1809 credunt,
1360 1734 1647 1813 quamvis
1684 1733 1905 1793 (livinae
1955 1748 2052 1793 re·

482 1834 810 1897 velationis
862 1849 989 1893 non
1042 1829 1474 1892 recordentur.
1523 1827 1909 1889 Contrarium
1959 1825 2054 1885 ni-

484 1926 823 1989 hilominus
886 1924 1259 1986 sententiam
1342 1927 1560 1983 tenent
1638 1918 2054 1981 communiter

483 2020 817 2081 Themistae
845 2019 905 2080 2.
951 2019 1014 2089 2,
1046 2033 1106 2095 q.
1146 2020 1205 2089 1,
1248 2020 1367 2077 art.
1408 2017 1463 2089 1,
1507 2019 1570 2075 et
1604 2011 1949 2073 fundantur
1989 2010 2054 2070 in

485 2111 885 2194 praeceptoris
914 2111 1307 2183 auctoritate,
1332 2113 1617 2187 utsupra
1649 2105 1817 2167 illam
1842 2102 2058 2165 induxi

486 2224 751 2268 numero
793 2204 1218 2285 praecedente,
1275 2202 1423 2281 quia
1470 2217 1583 2280 pro
1638 2198 1883 2278 objecto
1932 2197 2061 2257 for-

486 2300 634 2361 mali
680 2298 826 2361 fidei
872 2298 1073 2359 solum
1118 2296 1297 2376 ponit
1352 2294 1621 2372 primam
1674 2291 2002 2353 veritatem
2033 2332 2051 2363 ,

490 2397 552 2454 et
598 2398 629 2455 1
672 2410 763 2472 p.,
804 2410 866 2471 q.
904 2394 959 2464 1,
992 2396 1111 2452 art.
1144 2392 1207 2463 8,
1241 2388 1325 2448 ad
1345 2389 1409 2460 2,
1440 2384 1727 2447 absolute
1752 2383 1929 2464 ponit
1957 2382 2047 2443 di-

370 2550 381 2561 ,
484 2488 697 2547 vinam
722 2485 1192 2556 revelationem,
1226 2484 1628 2562 quocumque
1678 2478 1865 2540 modo
1894 2476 2046 2553 fiat3

486 2578 705 2641 ultima
749 2584 961 2639 autem
1000 2576 1297 2639 resolutio
1342 2574 1414 2635 fit
1454 2574 1519 2634 in
1572 2572 1889 2651 objectum
1926 2570 2057 2630 for·

490 2672 681 2746 male,
708 2677 779 2735 ut
814 2690 985 2753 saepe
1028 2670 1155 2733 dixi
1183 2690 1199 2745 ς
1247 2670 1418 2732 etita
1444 2668 1634 2729 etiam
1659 2666 1879 2728 referri
1912 2682 2053 2745 pos-

494 2774 640 2829 sunt
663 2767 1125 2837 Bonaventura,
1148 2766 1213 2825 in
1230 2765 1292 2838 3,
1315 2763 1458 2825 dist.
1486 2764 1589 2832 24,
1608 2766 1723 2821 art.
1752 2771 1811 2836 1,
1830 2767 2047 2839 quaest.

488 2862 551 2934 2,
572 2866 634 2923 et
664 2861 929 2932 Albert„
950 2858 1093 2920 dist.
1112 2859 1213 2931 23,
1234 2875 1293 2917 a.
1324 2857 1443 2929 12;
1474 2853 2048 2932 etMarsil.,quaest.

490 2958 590 3028 1-1,
622 2975 682 3017 a.
717 2958 789 3029 1;
834 2954 1021 3017 latius
1050 2956 1114 3015 et
1154 2951 1479 3013 formalius
1510 2949 1684 3024 Soto,
1730 2947 1837 3007 lib.
1886 2948 1925 3007 2
1975 2945 2054 3007 de

489 3050 627 3112 Nat.
658 3053 723 3111 et
740 3054 930 3130 grat„
964 3066 1019 3109 c.
1049 3048 1123 3119 8;
1166 3044 1553 3115 florentius,
1583 3041 1691 3102 lib.
1718 3042 1761 3102 2
1781 3039 1861 3102 de
1876 3040 2054 3100 Locis

489 3142 745 3217 cathol„
776 3160 915 3221 cap.
958 3143 1030 3215 ὃς
1068 3138 1504 3210 Bellarminus,
1536 3136 1644 3196 lib.
1676 3136 1715 3196 3
1740 3133 1822 3195 de
1844 3131 2052 3194 Verbo

488 3235 625 3312 Dei,
650 3255 788 3317 cap.
814 3236 879 3309 3;
910 3234 1171 3307 Ruard.,
1191 3232 1257 3293 in
1275 3231 1580 3311 Exposit.,
1598 3248 1659 3289 a.
1676 3231 1748 3301 ὃς
1772 3225 2050 3299 Valent„

490 3331 675 3393 citato
707 3336 920 3409 punct.
951 3332 1009 3402 1,
1042 3326 1405 3389 difficultate
1433 3326 1507 3396 *ς
1544 3324 1737 3396 Cano,
1770 3322 1879 3382 lib.
1908 3321 1947 3381 2
1973 3318 2053 3382 de

490 3424 663 3498 Lon„
702 3423 962 3502 cap.·8;
1006 3422 1205 3499 Vega,
1247 3418 1355 3479 lib.
1400 3420 1437 3479 9
1470 3418 1533 3478 in
1576 3415 1770 3489 Trid„
1804 3430 1942 3493 cap.
1977 3416 2052 3486 ὃς

494 3518 743 3592 Hosius,
792 3517 857 3577 in
892 3514 1199 3587 Confess.,
1248 3529 1387 3590 cap.
1422 3511 1545 3583 16;
1591 3524 1860 3591 quorum
1914 3506 2058 3567 fun-

491 3610 859 3675 damentum
880 3610 1015 3689 jam
1044 3605 1431 3669 declaratum
1474 3608 1674 3665 estex
1718 3600 1960 3661 ratione
1995 3604 2058 3659 et

494 3704 741 3784 objecto
779 3699 1029 3764 formali
1079 3699 1248 3761 fidei.
1280 3698 1357 3759 Et
1406 3697 1543 3757 haee
1598 3690 1907 3755 sententia
1963 3695 2058 3753 est

492 3796 859 3876 simpliciter
893 3812 1064 3869 vera,
1096 3792 1243 3853 licet
1266 3790 1531 3853 fortasse
1562 3787 1737 3869 prior
1778 3804 1906 3846 non
1961 3784 2057 3846 lo-

492 3896 723 3970 quatur
760 3889 826 3951 in
876 3904 1068 3950 sensu
1116 3884 1448 3948 contrario.

572 3986 671 4044 10.
718 3980 1073 4046 Resolvitm·
1122 3977 1367 4043 dubium
1402 3977 1724 4060 proprium
1754 3990 1867 4057 per
1906 3988 2056 4055 par·

491 4084 601 4143 tes.
634 4108 717 4124 -·
740 4075 964 4139 Prima
1022 4091 1172 4153 pars
1198 4098 1217 4134 .·
1260 4072 1410 4153 fides
1448 4088 1567 4132 m
1604 4068 1932 4132 resolvitur
1959 4064 2057 4129 ul-

494 4174 705 4237 timate
728 4170 799 4232 in
822 4167 1249 4231 auctoritatem
1277 4164 1602 4226 humanam
1630 4158 1946 4224 Ecclesiae.
1977 4190 2058 4205 -·

498 4263 783 4331 Secunda
804 4276 958 4342 pare
971 4285 994 4320 .·
1017 4276 1125 4323 nec
1137 4253 1461 4321 resolvitur
1478 4255 1801 4319 secundm
1821 4270 1881 4315 so
1894 4268 2060 4315 mm·

483 4361 601 4439 pta
632 4358 702 4417 in
746 4354 1168 4419 auctoritatem
1194 4348 1463 4414 divinam
1502 4344 2059 4411 Ecclesia—Ter-

492 4452 585 4515 tia
602 4466 757 4531 pars
775 4474 799 4510 .·
822 4445 1153 4510 resolvam·
1176 4450 1379 4509 tamen
1410 4440 1673 4503 inillam
1702 4440 1897 4521 quoad
1919 4457 2048 4501 nos.

492 4573 573 4590 -
600 4541 912 4623 Implicite
966 4543 1164 4601 tamon
1202 4534 1271 4597 in
1318 4533 1587 4598 divinam
1630 4534 2053 4597 auctoritatem

492 4652 723 4716 semper
765 4632 1113 4697 resolvitur.
1138 4662 1222 4677 —
1244 4628 1578 4707 Supposita
1616 4644 1767 4706 ergo
1798 4625 2053 4685 distinc-

490 4730 660 4791 tione
706 4728 853 4789 data
893 4725 959 4786 in
1004 4740 1180 4785 num.
1212 4724 1275 4796 8,
1306 4722 1385 4784 de
1424 4720 1655 4799 duplici
1683 4718 2051 4780 auctoritate

491 4820 783 4884 Ecclesioe
818 4864 834 4893 ,
899 4816 1301 4879 manifestum
1364 4814 1667 4895 imprimis
1712 4817 1807 4873 est
1856 4810 2051 4872 fidem

492 4934 620 4977 non
646 4912 875 4976 resolvi
900 4910 1181 4973 ultimate
1214 4909 1277 4969 in
1307 4906 1673 4979 Ecclesiam,
1708 4909 1779 4967 ut
1808 4904 2052 4985 pollen·-

490 5016 621 5071 tem
658 5022 1053 5087 quacumque
1100 5004 1379 5065 humana
1426 4998 1817 5071 auctoritate,
1860 4996 2052 5059 etiam

490 5102 788 5175 maxima,
832 5100 980 5180 quia
1006 5097 1148 5160 talis
1183 5096 1343 5158 fides
1369 5096 1649 5155 humana
1688 5098 1876 5165 esset,
1921 5108 2050 5153 non

490 5194 736 5268 divina;
782 5192 951 5255 unde
980 5188 1315 5253 verisimile
1342 5206 1471 5248 non
1501 5192 1595 5248 est
1620 5186 1861 5265 priores
1906 5202 2052 5245 auc·

491 5297 661 5353 tores
696 5288 762 5351 in
806 5288 929 5351 hoc
964 5303 1157 5347 sensu
1198 5282 1393 5344 fuisse
1452 5279 1692 5342 locutos
1716 5324 1732 5352 ,
1788 5278 1869 5339 de
1924 5294 2050 5357 quo

494 5384 683 5445 etiam
718 5380 927 5461 aliqua
978 5376 1283 5440 addemus
1324 5374 1389 5434 in
1420 5380 1574 5435 sect.
1636 5376 1733 5433 11.
1773 5371 2051 5433 Ecclesia

496 5494 667 5557 ergo,
700 5474 818 5535 sub
844 5474 949 5534 illa
974 5472 1217 5533 ratione
1240 5471 1539 5548 spectata,
1570 5466 1689 5529 erit
1715 5466 1779 5527 in
1806 5466 2050 5527 ratione

960 334 1199 389 msrur.
1232 332 1318 387 nt.
1356 332 1437 386 m:
1470 329 1733 384 omnem
1766 328 2034 382 romum
2071 328 2252 391 num,
2287 326 2367 381 ET
2398 328 2692 392 Quonono
2727 332 2810 384 An
2843 330 3046 393 lLLUD,
3073 332 3208 384 ETc.

2132 432 2570 511 proponentis,
2615 433 2962 495 maximum
2995 479 3014 507 ,
3071 440 3132 497 et
3180 434 3358 513 quasi
3407 430 3720 493 ultimum

2133 522 2636 597 fundamentum,
2691 526 2852 587 ultra
2911 526 3079 606 quod
3135 524 3560 589 necessarium
3611 523 3722 583 est

2132 617 2395 679 formale
2435 620 2737 681 motivum
2795 639 3102 699 quaerere,
3133 622 3200 682 in
3243 620 3414 701 quod
3453 618 3564 680 fiat
3607 614 3720 676 ul-

2133 710 2286 773 tima
2335 712 2655 774 resolutio.
2712 713 3175 776 Considerando
3218 721 3432 777 autem
3489 709 3720 775 Eccle-

2135 806 2316 877 siam,
2349 811 2418 868 ut
2463 806 2546 867 ab
2575 806 2804 886 Spiritu
2831 806 3056 869 Sancto
3085 806 3344 887 regitur,
3375 806 3466 868 sic
3491 805 3718 886 placet

2135 897 2445 959 distinctio
2493 898 2771 978 cajetani
2801 900 2866 959 in
2893 919 2952 961 a.
2989 878 3167 977 1,'de
3197 901 3414 961 ultima
3463 893 3716 959 resolu-

2135 990 2304 1051 tione
2331 990 2476 1052 fidei
2501 990 2852 1053 secundum
2885 1010 2975 1067 se,
3005 993 3106 1055 vel
3139 992 3348 1072 quoad
3376 978 3516 1053 nos.
3543 991 3718 1050 Nam

2135 1083 2442 1159 absolute,
2481 1090 2547 1146 et
2603 1085 2952 1147 secundum
2997 1106 3091 1161 se,
3133 1106 3264 1149 non
3321 1089 3528 1166 potest
3563 1080 3718 1144 fieri

2135 1178 2352 1239 ultima
2396 1178 2694 1241 resolutio
2734 1180 2796 1240 in
2847 1180 3212 1257 Ecclesiam,
3270 1180 3426 1241 sicut
3479 1176 3715 1238 ultima

2135 1272 2433 1334 resolutio
2489 1273 2750 1335 actionis
2799 1290 2928 1334 non
2971 1272 3046 1337 fit
3106 1274 3172 1335 in
3213 1274 3712 1334 instrumentum

2137 1370 2379 1427 motum
2413 1384 2450 1427 a
2500 1367 2822 1447 principali
2855 1373 3122 1447 agente,
3181 1366 3294 1429 scd
3365 1366 3434 1427 in
3497 1364 3715 1445 ipsum

2137 1458 2480 1542 principale
2523 1479 2758 1540 agens;
2817 1466 2880 1523 et
2939 1462 3026 1523 ita
3077 1461 3395 1541 Scriptura
3449 1474 3716 1537 semper

2134 1554 2282 1615 facit
2321 1553 2602 1615 ultimam
2641 1554 3087 1616 resolutionem
3135 1555 3200 1616 in
3241 1557 3494 1626 Deum,
3547 1550 3712 1612 dum

2135 1648 2221 1708 ait
2266 1646 2485 1709 fideles
2517 1648 2775 1710 credere
2804 1650 2953 1719 Deo,
2987 1654 3049 1710 et
3081 1649 3394 1728 suscipere
3432 1646 3714 1707 verbum

2133 1739 2277 1801 fidei
2314 1785 2330 1814 ,
2395 1746 2468 1805 ut
2503 1759 2637 1805 vere
2693 1748 2785 1805 est
2822 1742 3061 1805 verbum
3105 1742 3226 1805 Dei
3249 1769 3272 1814 ,·
3313 1746 3375 1803 et
3421 1739 3714 1801 Christus

2135 1833 2292 1911 ipse,
2337 1839 2406 1895 ut
2431 1834 2643 1908 homo,
2681 1835 2745 1895 in
2781 1835 3024 1897 Patrem
3080 1835 3289 1897 retulit
3325 1852 3507 1895 suam
3557 1832 3715 1894 doc-

2133 1927 2385 2003 trinam,
2429 1928 2610 1989 Joan.
2637 1927 3046 1989 duodecimo:
3099 1926 3216 2003 Qui
3249 1928 3438 1992 credit
3475 1928 3545 1990 in
3583 1943 3710 1995 me,

2137 2038 2257 2083 non
2305 2021 2496 2085 credit
2535 2024 2603 2084 in
2629 2039 2744 2095 me,
2787 2023 2977 2085 sedin
3009 2040 3162 2097 eum,
3194 2023 3302 2105 qui
3343 2024 3521 2084 misit
3556 2040 3654 2083 me
3681 2044 3711 2091 ,-

2139 2120 2203 2175 et
2231 2114 2416 2176 alibi:
2463 2114 2756 2179 Doctrina
2783 2134 2936 2189 mea,
2965 2134 3084 2177 non
3112 2120 3202 2178 est
3219 2132 3350 2178 mea
3370 2142 3395 2188 ;
3421 2121 3484 2176 et
3519 2114 3706 2175 Mati.

2143 2211 2211 2269 11
2244 2226 2258 2268 :
2292 2206 2450 2271 Caro
2483 2214 2540 2271 et
2571 2210 2822 2291 sanquis
2843 2227 2959 2271 non
2984 2210 3274 2273 revelavit
3300 2208 3431 2283 tibi,
3453 2208 3562 2271 sed
3577 2204 3713 2274 Pa-

2141 2308 2234 2365 ter
2265 2320 2453 2373 meus,
2484 2304 2589 2383 qui
2619 2308 2711 2366 est
2745 2302 2813 2365 in
2866 2302 3067 2377 (Italis,
3109 2321 3251 2369 cum
3297 2309 3509 2365 tamen
3567 2302 3711 2383 ipse

2135 2395 2488 2471 docuisset3
2535 2396 2732 2457 multo
2777 2414 2929 2477 ergo
2979 2397 3182 2477 magis
3243 2395 3307 2457 id
3365 2395 3711 2457 dicendum

2137 2496 2230 2552 est
2257 2489 2336 2551 de
2365 2490 2665 2568 Ecclesia,
2697 2491 2868 2571 quod
2921 2490 3196 2571 Apostoli
3244 2490 3707 2569 significarunt,

2137 2583 2388 2664 quando
2429 2586 2636 2645 Actor.
2669 2584 2912 2645 decimo
2955 2584 3171 2663 quinto
3214 2584 3540 2647 dixerunt:
3601 2582 3714 2649 1⁷2·-

2132 2695 2270 2740 sum
2309 2682 2400 2740 est
2437 2674 2712 2757 Spiritui
2763 2676 2991 2741 Sancto
3012 2722 3033 2754 ,
3089 2682 3148 2741 et
3198 2677 3386 2739 nobis.
3417 2675 3712 2754 Denique

2133 2774 2308 2847 patet
2337 2768 2626 2830 faciendo
2655 2770 2854 2849 ipsam
2899 2768 3344 2831 resolutionem
3367 2784 3388 2845 3
3433 2786 3582 2829 nam
3634 2768 3714 2827 li-

2137 2866 2234 2923 cet
2278 2861 2608 2923 credamus
2637 2864 2924 2924 Ecclesiae
2958 2861 3302 2931 definienti,
3335 2862 3388 2923 si
3431 2860 3712 2945 interro-

2137 2971 2360 3033 gemur
2413 2972 2525 3015 cur
2566 2954 2656 3015 illi
2703 2955 3034 3016 credamus
3058 3001 3073 3028 ‚
3122 2953 3649 3033 respondebimus
3689 2969 3706 3011 ε

2137 3047 2291 3119 Quia
2332 3047 2522 3109 habet
2559 3048 2946 3110 infallibilem
2997 3046 3408 3109 assistentiam
3432 3044 3712 3125 Spiritus

2135 3140 2383 3213 Sancti3
2445 3145 2510 3202 et
2555 3142 2604 3201 si
2645 3142 2872 3203 iterum
2921 3142 3381 3220 interrogemur
3425 3156 3537 3199 cur
3581 3138 3712 3199 hoc

2137 3234 2488 3310 credamus,
2519 3234 3084 3315 respondebimus:
3142 3233 3295 3305 Quia
3332 3234 3498 3293 Deus
3523 3249 3712 3293 reve·
3807 3296 3816 3303 ,

2133 3328 2327 3404 lavit,
2381 3329 2494 3389 ‘cui
2565 3328 2879 3390 credimus
2945 3333 3204 3407 propter
3262 3324 3712 3387 auctoritatem

2137 3437 2318 3481 suam
2351 3465 2367 3494 ,
2418 3438 2548 3480 non
2600 3427 2854 3500 propter
2893 3418 3184 3482 Ecclesiae
3226 3418 3663 3480 auctoritatem
3689 3462 3708 3489 ,

2135 3512 2282 3575 licet
2335 3512 2440 3573 illa
2506 3512 2688 3574 nohis
2728 3519 3040 3593 proponat
3079 3514 3414 3593 ipsammet
3461 3507 3716 3571 revela-

2141 3607 2373 3668 tionem
2425 3606 2558 3668 Dei.
2612 3606 3026 3667 Nihilominus
3069 3611 3282 3666 tamen
3339 3602 3548 3683 quoad
3581 3618 3712 3663 nos

2135 3698 2454 3780 proposita
2487 3704 2582 3761 est
2626 3699 2924 3775 Ecclesia,
2947 3706 3021 3761 ut
3069 3699 3150 3759 ab
3195 3698 3426 3779 Spiritu
3467 3696 3710 3758 Sancto

2111 3794 2393 3870 degitur,
2435 3799 2735 3873 tanquam
2776 3794 3060 3872 proxima
3109 3796 3171 3853 et
3225 3790 3538 3852 sufficiens
3597 3806 3712 3850 re-

2137 3886 2282 3967 gula
2307 3884 2626 3962 credendi,
2669 3886 2816 3965 quia
2840 3903 2970 3947 non
3019 3891 3284 3966 possunt
3321 3882 3541 3945 fideles
3566 3898 3712 3943 om-

2135 3998 2252 4041 nes
2275 3980 2624 4041 doctrinam
2671 3977 2820 4040 fidei
2867 3996 2982 4058 per
3037 3996 3106 4039 se
3164 3976 3540 4058 expendere,
3587 3981 3714 4037 aut

2136 4091 2386 4152 semper
2430 4072 2882 4134 resolutionem
2916 4072 3124 4134 facere
3152 4072 3220 4132 in
3261 4070 3714 4132 auctoritatem

2136 4168 2414 4229 divinam
2456 4182 2750 4246 expresse
2791 4165 3149 4246 cogitatam,
3193 4180 3332 4245 quae
3378 4162 3566 4225 nimis
3592 4180 3716 4223 ex-

2137 4260 2374 4323 cellens
2411 4266 2473 4322 et
2499 4259 2834 4339 spiritualis
2875 4264 2970 4320 est
3000 4278 3016 4332 3
3058 4258 3334 4320 Ecclesia
3363 4262 3576 4317 autem
3604 4261 3714 4317 est

2137 4352 2444 4415 sensibilis
2496 4350 2738 4432 regula,
2781 4368 2971 4431 quam
3021 4350 3262 4412 facilius
3316 4348 3581 4412 audiunt
3637 4354 3714 4409 et

2133 4446 2528 4527 percipiunt;
2561 4447 2627 4507 in
2655 4445 2759 4506 illa
2799 4452 3013 4507 tamen
3055 4445 3490 4506 auctoritatem
3539 4442 3714 4505 divi-

2133 4558 2284 4601 nam
2323 4540 2502 4619 quasi
2564 4538 2925 4617 loquentem
2965 4542 3347 4617 supponunt,
3379 4536 3551 4599 etita
3583 4536 3710 4597 im-

2133 4634 2337 4714 plicite
2385 4634 2606 4695 saltem
2653 4650 2832 4693 suam
2889 4630 3078 4693 fidem
3138 4632 3202 4692 in
3228 4630 3440 4692 'Deum
3497 4628 3706 4691 resol-

2133 4732 2310 4802 vunt,
2356 4726 2525 4806 quod
2553 4744 2667 4787 suo
2695 4724 2882 4787 modo
2911 4742 3243 4787 commune
3288 4732 3385 4786 est
3428 4724 3562 4785 aliis
3591 4740 3706 4785 re—

2131 4821 2296 4900 gulis
2320 4819 2490 4895 fidei,
2522 4826 2594 4882 ut
2619 4824 2764 4881 sunt
2792 4818 3106 4899 Scriptura
3135 4824 3198 4880 et
3245 4816 3520 4891 traditio,
3554 4834 3705 4896 quae

2132 4933 2202 4977 se
2245 4919 2463 4976 mutuo
2485 4914 2730 4993 juvant,
2762 4916 2827 4973 et
2857 4930 2984 4973 una
3029 4910 3096 4973 iu
3127 4910 3315 4973 aliam
3359 4911 3709 4974 resolvitur

2131 5008 2197 5068 in
2247 5024 2360 5070 suo
2387 5006 2635 5080 ordine3
2670 5004 2985 5085 quomodo
3027 5012 3236 5067 autem
3267 5006 3386 5066 hoc
3413 5002 3522 5065 fiat
3553 5004 3704 5067 sine

2131 5100 2354 5163 vitioso
2383 5100 2636 5174 circulo,
2655 5098 2938 5161 dicemus
2964 5096 3247 5175 inferius,
3277 5096 3358 5159 de
3385 5096 3506 5159 illis
3531 5101 3704 5158 trac-

2133 5192 2323 5255 tando
2357 5190 2421 5253 in
2468 5192 2626 5271 disp.
2657 5192 2717 5253 ὅ.

2791 5382 3036 5401 ²*
