3900 6217
552 367 676 430 970

1742 375 1982 431 msrm.
2018 374 2100 427 ΙΧ.
2137 374 2221 427 DE
2252 375 2566 431 ECCLESIA.

549 480 716 550 tum,
762 471 966 553 primo
1005 472 1234 538 dieitur
1277 474 1733 555 Hieronymum
1778 495 1906 538 non
1944 474 2121 556 loqui
2199 476 2265 539 in
2294 495 2370 539 ea
2397 477 2657 557 plurimi
2682 483 2830 541 sunt
2848 477 3005 559 justi
3022 524 3045 555 ,
3092 482 3155 541 et
3178 482 3452 559 quamvis
3486 502 3710 551 numero

553 567 641 628 ibi
672 567 748 629 de
774 573 908 629 tota
933 566 1223 642 Ecclesia,
1273 567 1384 632 sed-
1431 568 1690 631 fortasse
1713 569 1794 635 de
1820 568 2120 649 episcopis
2199 570 2517 649 pauciores
2564 588 2752 651 quam
2796 577 3147 651 peccatores
3164 616 3185 646 ,
3236 578 3499 639 attamen
3522 622 3539 652 ‚
3584 583 3709 659 quia

550 660 1024 741 particularium
1051 660 1487 738 Ecclesiarum,
1537 680 1804 743 quorum
1845 663 2117 741 dignita·

552 760 680 815 tem
703 771 890 833 super
899 753 1052 817 alios
1067 752 1456 833 presbyteros
1475 756 1708 817 indicat
1725 774 1852 817 non
1869 755 2107 832 divino,

552 849 657 911 sed
679 848 954 911 humano
969 848 1114 925 jure
1129 847 1499 925 institutam,
1527 850 1808 929 quamvis
1823 850 1969 913 eam
1987 849 2113 910 ins·

550 942 906 1003 titutionem
953 958 992 1001 a
1025 946 1304 1020 tempore
1342 942 1776 1021 Apostolorum
1813 942 2113 1022 incepisse

551 1052 680 1099 non
709 1041 917 1113 neget,
963 1040 1034 1095 ut
1060 1039 1232 1113 patet
1266 1052 1346 1097 ex
1385 1036 1600 1097 eodem
1640 1036 1720 1097 ad
1747 1036 2107 1114 Evagrinm.

553 1130 696 1193 Haec
733 1144 882 1191 vero
929 1128 1236 1189 sententia
1281 1128 1648 1208 Hieronymi
1688 1129 1814 1191 alio
1838 1130 1975 1191 loco
2002 1148 2107 1191 ex·

549 1221 877 1304 pendenda
919 1226 1014 1291 est
1041 1224 1097 1297 ¹,
1152 1238 1424 1300 namque
1481 1222 1560 1285 ad
1617 1240 1890 1303 praesens
1946 1221 2109 1285 nihil

551 1320 808 1396 spectat,
835 1330 980 1375 cum
1005 1332 1134 1378 non
1163 1319 1350 1393 neget
1371 1332 1570 1377 unum
1600 1314 1967 1377 universalis
1997 1316 2107 1375 Ec-

549 1410 746 1474 cloeiae
785 1414 1012 1489 caput;
1043 1408 1170 1471 imo
1199 1408 1340 1477 aliis
1366 1408 1512 1469 locis
1543 1410 1926 1489 apertissime
1955 1408 2108 1471 illud

548 1504 848 1582 agnoscit,
885 1510 956 1565 ut
993 1520 1106 1564 suo
1135 1501 1272 1568 loco
1311 1501 1682 1566 videbimus.
1723 1504 1815 1565 Ad
1843 1502 2109 1565 alterum

545 1596 996 1672 testimonium,
1021 1593 1430 1675 respondetur
1456 1596 1912 1678 Hieronymum
1948 1594 2109 1657 velle

547 1690 873 1771 episcopos
922 1707 1051 1753 esse
1092 1707 1271 1769 pares
1307 1689 1510 1769 quoad
1541 1696 1902 1770 potestatem
1931 1695 1996 1751 et
2016 1688 2109 1749 di-

547 1786 848 1863 gnitatem
867 1784 1126 1857 ordinis,
1149 1800 1276 1843 non
1295 1781 1763 1861 jurisdictionis.
1795 1784 1965 1845 Alias
1994 1781 2112 1843 dir-

545 1877 850 1941 flcultates
875 1877 980 1945 hic
1009 1882 1400 1938 occurrentes
1431 1876 1502 1937 in
1523 1878 1802 1957 sequenti
1835 1877 2111 1958 disputa-

545 1972 716 2034 tione
735 1969 1042 2035 enodabo.

1159 2168 1376 2222 saevo
1409 2168 1510 2223 vn.

549 2342 648 2407 An
691 2342 976 2409 Ecclesia
1022 2340 1650 2501 mmmfflstolica,
1709 2344 1772 2404 ot
1811 2340 2111 2405 catholica

630 2629 688 2687 1.
731 2622 1008 2689 Assertio
1037 2619 1266 2704 prima.
1284 2653 1366 2671 --
1381 2619 1694 2691 Probatur
1720 2622 2106 2686 auctoritate.

545 2750 626 2768 -
649 2718 924 2793 Quatuor
949 2715 1278 2795 praecipuoe
1303 2714 1712 2794 proprietates
1737 2714 1805 2776 in
1841 2714 2108 2794 Symbo-

545 2812 608 2873 lo
645 2809 1006 2875 tribuuntur
1027 2807 1330 2882 Ecclesiae,
1359 2807 1616 2883 scilicet,
1648 2825 1780 2869 esse
1799 2826 2009 2882 unam,
2046 2816 2111 2870 et

547 2911 672 2967 tres
699 2902 876 2979 alias,
907 2900 1152 2981 quasin
1199 2898 1382 2961 titulo
1411 2900 1757 2962 numeravi.
1793 2900 2109 2963 Unitatem

545 2976 845 3067 hact'enus
873 2994 1142 3075 explicui
1170 3010 1188 3055 ε
1217 2994 1495 3073 sequitur
1517 2999 1594 3053 ut
1619 2998 1868 3057 caeteras
1894 2994 1946 3069 ²,
1970 3011 2107 3073 quae

546 3092 832 3157 clariores
857 3094 1028 3165 sunt,
1071 3086 1342 3151 breviter
1369 3086 1714 3167 expediam.
1759 3088 1902 3148 Dico
1956 3106 2107 3167 ergo

545 3184 750 3266 primo
765 3182 1203 3249 convenienter
1215 3180 1552 3243 Ecclesiam
1567 3180 1884 3242 nominari
1908 3180 2109 3245 Sauo-

548 3285 696 3344 tam.
725 3275 1050 3343 Conclusio
1073 3279 1170 3337 est
1197 3273 1272 3337 de
1299 3272 1424 3335 fide
1471 3291 1550 3334 ex
1591 3272 1908 3352 Symbolo,
1934 3272 2107 3334 colli·

545 3372 836 3451 giturque
863 3384 944 3433 ex
981 3366 1272 3433 omnibus
1295 3365 1448 3429 locis
1485 3366 1838 3446 Scripturas,
1870 3369 1936 3427 in
1966 3367 2109 3446 qui-

543 3464 664 3529 bus
683 3462 962 3531 Ecclesia·
987 3460 1238 3535 dieimr,
1283 3459 1576 3535 columba,
1604 3476 1850 3540 sponsa,
1885 3460 2103 3531 amica.

543 3558 780 3643 rapina,
809 3556 1017 3624 domm
1035 3553 1170 3627 Dei,
1193 3570 1446 3636 mmm
1467 3553 1747 3617 calm-um
1758 3577 1784 3627 ‚·
1811 3552 1910 3614 his
1935 3552 2106 3614 enim

545 3650 834 3715 omnibus
869 3646 1252 3727 metaphoris
1275 3645 1572 3709 sanctitas
1603 3646 1888 3707 Ecclesiae
1914 3646 2109 3723 sigui-

546 3744 789 3812 ficatnr.
821 3741 996 3806 Unde
1015 3742 1192 3805 Cant.
1217 3741 1298 3803 43
1325 3740 1482 3803 Pota
1500 3738 1764 3821 pulchra
1788 3756 1869 3813 es,
1901 3738 2109 3803 anima

545 3856 717 3909 (και,-
758 3835 840 3903 ad
879 3834 1104 3915 Ephes.
1149 3835 1188 3895 ὃ
1247 3850 1266 3895 :
1315 3832 1398 3897 Ut
1423 3833 1722 3898 exhiberet
1745 3832 1864 3895 sibi
1889 3831 2108 3895 Eccle-

543 3935 706 3997 siam
743 3946 868 3995 non
904 3926 1209 3995 habentem
1249 3925 1582 3999 uacum,
1626 3942 1812 4007 mque
1845 3943 2065 4007 rugam
2075 3951 2103 4001 ,-

543 4026 710 4107 quod
735 4024 874 4097 fieri
891 4041 1002 4107 per
1029 4024 1342 4091 lavacrum
1357 4019 1828 4104 reqmrationis
1853 4019 2105 4097 dicitur,

543 4121 626 4183 ad
671 4121 792 4183 Tit.
841 4119 923 4195 33
960 4117 1039 4181 de
1081 4134 1207 4196 qua
1233 4112 1520 4177 Ecclesiae
1575 4112 1899 4175 sanctitate
1945 4110 2107 4175 hene

545 4212 928 4293 Augustinus
944 4256 965 4286 ‚
1007 4208 1120 4272 lib.
1159 4208 1237 4271 de
1276 4205 1656 4272 Perfectione
1705 4205 1959 4285 justitiae
1978 4251 1999 4281 ,
2044 4212 2108 4268 et

543 4306 852 4373 Fabianus
878 4306 1064 4383 Papa,
1107 4300 1286 4383 epist.
1319 4301 1358 4361 3
1384 4299 1464 4363 ad
1495 4298 1731 4371 Hilar.;
1764 4298 1975 4361 Sixtus
2002 4298 2105 4374 111,

543 4400 736 4479 Epist.
793 4396 1084 4466 decretal.
1105 4439 1126 4472 ,
1189 4412 1324 4475 cap.
1387 4394 1467 4471 53
1526 4392 1967 4472 Hieronymus,
2027 4393 2111 4455 ad

597 4512 686 4649 ΡΞ.
727 4586 953 4653 ‚Prima
983 4599 1170 4653 cauta
1199 4580 1354 4645 mdo
1385 4578 1674 4643 Ecclesia
1699 4582 1918 4643 sancta
1944 4594 2109 4641 voce-

547 4685 672 4745 ur.
719 4710 802 4727 -
829 4677 1072 4758 Recipit
1097 4681 1312 4740 autem
1338 4673 1502 4735 hanc
1532 4672 2107 4737 denominationem

545 4772 839 4849 Ecclesia,
859 4771 1128 4852 primum
1153 4787 1193 4832 a
1207 4767 1428 4851 potiori
1445 4771 1653 4847 parte3
1669 4783 1910 4845 semper
1933 4765 2113 4832 enim

627 4963 646 4997 ¹
691 4956 848 5025 Vide
895 4962 1236 5030 auctorem,
1279 4952 1358 5017 de
1403 4951 1762 5025 Poenitent„
1803 4952 1963 5031 disp.
1998 4954 2101 5027 25,

545 5056 692 5114 sect.
727 5052 788 5124 1,
824 5067 889 5110 n.
915 5050 993 5127 43
1035 5046 1308 5121 valent„
1343 5053 1490 5109 tom.
1542 5046 1607 5121 ὁ,
1654 5043 1808 5123 disp.
1845 5045 1910 5119 9,
1940 5062 2005 5123 q.
2040 5047 2102 5119 1,

545 5148 756 5224 punct.
783 5143 857 5215 2;
889 5140 998 5203 lib.
1027 5142 1066 5202 3
1102 5138 1339 5201 Defens.
1370 5136 1506 5213 fid„
1533 5154 1590 5199 c.
1619 5138 1721 5214 12,
1753 5154 1818 5197 n.
1850 5138 1910 5199 9.

628 5239 656 5275 ²
695 5236 783 5297 De
806 5232 1088 5298 Ecclesiae
1113 5232 1278 5295 notis
1305 5230 1496 5293 Salm.
1541 5230 1610 5291 in
1653 5228 1853 5304 Paul„
1901 5246 1942 5289 a
1982 5228 2107 5290 dis-

546 5336 680 5411 put.
712 5329 790 5403 43
816 5325 1066 5400 Bellar„
1097 5324 1143 5386 1.
1187 5325 1228 5384 ὁ
1247 5324 1324 5385 de
1352 5323 1526 5385 Notis
1543 5322 1804 5395 Eccles.;
1834 5321 2073 5383 Valent.
2080 5366 2103 5397 ,

545 5429 675 5487 toto
714 5420 826 5483 lib.
871 5421 911 5481 6
949 5437 1076 5481 suae
1131 5416 1357 5494 Anal.;
1401 5415 1623 5477 Hosius
1647 5460 1670 5491 ,
1713 5414 1791 5478 de
1841 5414 2103 5477 confess.

545 5515 790 5591 Polou„
810 5532 850 5575 a
873 5532 932 5574 c.
965 5514 1068 5573 21.

2194 680 2403 725 coram
2450 665 2575 725 Deo
2626 666 2881 745 majoris
2928 664 3353 727 aestimationis
3390 675 3479 731 est
3518 675 3708 737 unicus

2188 757 2395 836 ‚iustus
2418 775 2607 837 quam
2634 766 2981 839 peccatores
3006 758 3184 819 multi
3204 806 3223 835 ,
3258 760 3393 823 ideo
3418 762 3495 823 ab
3518 765 3601 826 eis
3620 785 3712 846 po-

2191 855 2312 913 test
2336 850 2761 927 denominari,
2800 852 3109 932 praecipue
3132 870 3273 913 cum
3300 858 3573 917 sanctitas
3601 859 3709 937 jus·

2191 948 2397 1005 torum
2426 945 2507 1005 sit
2532 962 2611 1007 ex
2644 945 2991 1008 intentione
3026 951 3091 1007 et
3118 945 3397 1007 instituto
3423 948 3705 1027 Ecclesiae,
3818 1008 3820 1011 Α

2192 1036 2293 1099 cui
2326 1038 2636 1099 contraria
2668 1044 2761 1099 est
2792 1038 3049 1101 malitia.
3094 1038 3269 1101 Unde
3300 1040 3555 1101 secundo
3582 1042 3713 1104 dici·
3819 1076 3820 1083 κ

2189 1136 2292 1190 tur
2326 1128 2567 1194 Sancta
2603 1148 2679 1192 ex
2706 1130 2855 1207 fine,
2886 1138 2951 1193 et
2992 1131 3235 1208 mediis,
3276 1132 3527 1211 legibus,
3554 1138 3710 1197 sacri-

2188 1218 2368 1297 ficiis,
2394 1224 2821 1299 sacramentis,
2850 1230 3035 1303 atque
3060 1222 3215 1285 adeo
3238 1240 3317 1290 ex
3342 1230 3467 1293 toto
3488 1227 3709 1291 univer-

2188 1314 2301 1375 sali
2330 1314 2495 1377 cultu
2528 1314 2658 1391 Dei,
2698 1318 2800 1378 cui
2824 1323 2956 1378 tota
2982 1323 3077 1378 est
3102 1317 3398 1381 dedicata.
3442 1320 3578 1381 Vide
3602 1323 3708 1382 Au·

2192 1407 2513 1486 gustinum
2533 1454 2555 1485 ,
2598 1410 2634 1471 3
2686 1410 2765 1472 de
2810 1411 3099 1476 Doctrina
3152 1410 3371 1473 Christ.
3390 1454 3407 1487 ,
3454 1430 3581 1492 cap.
3630 1416 3711 1477 32.

2190 1502 2401 1563 Tertio
2444 1502 2674 1583 (inquit
2704 1504 2927 1565 Hosius
2946 1550 2964 1578 ,
3003 1504 3111 1565 lib.
3142 1504 3225 1567 de
3251 1504 3394 1565 Fide
3419 1551 3439 1579 ,
3484 1524 3605 1586 cap.
3630 1510 3715 1585 2¹)

2188 1593 2417 1655 dicitur
2450 1593 2695 1659 Sancta
2704 1641 2725 1672 ,
2760 1596 2826 1657 id
2854 1602 2947 1657 est
2974 1598 3211 1659 sancita
3225 1643 3246 1674 ,
3294 1598 3523 1660 munita
3552 1606 3609 1661 et
3632 1600 3719 1663 fir-

2193 1704 2339 1749 ma:
2370 1694 2465 1750 est
2494 1688 2799 1767 siquidem
2830 1707 3017 1769 supra
3040 1695 3285 1770 petram
3302 1688 3545 1755 fundata
3566 1700 3581 1753 τ
3606 1692 3716 1757 Neo
3819 1728 3820 1733 κ

2184 1785 2386 1861 pcrtoe
2450 1780 2639 1861 inferi
2706 1782 3127 1864 praevalebunt
3196 1784 3483 1847 advorm
3553 1802 3664 1847 eam
3698 1830 3713 1859 ,

2188 1873 2407 1935 Matth.
2446 1875 2543 1935 16.
2579 1873 2755 1936 Unde
2782 1874 3299 1955 chrysostomus,
3335 1876 3499 1939 hom.
3530 1876 3599 1937 de
3620 1878 3718 1937 Ex-

2188 1952 2471 2048 pulsione
2498 1986 2645 2045 sua,
2688 1975 2842 2029 tom.
2878 1972 2949 2045 5,
2994 1968 3267 2033 affirmat
3297 1968 3611 2031 Ecclesiam
3632 1970 3719 2031 fir·
3819 1974 3820 2047 j

2190 2051 2455 2123 miorem
2484 2078 2616 2122 esse
2642 2067 2810 2123 terra
2836 2068 2899 2124 et
2924 2062 3103 2135 coe10,
3138 2063 3206 2123 in
3236 2079 3360 2141 quo
3390 2060 3539 2122 fixas
3560 2062 3718 2127 habet

2190 2152 2449 2229 radices,
2478 2152 2846 2235 faciliusque
2865 2154 3062 2217 solem
3086 2154 3393 2233 extingui,
3425 2171 3597 2234 quam
3622 2156 3712 2217 Ec·

2190 2247 2439 2309 clesiam
2464 2247 2805 2311 obscurari.
2838 2247 3017 2310 Unde
3037 2246 3405 2327 Apocalyps.
3424 2249 3520 2324 21,
3544 2248 3714 2309 Eccle-

2189 2340 2296 2401 sire
2322 2339 2415 2401 sol
2442 2339 2723 2401 Christus
2746 2341 2877 2421 ipse
2902 2339 3273 2421 appellatur.
3320 2340 3563 2415 Quarto,
3600 2358 3713 2419 pos-
3819 2360 3820 2369 ³

2190 2440 2283 2495 set
2314 2434 2581 2495 Ecclesia
2610 2434 3001 2497 denominari
3043 2434 3289 2499 Sancta
3316 2452 3359 2495 a
3388 2452 3497 2495 suo
3522 2435 3711 2514 capite,

2190 2528 2359 2607 quod
2384 2538 2477 2589 est
2508 2528 2810 2602 Christus,
2852 2546 2981 2589 non
3012 2526 3144 2589 sola
3182 2527 3523 2589 extrinseca
3558 2527 3717 2587 deno-

2192 2622 2561 2693 minatione,
2602 2621 2709 2681 sed
2738 2620 2885 2700 quia
2910 2622 3045 2700 ejus
3072 2622 3299 2683 merita
3330 2638 3439 2700 per
3462 2620 3717 2681 intrinse-

2188 2730 2325 2775 cam
2370 2716 2762 2777 sanctitatem
2811 2715 3137 2795 participat
3158 2760 3175 2787 ,
3228 2719 3296 2775 et
3346 2713 3423 2775 ad
3464 2713 3715 2775 eumdem

2188 2808 2443 2869 modum
2480 2808 2707 2869 dicitur
2754 2806 2993 2871 Sancta
3030 2806 3111 2867 ab
3160 2806 3499 2885 Scriptura,
3540 2824 3663 2885 qua}
3684 2825 3717 2867 a

2189 2901 2261 2961 D.
2292 2901 2531 2963 Thoma
2558 2898 2928 2981 appellatur,
2958 2899 3259 2963 Ecclesioe
3286 2917 3407 2975 cor,
3448 2917 3571 2963 cam
3590 2898 3715 2961 civi-

2181 2996 2379 3074 ficam
2404 2998 2464 3057 ct
2492 2993 2911 3071 sanctificans.
2952 2993 3233 3054 Tandem
3264 2992 3387 3054 dici
3420 2998 3604 3071 potest
3630 2994 3715 3051 Ec·

2186 3085 2371 3147 clesia
2402 3085 2665 3161 Sancta,
2692 3086 2839 3165 quia
2862 3091 3037 3147 extra
3060 3104 3201 3147 eam
3226 3085 3398 3147 nulla
3420 3091 3511 3147 est
3530 3085 3711 3145 sancti-

2186 3184 2281 3241 tas
2302 3224 2321 3252 ,
2364 3185 2427 3241 et
2453 3179 2521 3239 in
2550 3198 2647 3251 ea,
2678 3197 2717 3240 a
2744 3196 3133 3259 quocumque
3176 3178 3355 3241 illam
3395 3185 3677 3258 quaerentc
3696 3221 3711 3250 ,

2186 3272 2502 3333 invenitur
2531 3288 2552 3349 ;
2596 3290 2719 3351 qua
2747 3272 2999 3351 quidem
3042 3274 3289 3334 ratione
3314 3272 3399 3333 ad
3420 3271 3576 3333 hanc
3596 3289 3715 3351 pro-

2188 3368 2513 3447 prietatem
2546 3366 2745 3427 altera
2772 3370 3097 3427 revocatur
3110 3411 3131 3442 ‚
3176 3370 3362 3429 aeoetra
3389 3364 3715 3435 Ecclesiam,

2186 3458 2435 3533 scilicet,
2464 3475 2585 3521 non
2612 3476 2739 3521 esse
2762 3458 3042 3533 saluum,
3070 3459 3235 3539 quod
3264 3459 3335 3521 in
3358 3476 3499 3520 arca
3528 3460 3639 3519 Noe
3654 3458 3722 3519 si·

2185 3549 2551 3629 gnificatum
2596 3550 2785 3613 fuisse
2826 3550 3090 3626 dicitur,
3141 3554 3172 3611 1
3217 3552 3353 3612 Pet.
3394 3552 3433 3613 3
3452 3566 3473 3627 ;
3512 3568 3625 3631 qua
3658 3549 3722 3609 de

2186 3660 2371 3703 causa
2398 3643 2785 3721 Augustinus
2820 3643 2930 3718 ait,
2967 3642 3078 3704 lib.
3120 3642 3199 3705 dc
3243 3642 3535 3722 Symbola
3550 3686 3569 3717 ,
3604 3659 3719 3719 cap.

2190 3737 2268 3797 10
2294 3756 2308 3795 :
2342 3734 2489 3801 Non
2500 3740 2700 3817 potest
2720 3731 2787 3797 iu
2816 3736 2958 3799 ooelo
2984 3736 3193 3799 habore
3214 3740 3482 3817 patrem,
3518 3732 3615 3815 qui
3637 3750 3723 3794 no-

2186 3829 2309 3893 luit
2348 3830 2417 3891 in
2462 3829 2651 3892 terris
2692 3828 3037 3893 Ecclesiam
3078 3829 3292 3893 habere
3326 3832 3576 3891 mtrem
3596 3850 3621 3897 ;
3658 3824 3725 3886 ad

2187 3922 2351 3985 hanc
2395 3921 2680 3983 similiter
2726 3922 3007 3984 Ecclesiae
3052 3922 3451 3985 sanctitatem
3494 3924 3723 4001 spectat,

2185 4034 2315 4079 esse
2346 4015 2683 4077 rectissime
2712 4014 3065 4077 ordinatam
3092 4021 3156 4077 et
3182 4015 3553 4089 institutam,
3580 4010 3725 4091 quod

2184 4127 2223 4170 a
2254 4107 2711 4188 sapientissimo
2747 4114 2999 4169 auctore
3040 4107 3371 4171 CHRISTO
3412 4112 3611 4171 creata
3636 4105 3723 4179 sit,

2184 4201 2449 4281 ideoque
2469 4200 2537 4263 in
2558 4200 2877 4281 Scriptura
2892 4206 3290 4279 comparatur
3308 4199 3622 4273 exercitui,
3645 4215 3726 4259 rc·

2186 4310 2337 4373 gno,
2368 4294 2571 4370 hort0,
2606 4294 2870 4373 corpori,
2908 4300 2972 4356 et
3001 4294 3139 4356 aliis
3164 4292 3375 4370 rebus,
3404 4310 3543 4373 quae
3562 4292 3725 4363 hanc,

2186 4404 2375 4467 quam
2399 4386 2701 4461 videmus,
2732 4385 3019 4452 Ecclesiae
3044 4384 3570 4465 pulchritudinem
3590 4383 3725 4445 indi-

2186 4470 2361 4543 cant.v
2398 4480 2661 4543 Consule
2690 4483 3003 4557 Turrecr.,
3028 4480 3141 4541 lib.
3176 4484 3237 4557 1,
3260 4499 3397 4561 cap.
3432 4482 3532 4541 24.

2265 4575 2326 4635 3.
2374 4573 2635 4655 objectio
2655 4578 2868 4638 conbm
2886 4574 3205 4653 proedicta,
3234 4574 3483 4655 ejusque
3508 4568 3725 4635 solutio.

2184 4700 2266 4715 —
2306 4669 2569 4748 objicies
2611 4686 2758 4731 vero
2805 4675 3023 4731 contra
3064 4667 3228 4731 hanc
3271 4668 3726 4747 proprietatem:

2185 4760 2423 4825 bonum
2450 4780 2529 4823 ex
2566 4763 2811 4841 integra
2836 4778 3061 4833 causa;
3104 4759 3211 4821 sed
3234 4760 3301 4821 in
3330 4759 3591 4824 Ecclesia
3618 4774 3729 4817 non

2186 4862 2279 4917 est
2313 4856 2557 4935 integra
2582 4856 2910 4927 sanctita-33
2958 4872 3105 4933 ergo
3135 4859 3363 4919 sancta,
3387 4853 3509 4915 dici
3536 4849 3731 4929 nequit

2184 4947 2567 5027 simpliciter.
2591 4948 3043 5027 Respondetur‚
3066 4946 3356 5027 quamvis
3378 4946 3592 5009 nonin
3613 4959 3731 5003 om·

2183 5040 2369 5102 nibus
2391 5038 2687 5103 membris
2713 5039 2999 5103 Ecclesiae
3024 5041 3104 5101 sit
3127 5040 3442 5111 sanctitas,
3476 5045 3729 5101 attamen

2186 5139 2435 5215 propter
2468 5132 2621 5195 alias
2660 5132 2959 5195 adductas
2996 5133 3267 5197 rationes
3299 5131 3653 5213 simpliciter
3676 5133 3731 5187 et

2184 5244 2328 5287 vere
2356 5226 2666 5293 nominari
2696 5224 3021 5300 Sanctam,
3066 5225 3380 5306 praecipue
3409 5224 3555 5303 quia
3586 5238 3729 5299 saepe

2185 5324 2385 5381 totum
2414 5318 2853 5381 denominatur
2872 5337 2912 5380 a
2940 5320 3165 5394 forma,
3194 5335 3333 5398 quoe
3358 5316 3583 5379 residet
3608 5322 3731 5375 tan·

2186 5422 2321 5473 tum
2341 5412 2407 5473 in
2426 5410 2797 5491 quibusdam
2818 5411 3119 5491 partibus;
3145 5418 3239 5472 est
3264 5415 3477 5471 autem
3496 5408 3563 5468 in
3582 5405 3731 5467 mul-

2190 5504 2266 5567 tis
2314 5504 2594 5567 Ecclesiae
2647 5504 2941 5568 membris
2988 5503 3229 5585 integra
3276 5503 3605 5577 sanctitas;
3650 5506 3731 5559 at—
