3900 6217
639 459 808 514 SEGT.
843 459 925 514 w.
963 457 1221 522 Quinum
1253 457 1466 512 RERUM
1495 457 1676 512 muns
1709 457 2037 514 anuum
2066 457 2485 523 REQUIRATUR,
2520 459 2657 514 ETc.

163 571 320 640 christi
351 567 638 630 adventum
676 557 938 620 dabatur
976 559 1187 620 statim
1231 555 1385 619 illud
1421 557 1596 618 auxi·-

157 671 264 731 lium
286 657 480 724 homini
504 655 582 716 sic
606 651 876 714 credenti
895 696 916 727 ,
955 651 1268 731 quomodo
1302 650 1596 712 credibile

159 769 218 822 est
237 773 362 817 nunc
387 769 494 812 non
512 745 657 819 dari,
683 745 788 806 sed
830 743 1090 820 differri,
1135 745 1380 806 etiamsi
1403 743 1593 804 homo

157 851 228 914 ille
245 866 341 908 non
375 848 538 923 ponat
565 837 1097 918 impedimentum,
1137 837 1244 898 sed
1273 837 1478 916 potius
1505 836 1597 896 fa-

155 947 238 1006 ciet
263 937 392 1019 quod
416 935 472 995 in
494 952 552 994 se
575 941 682 1006 est,
698 932 882 1011 juxta
909 930 1094 992 fidem
1134 947 1322 1009 quam
1359 929 1596 990 habet?

153 1035 322 1098 Deinde
343 1047 447 1090 non
486 1025 669 1087 solum
715 1032 810 1086 est
847 1023 978 1084 haec
1017 1022 1142 1098 lex,
1175 1041 1283 1084 seu
1320 1022 1436 1084 hoc
1457 1041 1597 1102 pro-

151 1127 349 1210 positum
385 1120 476 1182 Dei
500 1135 614 1180 non
640 1117 829 1178 dandi
863 1117 986 1178 tale
1014 1115 1318 1178 auxilium
1367 1135 1480 1195 pro
1521 1135 1596 1178 eo

153 1231 385 1298 tempore,
407 1230 520 1274 nou
546 1211 738 1272 solum
767 1210 1072 1290 (inquam)
1096 1227 1224 1270 non
1253 1217 1345 1271 est
1371 1229 1596 1273 conve-

147 1315 274 1376 niens
294 1309 413 1370 huic
445 1304 618 1366 statui
659 1303 897 1380 gratiae,
939 1301 1046 1364 sed
1097 1302 1286 1364 etiam
1330 1321 1458 1364 non
1507 1311 1601 1366 est

146 1409 524 1468 consentaneum
570 1395 830 1458 bonitati
863 1395 994 1472 Dei,
1043 1415 1156 1458 nec
1185 1399 1601 1475 promissioni-

144 1501 226 1560 bus
247 1497 384 1574 cjns3
410 1491 563 1572 quia,
581 1489 736 1550 sicut
765 1491 949 1565 Deus,
982 1496 1234 1570 propter
1257 1489 1602 1552 bonitatem

145 1608 268 1652 suam
269 1635 288 1666 ,
313 1606 419 1648 non
443 1589 630 1665 potest
665 1601 796 1644 esse
824 1590 1038 1646 auctor
1067 1587 1321 1663 peccati,
1359 1603 1473 1646 nec
1503 1584 1608 1647 de-

145 1701 312 1760 negare
325 1677 596 1742 auxilium
624 1679 1036 1738 necessarium
1060 1678 1136 1738 ad
1169 1695 1294 1738 non
1323 1678 1608 1739 commit-

144 1777 332 1838 tendum
361 1778 674 1852 peccatum,
709 1769 796 1830 ita
831 1787 960 1831 non
1001 1777 1204 1850 potest
1235 1789 1364 1832 esse
1392 1776 1608 1832 auctor

144 1879 190 1930 ut
211 1869 354 1928 homo
375 1881 476 1945 pro
507 1863 710 1942 aliquo
747 1869 1026 1942 tempore
1057 1868 1307 1925 maneat
1331 1864 1398 1924 in
1440 1869 1608 1926 statu

147 1959 329 2042 pacati,
352 1977 452 2018 nec
471 1957 543 2017 de
569 1973 633 2018 se
659 1955 968 2035 denegare
1002 1957 1302 2017 auxilium
1333 1975 1607 2018 necessa-

145 2059 252 2118 1ium
275 2053 338 2114 ad
361 2051 715 2112 mutandum
759 2049 948 2112 talem
977 2057 1230 2126 statum,
1271 2051 1322 2111 si
1352 2071 1462 2131 per
1495 2051 1608 2112 ho-

144 2149 310 2209 minem
339 2161 448 2206 non
481 2143 740 2218 steterit,
780 2150 850 2204 ut
892 2148 984 2204 est
1009 2143 1354 2204 communis
1381 2143 1606 2206 doctri-

143 2259 224 2316 ηας
251 2238 420 2301 sedin
467 2255 602 2298 casu
657 2237 738 2297 de
767 2255 892 2317 quo
932 2236 1268 2317 loquimur,
1317 2255 1392 2298 ex
1434 2244 1608 2316 parte

143 2334 402 2396 intellectus
433 2331 612 2392 habet
639 2329 834 2391 homo
877 2330 940 2390 id
985 2331 1150 2410 quod
1195 2331 1610 2391 necessarium

143 2435 200 2490 cst
219 2433 270 2486 ut
301 2431 443 2486 amet
467 2425 656 2484 Deum
697 2431 763 2484 et
803 2421 1140 2484 detestetur
1168 2429 1512 2502 peccatum,
1545 2427 1608 2484 et

143 2539 214 2600 per
227 2519 552 2578 voluntatem
584 2523 792 2596 potest
825 2534 950 2577 non
975 2533 1202 2593 ponere
1229 2515 1474 2576 actuale
1496 2515 1610 2576 im·-

143 2612 490 2694 ptdimentum,
542 2615 856 2689 quantum
881 2614 976 2670 cst
1016 2625 1094 2670 ex
1136 2608 1419 2670 libertate
1459 2623 1604 2685 sua;

143 2725 238 2784 eigo
259 2725 358 2765 uon
383 2710 467 2765 est
507 2701 848 2764 verisimile
875 2701 1042 2782 quod
1089 2701 1291 2762 solum
1329 2719 1406 2762 ex
1437 2708 1608 2780 parte

143 2801 209 2862 Dei
229 2799 450 2878 privetur
473 2797 708 2859 auxilio
737 2796 1100 2872 necessarie,
1133 2794 1324 2856 velut
1351 2793 1611 2874 impedi-

144 2899 340 2952 mentum
369 2909 485 2951 non
527 2897 748 2970 ponat,
785 2889 886 2950 vel
917 2895 988 2948 ut
1013 2894 1156 2950 actu
1175 2893 1568 2950 convertatur
1593 2909 1612 2962 ;

151 2985 340 3046 undeoet
371 2989 680 3063 receptum
720 2981 975 3060 dogma,
1003 2986 1350 3061 peccatores
1389 2981 1458 3040 in
1493 2980 1614 3041 hac

151 3077 236 3135 vita
249 3095 454 3155 semper,
479 3076 636 3136 etin
665 3090 1063 3153 quocumque
1095 3079 1414 3134 momento
1431 3072 1612 3150 justi-

145 3171 262 3230 ficari
275 3187 437 3250 posse,
453 3175 758 3250 quantum
783 3174 874 3229 est
894 3185 970 3228 ex
992 3174 1162 3245 parte
1177 3167 1316 3242 Dei;
1341 3185 1488 3227 nam
1509 3166 1618 3246 qui

145 3263 266 3324 lixit:
291 3265 358 3325 In
390 3279 754 3344 quacumque
769 3261 921 3323 lun-a
931 3263 1212 3342 peccator
1230 3259 1612 3340 imminuerit,

146 3357 348 3434 apponit
359 3364 506 3420 certe
521 3373 700 3436 posse
715 3355 1146 3431 ingemiscere,
1165 3351 1218 3412 si
1242 3351 1415 3424 velit,
1433 3351 1618 3431 etqui

145 3449 270 3508 [ixitt
299 3437 707 3512 convertimini
732 3447 820 3511 ad
837 3463 951 3522 me,
985 3445 1276 3526 supponit
1316 3463 1418 3505 eos
1437 3463 1610 3524 posse

146 3541 362 3617 lsacere,
383 3559 576 3622 neque
599 3559 680 3603 ex
705 3546 888 3620 parte
911 3539 1026 3601 Dei
1053 3538 1260 3601 deesse
1279 3537 1606 3612 auxilium,

147 3653 222 3695 um
237 3635 361 3695 alibi
383 3637 568 3697 dicat:
599 3635 748 3718 qu
778 3651 915 3696 sum
942 3635 1026 3696 ad
1048 3631 1294 3706 ostium,
1323 3639 1379 3694 et
1397 3630 1602 3712 pulso,

148 3727 330 3789 tlatins
351 3733 634 3793 tractatur
657 3729 728 3788 in
756 3727 1020 3788 materia
1047 3727 1125 3788 de
1155 3725 1523 3806 poenitentia
1547 3728 1602 3801 ¹3

147 3839 222 3898 rgo
243 3807 386 3882 nullo
422 3821 602 3882 modo
627 3838 960 3901 possumus
1001 3820 1204 3882 dicere
1243 3819 1312 3888 in
1351 3835 1424 3880 eo
1459 3835 1605 3878 casu

149 3931 208 3972 on
248 3933 396 3993 posse
439 3915 765 3976 hominem
809 3913 1112 3986 converti,
1147 3911 1296 3992 quia
1326 3909 1604 3970 nondum

148 4005 210 4064 ult
231 4007 362 4067 Deus
401 4007 574 4068 illum
600 4012 988 4068 convertere.
1035 4004 1302 4066 Maxime
1329 4020 1475 4064 vero
1503 4021 1604 4062 ur-

148 4103 192 4156 et
209 4098 310 4160 haec
333 4101 502 4176 ratio,
525 4099 579 4160 si
599 4099 1052 4176 restringamus
1079 4097 1234 4158 illud
1257 4104 1501 4176 tempus
1523 4095 1601 4156 ad

149 4207 266 4250 nsum
315 4192 702 4267 necessitati&
755 4196 823 4252 et
867 4189 1120 4269 periculi
1167 4190 1406 4263 mortis,
1454 4205 1598 4248 nam

150 4287 394 4364 ›nungere
419 4293 618 4366 potest
665 4292 742 4347 ut
779 4285 886 4346 ille
923 4284 1400 4346 catechumenus
1449 4299 1566 4342 con

150 4377 336 4440 ituatur
358 4381 430 4442 de
451 4397 612 4442 novo
643 4380 720 4440 in
741 4378 960 4439 mortis
989 4376 1258 4457 periculo
1278 4392 1296 4446 ;
1325 4393 1474 4452 ergo
1499 4393 1604 4434 ne·

150 4469 208 4528 tri
225 4489 326 4532 non
345 4479 536 4552 potest
557 4481 712 4533 tunc
727 4489 900 4552 posse
918 4469 1160 4548 disponi
1177 4468 1256 4530 ad
1273 4468 1598 4547 justitiam,

152 4563 218 4622 ias
235 4575 366 4627 esset
385 4564 846 4645 quodammodo
877 4565 1244 4624 constitutus
1272 4568 1446 4622 extra
1479 4573 1604 4620 sta-

151 4671 206 4713 tm
224 4657 424 4732 salutis,
439 4659 604 4738 quod
625 4656 880 4718 admitti
891 4674 1019 4716 non
1039 4653 1256 4730 debet3
1285 4661 1346 4714 et
1363 4655 1476 4715 hoc
1503 4671 1598 4714 ar·

152 4757 404 4811 amentum
439 4753 504 4812 in
533 4750 824 4831 sequenti
848 4748 1238 4811 conclusione
1268 4749 1468 4826 magis
1497 4766 1602 4808 ur-

151 4839 348 4902 ehimus.

161 4935 235 4994 14.
279 4935 536 5002 Secunda
579 4938 863 5002 assertio.
895 4969 979 4984 —
1021 4935 1248 4998 Prima
1289 4937 1472 4999 ratio.
1519 4967 1602 4980 --

151 5023 218 5084 ico
242 5030 478 5091 secundo
502 5049 518 5092 ι
545 5051 659 5112 per
677 5049 746 5092 se
779 5028 1108 5110 loquendo,
1136 5034 1198 5089 et
1239 5043 1315 5087 ex
1344 5027 1404 5087 vi
1449 5025 1602 5106 legis

170 5117 520 5185 institutionis
545 5123 782 5186 divinae
789 5169 810 5200 ,
840 5141 968 5184 non
985 5128 1078 5184 est
1103 5119 1300 5198 magis
1325 5137 1604 5182 necessa-

153 5225 178 5266 a
201 5214 422 5274 actualis
460 5216 612 5276 fides
654 5214 948 5296 explicita
981 5214 1204 5276 Christi
1261 5213 1327 5272 in
1372 5231 1441 5274 re
1469 5212 1604 5291 ipsa

153 5309 306 5367 >tenta
351 5307 424 5368 ad
471 5309 766 5370 ultimam
817 5308 1102 5383 salutem,
1134 5323 1243 5366 seu
1295 5303 1556 5384 gloriam
1575 5349 1597 5380 ,

154 5411 253 5456 tam
285 5400 354 5460 ad
377 5403 660 5480 primam,
719 5401 851 5462 sive
895 5398 974 5461 ad
1005 5399 1296 5478 gratiam.
1339 5398 1480 5458 Haec
1505 5413 1604 5457 as-

179 5583 190 5614 ¹
217 5580 355 5660 Disp.
384 5586 442 5660 8,
471 5593 614 5647 sect.
655 5589 714 5646 1.

3124 459 3243 520 355

1675 559 1858 620 sertio
1882 565 1974 619 est
1998 564 2209 620 contra
2226 558 2561 620 secundam
2582 560 2975 636 sententiam,
3000 563 3144 622 etin
3171 579 3244 622 ea

1678 651 2061 712 conveniunt
2096 658 2375 713 auctores
2418 653 2635 732 primae
2676 657 2739 715 et
2764 653 2961 714 tertias
3004 654 3243 732 opinio-

1675 744 1798 818 nis,
1821 749 1883 804 et
1908 760 2037 804 non
2074 744 2211 805 leve
2234 751 2673 822 argumentum
2705 746 2771 806 in
2802 747 2938 823 ejus
2969 746 3241 808 favorem

1681 843 1812 912 est,
1853 837 2019 915 quod
2065 855 2265 916 neque
2308 839 2551 917 antiqui
2600 838 2978 914 scholastici,
3042 859 3244 920 neque

1675 929 1864 990 etiam
1895 931 2105 992 Patres
2140 933 2206 992 in
2251 930 2371 992 hoc
2406 932 2803 994 distinxerint
2824 933 2987 993 inter
3013 940 3244 994 utram-

1677 1039 1797 1102 que
1844 1023 2131 1085 salutem.
2188 1024 2488 1085 Probatur
2548 1031 2756 1088 autem
2815 1025 3041 1105 pr1m0,
3098 1026 3247 1105 quia

1676 1116 1865 1192 Can0,
1899 1123 1965 1177 et
2009 1117 2119 1196 qui
2172 1135 2316 1178 eum
2360 1123 2725 1196 sequuntur,
2782 1135 2911 1179 non
2956 1119 3247 1180 videntur

1678 1215 2032 1273 constanter
2054 1210 2247 1289 loqui,
2279 1211 2331 1270 si
2351 1209 2419 1271 in
2446 1211 2761 1290 Scriptura
2782 1211 3145 1288 fundentur,
3178 1220 3249 1274 ut

1677 1303 1906 1365 debent
1925 1350 1943 1378 ,
1979 1305 2126 1383 quia
2150 1305 2395 1366 nullum
2432 1311 2688 1383 possunt
2725 1305 2893 1367 aliud
2933 1305 3248 1385 probabile

1680 1396 2155 1458 fundamentum
2180 1397 2440 1471 habere3
2471 1403 2535 1458 at
2564 1417 2709 1460 vero
2740 1399 3078 1478 Scriptura,
3105 1417 3249 1461 cum

1683 1491 1946 1570 requirit
1971 1490 2160 1552 fidem
2202 1491 2557 1570 explicitam
2585 1491 2834 1561 Christi,
2868 1491 3141 1572 loquitur
3173 1493 3250 1555 de

1685 1586 1886 1666 prima
1928 1585 2391 1664 justificatione,
2448 1593 2511 1648 et
2566 1587 2925 1648 remissione
2979 1593 3252 1666 peccato·

1686 1697 1852 1754 rum,
1875 1678 2083 1757 potius
2105 1697 2289 1758 quam
2328 1679 2405 1739 de
2434 1678 2655 1739 ultima
2697 1679 2918 1739 salute.
2952 1679 3253 1742 Probatur

1687 1771 1984 1832 Actorum
2024 1771 2101 1831 10
2148 1789 2164 1832 :
2206 1769 2641 1835 Remis-sionem
2687 1777 3059 1854 peccatorum
3100 1774 3257 1837 acci-

1681 1882 1822 1948 pere
1864 1883 1976 1946 per
2008 1883 2217 1926 nomen
2250 1865 2384 1934 eius
2402 1890 2425 1937 ;
2463 1871 2523 1925 et
2548 1883 2682 1944 cap.
2726 1867 2801 1927 ⁴5
2832 1887 2847 1925 :
2876 1866 3027 1930 Fide
3041 1871 3256 1950 purifi-

1688 1977 1834 2022 cans
1883 1959 2065 2022 coo-da
2130 1973 2358 2034 eorum,
2411 1957 2517 2020 ubi
2568 1965 2701 2020 erat
2754 1978 2958 2020 sermo
3012 1961 3089 2022 de
3133 1961 3255 2024 fide

1687 2050 2087 2129 evangelica3
2132 2057 2195 2112 et
2223 2051 2421 2130 capite
2452 2051 2558 2129 26,
2591 2052 2779 2113 refert
2813 2053 3037 2114 Paulus
3061 2055 3257 2116 Deum

1689 2143 1924 2205 misisse
1960 2144 2140 2204 illum
2178 2143 2257 2204 ad
2294 2143 2783 2223 praedicandum,
2822 2150 2891 2208 ut
2942 2149 3255 2209 remissio-

1686 2255 1822 2300 nem
1841 2241 2226 2318 peccatorum
2254 2238 2553 2318 accipiant
2576 2255 2692 2319 per
2707 2239 2909 2315 fidem,
2930 2259 3064 2321 quoe
3078 2247 3169 2306 est
3190 2241 3257 2302 in

1694 2330 1944 2394 Christo
1962 2353 1987 2399 ,·
2015 2329 2294 2390 remissio
2316 2336 2526 2390 autem
2548 2337 2940 2409 peccatorum
2961 2332 3028 2393 in
3054 2334 3257 2412 prima

1641 2421 1646 2428 ’
1683 2421 2123 2502 justificatione
2164 2421 2256 2482 fit.
2318 2423 2491 2483 Unde
2532 2423 2609 2482 ad
2668 2423 2913 2484 Galatas
2964 2427 3003 2485 2
3040 2442 3056 2486 ε
3108 2427 3258 2490 Non

1675 2517 2075 2596 justificatur
2108 2517 2300 2589 homo,
2322 2516 2449 2578 nisi
2471 2517 2774 2594 perfidem
2797 2517 2949 2579 Jesu
2980 2516 3216 2582 Christi
3226 2545 3253 2594 ,-

1690 2617 1751 2671 et
1778 2610 1854 2670 ad
1888 2611 2068 2672 Rom.
2100 2611 2175 2670 3:
2216 2606 2398 2681 Quem
2421 2611 2737 2691 proposuit
2772 2611 2937 2674 Deus
2954 2613 3259 2694 propitia-

1691 2708 1877 2766 torem
1898 2721 2014 2784 per
2028 2705 2208 2784 fidem
2250 2703 2316 2765 in
2358 2703 2649 2786 sanyuine
2683 2704 2921 2784 ipsius‚·
2965 2708 3258 2787 propitia·

1691 2801 1790 2856 tor
1811 2805 2023 2857 autem
2064 2797 2309 2876 proprie
2338 2795 2561 2856 dicitur
2588 2798 2653 2856 in
2684 2797 2901 2858 ordine
2925 2797 3004 2859 ad
3046 2800 3259 2862 remis-

1691 2889 1928 2950 sionem
1956 2897 2368 2968 peccatorum.
2404 2889 2471 2950 Si
2496 2907 2645 2967 ergo
2674 2907 2753 2952 cx
2780 2891 3086 2953 similibus
3110 2894 3258 2956 locis

1691 2980 2046 3060 Scripturas,
2072 2982 2141 3042 in
2166 2982 2389 3060 quibus
2407 2981 2663 3042 sortasse
2686 2989 2779 3044 est
2795 3001 2996 3045 sermo
3022 2984 3097 3046 de
3126 2987 3259 3064 glo-

1695 3075 1810 3147 ria,
1835 3074 2147 3153 colligitur
2194 3075 2519 3136 necessitas
2558 3073 2706 3136 fidei
2746 3075 3049 3155 explicitae
3095 3079 3163 3139 in
3191 3099 3257 3142 re

1696 3167 1828 3248 ipsa
1866 3168 1934 3229 in
1966 3167 2253 3228 omnibus
2285 3165 2642 3228 hominibus
2681 3173 2827 3230 ante
2879 3173 3262 3234 consecutio-

1696 3277 1839 3322 nem
1869 3261 2117 3339 gloriae,
2144 3260 2417 3340 proiecto
2440 3261 2632 3322 etiam
2674 3279 2751 3322 ex
2793 3263 3073 3341 proxime
3110 3265 3258 3326 cita·

1696 3355 1774 3416 tis
1801 3355 2171 3415 testimoniis
2210 3353 2524 3433 colligitur
2562 3353 2779 3415 similis
2824 3357 3150 3418 necessitas
3187 3359 3257 3420 in

1689 3445 1904 3508 ordine
1940 3447 2022 3508 ad
2062 3447 2351 3524 gratiam,
2382 3451 2445 3508 et
2490 3447 2919 3510 remissionem
2976 3457 3255 3528 peccato-

1687 3557 1850 3600 rum.
1893 3537 2066 3612 Quod
2114 3538 2167 3598 si
2208 3539 2327 3600 hoc
2367 3540 2707 3600 secundum
2750 3558 2877 3602 non
2916 3541 3249 3621 colligitur,

1689 3637 1759 3692 ut
1786 3639 2069 3694 auctores
2086 3631 2371 3692 secundm
2395 3631 2703 3711 opinionis
2722 3633 3085 3710 concedunt,
3116 3655 3253 3715 pro-

1686 3724 1844 3785 fecto
1863 3725 1999 3786 sine
2024 3723 2433 3787 fundamento
2462 3723 2629 3787 illam
2660 3727 3083 3787 necessitatem
3130 3729 3251 3789 col·

1683 3816 1890 3896 ligunt
1909 3822 2191 3897 respectu
2219 3815 2433 3897 gloriae
2463 3835 2539 3878 ex
2582 3817 2720 3877 aliis
2748 3817 2914 3893 lociS,
2952 3822 3059 3898 qui
3085 3839 3253 3882 eam·

1683 3911 1826 3971 dem
1859 3912 2181 3990 patiuntur
2230 3911 2800 3994 interpretationem
2820 3957 2841 3986 ,
2891 3929 3005 3973 nec
3052 3920 3250 3992 potest

1682 4005 1844 4065 ratio
1889 4003 2256 4066 differentiae
2303 4005 2627 4081 assignari.
2688 4003 3055 4082 Praesertim,
3104 4003 3264 4086 quia'

1683 4098 2000 4177 Scriptura
2038 4115 2181 4158 raro
2231 4096 2504 4175 loquitur
2546 4097 2891 4176 specialiter
2928 4097 3005 4159 de
3048 4100 3247 4178 gloria

1683 4191 1750 4250 in
1777 4191 1955 4250 dictis
1992 4191 2381 4264 testimoniis,
2420 4189 2527 4250 sed
2566 4190 2643 4252 de
2686 4190 2922 4267 salute3
2962 4197 3032 4252 ut
3066 4207 3083 4251 t
3131 4193 3251 4267 Qui

1683 4283 1995 4346 crediderit
2036 4283 2421 4354 salvabitur;
2446 4281 2547 4342 vel
2586 4281 2662 4342 de
2708 4285 2831 4342 vita
2886 4291 3137 4358 aeterna,
3182 4293 3249 4346 ut

1681 4376 1862 4437 Joan.
1907 4379 2017 4453 {73
2064 4375 2179 4436 sub
2230 4381 2489 4452 utraque
2528 4381 2741 4434 autem
2791 4392 2936 4435 voce
2973 4393 3249 4454 compre-

1683 4469 1870 4529 hendi
1907 4469 2064 4530 solet
2093 4468 2316 4546 gratia,
2358 4471 2428 4526 ut
2462 4467 2679 4528 Matth.
2733 4469 2764 4526 1
2798 4487 2811 4526 :
2845 4467 3103 4531 Salvum.
3149 4475 3247 4548 fa·-

1683 4564 1795 4626 cict
1831 4562 2118 4641 populum
2162 4577 2339 4623 suum
2373 4577 2412 4621 a
2447 4560 2708 4641 peccatis
2760 4579 2993 4622 eorum:
3052 4566 3113 4622 et
3162 4563 3242 4622 ad

1682 4656 1901 4734 Ephes.
1936 4658 1964 4715 1
2004 4671 2022 4715 t
2058 4654 2253 4734 Cujus
2287 4653 2495 4734 qratia
2532 4651 2764 4715 salvati
2808 4654 2981 4730 estis,
3014 4673 3129 4734 per
3166 4659 3247 4732 [ἳ-

1682 4750 1810 4811 dem
1825 4773 1852 4817 ,·
1877 4755 1940 4810 et
1964 4763 2173 4808 tamen
2200 4747 2481 4806 nondum
2500 4753 2677 4806 erant
2697 4743 3048 4824 glorificati,
3081 4749 3245 4827 quod

1681 4847 1856 4902 notat
1881 4840 2373 4919 ClirysostomuS,
2404 4837 2622 4899 homil.
2651 4839 2729 4899 de
2756 4838 2903 4900 Fide
2929 4845 2993 4900 et
3012 4841 3245 4920 Spiritu

1682 4934 1929 4995 Sancto.
1961 4935 2038 4994 Et
2060 4931 2348 4994 similiter
2386 4932 2515 4991 vita
2552 4937 2785 4992 aeterna
2826 4932 2949 4993 dici
2976 4934 3127 4995 solet
3168 4934 3245 4995 de

1682 5027 1814 5106 ipsa
1837 5027 2061 5105 gratia,
2112 5026 2257 5106 quia
2297 5029 2389 5085 est
2427 5023 2557 5084 vita
2594 5037 2826 5085 aeterna
2873 5025 2943 5085 in
2982 5026 3244 5102 semine,

1683 5120 1991 5200 quomodo
2040 5125 2239 5199 potest
2289 5116 2559 5195 intelligi
2604 5115 2759 5178 illud
2814 5118 2893 5178 ad
2946 5118 3124 5180 Rom.
3152 5121 3191 5179 6
3224 5135 3240 5180 ε

1687 5213 1910 5276 Gratia
1929 5213 2047 5274 Dei
2068 5213 2199 5275 vita
2220 5216 2449 5274 oecma
2464 5235 2493 5282 ,·
2520 5216 2584 5270 et
2608 5211 2697 5270 ita
2724 5211 3053 5288 exponitur
3070 5229 3109 5271 a
3131 5211 3251 5292 Cy-

1681 5303 1821 5366 rillo
1848 5310 1911 5366 et
1930 5304 2070 5366 aliis
2096 5305 2203 5366 ille
2224 5303 2393 5363 locus
2425 5302 2607 5363 Joan.
2651 5305 2726 5362 17
2763 5320 2779 5361 ε
2810 5302 2969 5364 Hoec
3002 5307 3095 5364 est
3119 5305 3247 5368 vita

1683 5401 1932 5470 oetcrna,
1962 5401 2035 5459 ut
2056 5399 2415 5479 coquoscant
2442 5401 2521 5469 te,
2554 5399 2671 5455 etc.
2717 5394 2984 5470 Legatur
3008 5395 3251 5474 Augus-

1684 5490 1876 5566 tinus,
1903 5487 1995 5549 lib
2034 5491 2075 5549 4
2112 5489 2191 5549 de
2228 5488 2564 5566 Baptismo,
2612 5503 2749 5564 cap.
2798 5488 2900 5546 21.
2950 5487 3113 5564 Ergo
3149 5489 3249 5550 vel

1687 5582 1835 5642 talia
1858 5581 1991 5643 loca
2014 5580 2278 5661 probant
2302 5579 2728 5640 necessitatem
2756 5577 2959 5658 quoad
2984 5579 3249 5641 salutem
