3900 6217
735 803 1118 953 PARS
1195 808 1670 955 PRIOR
1759 808 2845 959 SPECULATIVA.
2892 812 3097 958 DE
3184 812 3585 959 FIDE.

793 1552 1250 1617 DISPUTATIO
1285 1554 1312 1615 Ι
1353 1553 1874 1617 PROOEMIALIS.

555 1744 633 1789 DE
677 1743 925 1791 oBJEcTO
973 1742 1149 1791 mnus
1209 1742 1515 1789 DOCTRINAE
1571 1744 1648 1790 ΒΤ
1687 1740 1883 1791 vauls
1934 1740 2119 1789 Acun-

1078 1837 1378 1883 PTIONIBUS
1407 1836 1588 1883 FIDEI.

639 2022 734 2085 Ad
759 2022 1266 2103 perspicuitatem
1309 2027 1371 2084 et
1400 2020 1872 2099 intelligentiam
1911 2020 2120 2101 cujus-

555 2134 824 2195 cumque
855 2116 1180 2191 doctrinae,
1222 2116 1347 2177 duo
1377 2121 1522 2177 sunt
1565 2114 1868 2195 imprimis
1900 2134 2121 2177 neces-

555 2210 742 2271 saria.
767 2210 976 2273 Unum
997 2217 1112 2283 est,
1135 2226 1648 2289 praecognoscere
1671 2207 1988 2288 objectum
2012 2228 2121 2269 cu-

546 2305 656 2383 jus
677 2302 949 2383 cognitio
979 2303 1342 2376 intenditur,
1374 2319 1521 2363 nam
1545 2306 1640 2361 est
1664 2300 1855 2361 veluti
1885 2300 2028 2362 finis
2058 2308 2120 2363 et

555 2415 781 2476 scopus
810 2397 998 2457 totius
1027 2396 1342 2457 doctrinae.
1378 2394 1562 2457 Aliud
1606 2401 1699 2455 est
1735 2394 2119 2474 distinguere

553 2508 760 2563 voces,
811 2497 873 2551 et
921 2490 1166 2551 auferre
1213 2489 1684 2569 ambiguitatem
1737 2506 1976 2561 earum,
2035 2506 2117 2550 ne

553 2588 807 2663 propter
862 2600 1080 2644 earum
1133 2582 1687 2661 aequivocationem
1735 2580 1999 2643 obscura
2056 2586 2121 2642 et

555 2676 840 2737 inefficax
859 2676 938 2737 sit
956 2675 1310 2755 disputatio.
1335 2674 1482 2736 Haec
1504 2673 1693 2753 igitur
1718 2674 1842 2735 duo
1870 2674 1935 2734 in
1966 2692 2119 2753 prse-

555 2768 714 2831 senti
743 2768 1159 2847 disputatione
1189 2767 1539 2847 praestanda
1569 2773 1743 2840 sunt;
1789 2767 2119 2848 proposui-

553 2882 695 2926 mus
719 2864 886 2925 enim
915 2868 1179 2925 tractare
1219 2865 1297 2925 de
1329 2864 1510 2937 Fide;
1544 2882 1663 2924 vox
1689 2870 1901 2925 autem
1939 2866 2116 2941 fides,

555 2977 634 3019 ex
661 2959 978 3019 communi
1006 2958 1287 3020 omnium
1317 2959 1646 3032 sententia,
1687 2958 1874 3019 variis
1915 2958 2120 3021 modis

555 3052 748 3131 accipi
799 3052 980 3127 solet,
1031 3058 1094 3115 et
1137 3052 1284 3113 ideo
1334 3052 1758 3115 necessarium
1803 3056 1898 3113 est
1945 3050 2118 3131 prius

555 3145 692 3223 ejus
720 3144 1069 3223 significata
1093 3145 1496 3224 distinguere,
1529 3149 1590 3207 et
1617 3163 1694 3207 ex
1721 3142 1838 3205 illis
1869 3142 2116 3205 conclu-

553 3238 726 3312 dere,
775 3245 838 3301 et
879 3239 1058 3317 quasi
1097 3256 1390 3317 separare
1431 3239 1752 3319 proprium
1800 3237 2117 3318 objectum

555 3331 718 3395 circa
741 3331 912 3413 quod
939 3348 1214 3411 praesens
1242 3332 1523 3394 doctrina
1563 3338 1869 3395 versatur.

1187 3533 1403 3588 85:ch
1438 3537 1476 3587 Ι.

641 3708 864 3783 Quibus
909 3706 1102 3771 modis
1143 3704 1394 3789 proprie
1451 3711 1510 3769 et
1561 3702 1846 3771 catholice
1890 3706 2043 3785 fides

1154 3799 1514 3881 accipiatur.

637 3992 696 4049 1.
741 3986 888 4051 Non
934 3985 1292 4049 conveniunt
1331 3990 1604 4049 auctores
1635 3983 1702 4047 ia
1746 3985 2120 4051 recensendis

555 4082 702 4159 fidei
746 4080 1144 4165 eiqnificatie.
1174 4110 1256 4125 --
1301 4077 1635 4153 Quamvis,
1683 4086 1753 4141 ut
1797 4080 1945 4153 dixi,
1997 4098 2121 4141 vox

549 4176 698 4253 fides
723 4174 804 4235 sit
829 4172 1153 4251 multiplex
1181 4177 1244 4233 et
1269 4170 1587 4252 ambigua,
1619 4172 2024 4235 nihilominus
2054 4173 2120 4235 in

556 4267 1000 4331 enumerandis
1031 4267 1168 4346 ejus
1195 4265 1557 4347 significatis
1585 4273 1895 4341 auctoreS,
1930 4268 2119 4329 etiam

557 4362 874 4435 Catholici,
893 4380 1024 4423 non
1049 4361 1457 4443 conveniunt3
1481 4360 1654 4423 Alex.
1686 4361 1852 4422 enim
1873 4362 2114 4437 Alens„

555 4456 622 4517 in
651 4456 690 4517 3
717 4461 903 4535 part„
935 4473 998 4534 q.
1029 4454 1133 4527 64,
1166 4454 1398 4515 memb.
1433 4457 1490 4527 1,
1516 4454 1812 4515 undecim
1839 4454 1988 4517 fidei
2019 4474 2119 4518 ac-

557 4550 878 4628 ceptiones
907 4553 1252 4611 enumerat.
1285 4548 1724 4614 Bonaventura
1751 4566 1924 4623 vem,
1958 4550 2020 4609 in
2054 4552 2113 4625 3,

557 4643 698 4705 dist.
731 4644 834 4715 23,
870 4641 1022 4703 dub.
1051 4641 1114 4713 2,
1147 4640 1310 4701 circa
1333 4642 1630 4715 litteram,
1671 4641 1846 4721 ponit
1873 4647 2117 4704 tantum

557 4738 776 4799 decem
800 4782 820 4811 ‚
877 4752 1024 4797 nam
1065 4738 1348 4814 quintam
1395 4740 1456 4797 et
1497 4732 1779 4797 ultimam
1813 4736 1895 4797 ad
1923 4755 2119 4797 unam

557 4836 844 4903 revocat3
881 4835 944 4893 et
965 4829 1135 4891 idem
1165 4828 1349 4891 sentit
1374 4829 1456 4890 ibi
1481 4828 1753 4903 Gabriel,
1784 4848 1846 4909 q.
1879 4832 1940 4904 2,
1972 4848 2120 4892 nam

557 4924 702 4985 licet
741 4924 912 5003 prius
949 4922 1311 5001 simpliciter
1336 4923 1564 4985 referat
1588 4929 1648 4985 et
1691 4924 1871 5003 sequi
1908 4924 2121 4985 videa-

557 5024 660 5079 tur
713 5016 1007 5079 Alensem
1031 5061 1048 5089 ‚
1107 5020 1324 5096 postea
1366 5016 1432 5077 in
1480 5016 1950 5079 enumeratione
2003 5018 2117 5079 Bo-

557 5115 970 5212 naventurffim
995 5110 1301 5183 imitatum
1335 5116 1399 5171 at
1426 5128 1577 5172 vero
1605 5112 1799 5191 vega,
1833 5116 2049 5191 quaest.
2084 5115 2115 5172 1

558 5204 638 5267 de
671 5204 904 5279 Justif„
937 5204 998 5263 in
1025 5204 1352 5283 principio,
1383 5223 1610 5267 novem
1636 5204 2123 5287 significationes

555 5299 751 5378 ponit,
807 5296 1098 5359 addendo
1155 5298 1490 5359 nonnullas
1548 5300 2004 5377 superioribus,
2060 5304 2123 5361 et

555 5391 800 5470 aliquas
824 5408 901 5451 ex
926 5390 1048 5452 illis
1077 5390 1450 5464 omittend03
1485 5398 1546 5454 et
1576 5392 1800 5454 eodem
1828 5392 1959 5457 fere
1988 5410 2123 5457 mo-

555 5484 638 5547 do
667 5486 892 5553 castr..
921 5489 1138 5547 contra
1165 5484 1418 5561 haeres.,
1441 5486 1616 5548 verb.
1647 5484 1850 5561 Fides,
1880 5488 2125 5549 reducit

555 5580 686 5643 hoec
709 5577 1052 5661 significata
1077 5578 1158 5641 ad
1187 5585 1453 5661 septem.
1483 5581 1656 5644 Idem
1683 5580 1818 5643 fere
1841 5580 2114 5646 Rofl'ens.

2203 1560 2265 1617 et
2297 1554 2587 1617 Albertns
2625 1555 2922 1635 PyghiuS,
2963 1556 3102 1617 loco
3144 1557 3369 1635 citat03
3408 1558 3621 1620 Scotus
3652 1578 3750 1619 ve·

2199 1666 2295 1721 rc,
2336 1647 2445 1708 lib.
2494 1648 2535 1709 2
2582 1648 2660 1709 de
2710 1648 2924 1710 Natur.
2972 1656 3033 1711 et
3066 1655 3254 1727 grat„
3304 1668 3439 1729 cap.
3486 1650 3549 1721 6,
3598 1651 3748 1713 hanc

2198 1741 2781 1820 multiplicationem
2809 1743 3159 1822 impugnat,
3184 1748 3246 1805 et
3268 1742 3397 1803 duo
3420 1746 3655 1803 tantum
3679 1742 3747 1803 si-

2196 1822 2492 1913 gnificata
2511 1834 2653 1895 fidei
2673 1835 2958 1911 admittit,
2977 1836 3231 1909 scilicet,
3250 1842 3557 1915 quatenus
3576 1836 3749 1915 signi-

2196 1926 2341 1987 ficat
2374 1927 2475 1987 vel
2514 1926 2903 2002 fidelitatem,
2946 1929 3048 1990 vel
3093 1944 3425 1989 assensum
3450 1928 3517 1987 in
3558 1928 3746 2005 aliquo

2200 2020 2553 2081 testimonio
2590 2021 2942 2097 fundatum,
2976 2028 3039 2083 et
3066 2022 3233 2083 idem
3260 2020 3395 2083 fere
3426 2021 3743 2082 habetMe-

2201 2114 2371 2189 dina,
2416 2112 2522 2174 lib.
2572 2118 2603 2175 1
2656 2114 2734 2175 de
2772 2116 2962 2176 Recta
3004 2116 3071 2175 in
3110 2116 3309 2176 Deum
3338 2114 3485 2185 fide,
3526 2132 3657 2193 cap.
3690 2118 3739 2174 1.

2200 2206 2325 2269 Sed
2378 2208 2662 2286 quamvis
2712 2209 2974 2269 fortasse
3044 2210 3179 2269 haec
3230 2208 3358 2269 duo
3419 2207 3745 2287 significata

2200 2300 2515 2381 praecipua
2556 2302 2698 2376 sint,
2744 2301 3151 2362 nihilominus
3192 2318 3427 2381 negare
3456 2319 3581 2361 nou
3618 2318 3748 2379 pos-

2200 2412 2417 2455 sumus
2460 2399 2783 2456 extensam
2830 2414 2967 2457 esse
3016 2396 3179 2456 hanc
3232 2412 3455 2456 vocem
3516 2393 3594 2453 ad
3638 2392 3745 2453 alia

2198 2486 2855 2565 multasignificanda‚
2902 2489 3074 2569 quod
3122 2489 3401 2549 breviter
3446 2486 3747 2549 declarare

2198 2582 2623 2641 necessarium
2668 2588 2782 2651 est,
2814 2583 2961 2662 quia
2996 2582 3078 2643 ad
3106 2578 3569 2661 impugnandos
3594 2592 3747 2639 erro-

2198 2689 2301 2732 res
2344 2672 2459 2733 erit
2484 2672 2665 2735 valde
2700 2674 2849 2735 utile
2874 2682 2934 2737 et
2971 2681 3427 2755 opportunum.

2278 2766 2337 2825 2.
2390 2766 2615 2831 Prima
2654 2768 2909 2833 assertio
2960 2768 3278 2849 bipartita,
3322 2768 3479 2849 quod
3498 2764 3647 2843 fides
3678 2764 3752 2825 ad

2200 2860 2568 2924 volantatem
2590 2864 2649 2924 et
2674 2864 2755 2926 ad
2774 2862 3147 2927 intellectum
3174 2867 3461 2942 rem-tur.
3480 2882 3559 2907 ⁶-
3575 2859 3755 2921 Prior

2192 2970 2347 3033 parc
2374 2960 2560 3017 certa.
2591 2986 2673 3001 --
2707 2956 2796 3017 De
2820 2955 3162 3035 posteriori
3180 2956 3464 3019 dubitant
3502 2952 3751 3015 Bada-ue

2198 3051 2257 3107 et
2300 3046 2497 3112 Valla.
2516 3078 2597 3093 —
2616 3046 2927 3111 Suadetur
2954 3052 3153 3112 tamen
3169 3051 3375 3129 primo
3402 3066 3476 3111 etc
3499 3064 3613 3109 usu
3636 3044 3749 3106 La-

2197 3138 2485 3203 tinorum.
2519 3172 2597 3187 -
2626 3141 2902 3205 Secundo
2946 3160 3018 3205 ea
3063 3142 3481 3225 Philosophia.
3512 3170 3591 3187 -
3616 3138 3747 3203 Ter-

2198 3234 2283 3295 tio
2306 3251 2381 3296 etc
2402 3234 2717 3297 Patribus.
2769 3266 2851 3281 -
2902 3234 3131 3309 Quarto
3174 3254 3248 3299 ecc
3301 3235 3649 3315 Scriptura.
3674 3262 3747 3275 —

2203 3324 2421 3399 Quinto
2444 3346 2517 3391 ex
2540 3328 2792 3391 ratione.
2827 3360 2908 3375 -
2943 3330 3093 3389 Dico
3128 3347 3279 3409 ergo
3314 3328 3514 3408 primo
3542 3339 3744 3386 vocem

2190 3422 2363 3501 fides,
2394 3424 2460 3485 in
2484 3422 2653 3483 omni
2682 3424 3059 3503 proprietate
3088 3428 3426 3502 sumptam,
3452 3418 3747 3482 interdum

2204 3514 2557 3597 significare
2582 3516 3025 3596 perfectionem
3047 3516 3412 3591 voluntatis,
3435 3508 3750 3593 aliquando

2201 3626 2350 3671 vero
2381 3609 2749 3672 intellectu&
2778 3610 2867 3671 De
2894 3610 3085 3689 priori
3116 3614 3295 3690 parte
3334 3627 3541 3689 neque
3568 3607 3753 3667 haere-

2202 3702 2305 3763 tici
2352 3721 2558 3782 neque
2606 3702 2901 3764 Catholici
2950 3702 3259 3778 dubitant,
3314 3710 3377 3766 et
3414 3702 3555 3765 ideo
3598 3698 3752 3760 illam

2203 3798 2441 3878 omitt0,
2468 3798 2651 3860 latius
2693 3797 3081 3877 probandam
3122 3804 3182 3859 et
3220 3796 3653 3880 explicandam
3694 3790 3752 3850 in

2202 3892 2487 3971 sequenti
2517 3891 2892 3962 assertione3
2918 3890 2995 3952 de
3022 3892 3356 3971 posteriori
3387 3896 3597 3952 autem
3622 3902 3755 3964 par-

2199 3990 2261 4046 te
2311 3984 2597 4046 dubitant
2638 3984 2921 4045 nonnulli
2963 3986 3148 4047 etiam
3192 3985 3515 4055 Catholici,
3548 3980 3753 4042 saltem

2178 4084 2505 4159 ‚quantum
2567 4084 2806 4158 spectat
2862 4078 2944 4139 ad
2997 4078 3257 4141 latinam
3322 4076 3754 4160 proprietatem

2200 4173 2396 4244 vocis;
2426 4190 2572 4232 nam
2604 4168 2891 4246 Budaeus,
2921 4171 2987 4233 in
3015 4174 3311 4234 Annotat.
3338 4170 3421 4234 ad
3445 4168 3751 4235 Pandect.‚

2180 4267 2243 4328 .1.
2298 4270 2326 4328 1
2373 4266 2451 4329 de
2508 4268 2698 4331 Servo
2753 4274 3065 4347 corrupto,
3130 4284 3271 4329 cum
3329 4270 3512 4331 Laur.
3569 4259 3753 4329 Valla.

2199 4360 2306 4423 lib.
2342 4363 2379 4423 5
2424 4361 2737 4442 Elegant.,
2782 4378 2920 4440 cap.
2970 4362 3069 4433 30,
3116 4361 3432 4423 existimat
3470 4360 3629 4419 hanc
3658 4371 3758 4413 vo-

2199 4472 2337 4516 cem
2378 4456 2626 4535 proprie
2674 4474 2801 4515 non
2836 4454 3185 4534 significare
3230 4454 3583 4516 intellectus
3622 4462 3758 4527 per-

2199 4550 2574 4622 suasionem,
2608 4566 2720 4610 seu
2756 4566 3108 4625 assensum,
3144 4548 3255 4610 sed
3290 4568 3331 4609 a
3358 4544 3644 4609 fidelibus
3684 4537 3758 4600 ad

2196 4644 2316 4703 boc
2344 4642 2823 4721 significandum
2847 4658 2987 4703 esse
3016 4642 3577 4703 accommodatam.
3600 4632 3756 4697 Nihi-

2200 4734 2471 4796 lominus
2508 4739 2723 4797 tamen
2752 4754 2897 4815 pars
2926 4736 3242 4815 proposita
3270 4741 3446 4797 certa
3486 4736 3599 4803 est,
3639 4724 3755 4807 pri·

2201 4848 2304 4891 mo
2337 4848 2412 4890 ex
2439 4848 2558 4892 usu
2590 4830 2983 4903 Latinorum;
3016 4848 3168 4891 nam
3196 4829 3437 4902 Cicero,
3474 4828 3581 4887 lib.
3614 4825 3652 4885 2
3680 4820 3753 4881 de

2202 4924 2489 4999 Divinat.,
2522 4922 2672 4986 dixit
2696 4924 3062 4985 insanorum
3082 4922 3243 4984 vitiis
3266 4941 3397 4985 non
3426 4938 3563 4985 esse
3590 4914 3757 4979 adhi-

2200 5016 2475 5079 bendam
2515 5016 2728 5091 fidem,
2776 5017 2841 5078 id
2882 5023 2997 5094 est,
3044 5034 3395 5091 assensum,
3436 5009 3758 5077 credulita-

2204 5116 2362 5184 tem;
2392 5110 2558 5173 unde
2586 5107 2900 5192 virgilius,
2928 5111 2993 5172 in
3024 5114 3065 5173 4
3090 5111 3339 5173 AEneid.
3376 5130 3391 5172 ε

2202 5248 2371 5301 Credo
2390 5248 2606 5315 quidem
2639 5252 2759 5312 (nec
2796 5260 2935 5302 vana
2960 5246 3107 5311 tides)
3134 5260 3305 5314 genus
3333 5259 3455 5301 esse
3486 5248 3709 5298 Deorum
3744 5252 3754 5288 :

2206 5401 2267 5456 et
2294 5395 2526 5457 babere
2564 5394 2751 5457 fidem
2800 5394 3005 5468 alicui,
3052 5394 3222 5473 apud
3268 5394 3565 5473 probatos
3608 5386 3758 5452 Lati·

2203 5508 2341 5562 noa,
2371 5488 2538 5551 idem
2570 5490 2856 5569 estquod
2878 5488 3163 5551 assentiri
3190 5487 3371 5550 dictis
3400 5487 3560 5565 eiua,
3596 5488 3663 5544 ut
3686 5500 3760 5542 ex

2200 5582 2488 5645 Terentio
2518 5588 2579 5645 ct
2606 5582 2741 5645 aliis
2755 5582 2969 5647 videre
2988 5580 3134 5644 licet
3154 5581 3220 5643 in
3247 5580 3521 5660 Calepin.
3538 5624 3552 5652 ,
3583 5574 3754 5637 verb.
