3900 6217
1185 341 1352 396 SECT.
1389 343 1449 396 11.
1488 345 1567 396 DE
1603 343 2053 398 INFIDELITATIS
2086 343 2460 399 Gnavl'rA‘rE.

219 444 306 507 tui
335 446 588 524 gravius
627 446 974 525 puniuntur
1023 459 1212 523 quam
1266 442 1584 520 infideles;
1631 462 1780 522 ergo

219 542 467 619 signum
509 546 600 600 est
638 545 888 619 peccata
918 537 1203 598 mortalia
1249 555 1422 617 posse
1463 556 1593 600 esse
1640 555 1780 618 gra-

218 635 387 694 viora
437 633 820 694 infidelitate.
889 630 1271 692 Antecedens
1333 631 1602 692 traditur
1674 649 1778 692 ex-

217 744 422 807 presse
459 726 540 786 ab
568 725 818 788 Urbano
842 727 1027 803 Papa,
1061 733 1124 785 et
1145 724 1410 786 habetur
1440 725 1508 784 in
1535 744 1587 785 c.
1627 723 1778 788 Soi-

219 839 368 894 mus,
401 822 504 896 12,
535 826 747 898 quaeat.
776 821 833 881 1.
865 819 1379 898 Consequentiam
1405 818 1626 898 probat
1653 819 1778 880 Au-

219 916 524 992 gustuum,
550 914 589 973 4
615 913 690 974 de
716 912 1054 992 Baptismo,
1075 930 1130 974 c.
1164 914 1280 988 203
1307 913 1435 972 imo
1457 912 1522 972 in
1549 929 1684 992 cap.
1713 913 1773 987 5,

228 1008 415 1069 sentit
441 1008 768 1068 avaritiam
815 1025 891 1067 ex
917 1015 1086 1067 certa
1111 1006 1370 1067 scientia
1408 1006 1476 1067 in
1525 1006 1779 1068 homine

219 1100 383 1162 fideli
430 1119 562 1162 esse
609 1101 858 1179 gravius
897 1106 1217 1178 peccatum
1261 1098 1626 1160 infidelitate
1665 1098 1780 1159 sal-

219 1201 341 1255 iem
369 1213 451 1255 ex
479 1194 856 1271 ignorantia.
881 1193 1121 1254 Similia
1139 1199 1472 1254 sumuntur
1491 1211 1568 1254 ex
1589 1192 1783 1272 Chry-

214 1296 505 1365 sest0m0,
523 1288 693 1349 hom.
722 1290 825 1363 30,
849 1295 912 1349 et
932 1288 1220 1349 similiter
1241 1288 1306 1347 in
1329 1287 1392 1347 id
1417 1287 1635 1348 Matth.
1663 1288 1776 1348 18:

221 1381 324 1446 Sit
357 1384 474 1444 tibi
511 1389 805 1464 tanquam
848 1381 1122 1444 ethnicus
1167 1384 1226 1444 et
1277 1381 1629 1461 publicanus
1645 1398 1673 1453 ;
1720 1384 1782 1440 et

215 1476 280 1536 D.
311 1475 580 1550 Thema,
613 1479 640 1536 1
686 1475 764 1536 ad
793 1474 1063 1535 Timoth.
1097 1477 1158 1550 5,
1184 1473 1448 1535 lectione
1476 1477 1533 1535 1.

283 1568 347 1628 6:
407 1569 772 1648 :tripliciter
820 1574 1212 1648 comptmztm·
1259 1569 1594 1647 infidelitas
1647 1587 1784 1632 σωκ

213 1662 352 1725 aliis
373 1663 646 1743 peccabis
672 1661 1000 1725 virtutibus
1029 1661 1361 1725 moralibus
1389 1662 1680 1742 oppositis
1714 1662 1782 1725 in

210 1754 810 1838 musitata—Quid
831 1757 900 1819 de
927 1757 1122 1818 simili
1148 1757 1592 1838 comparatione
1620 1757 1782 1820 inter

210 1850 552 1912 individua.
568 1851 844 1910 -Girca
867 1849 1136 1930 primam
1160 1854 1428 1929 partem,
1455 1849 1782 1912 adverten-

210 1943 356 2002 dum
377 1947 476 2002 est
497 1942 858 2020 hujusmodi
879 1943 1408 2022 comparationem
1430 1942 1629 2003 tribus
1649 1961 1782 2004 mo·

210 2035 301 2096 dis
329 2053 514 2115 posse
539 2035 828 2113 intelligi,
855 2035 1111 2111 scilicet,
1147 2033 1247 2096 vel
1284 2054 1360 2096 ex
1396 2053 1647 2114 genere,
1680 2035 1778 2097 vel

211 2129 272 2189 in
299 2129 480 2189 omni
507 2128 732 2207 specie,
761 2127 864 2188 vel
901 2128 1088 2190 etiam
1119 2130 1188 2189 in
1217 2129 1392 2189 omni
1430 2128 1773 2190 individue.

211 2223 296 2282 Ex
333 2239 568 2299 genere
601 2227 853 2282 vocatur
881 2228 1201 2301 peccatum
1230 2223 1498 2301 gravius»,
1527 2223 1780 2302 quando

212 2315 486 2375 maxima
519 2314 752 2394 species
783 2314 952 2374 illius
980 2315 1226 2392 generis
1259 2319 1510 2394 superat
1545 2315 1782 2393 gravis-

209 2409 434 2468 simam
473 2408 752 2482 alteriuS,
787 2408 1030 2468 etiamsi
1061 2426 1190 2468 non
1239 2408 1501 2486 singulae
1545 2409 1780 2487 species

211 2502 398 2562 unius
423 2501 672 2580 generis
709 2509 1080 2581 comparatae
1115 2502 1193 2562 ad
1223 2502 1500 2581 singulas
1526 2502 1780 2564 alterius

209 2597 331 2654 sint
357 2595 486 2656 illia
512 2596 848 2674 graviores.
882 2597 952 2656 ln
986 2596 1188 2674 specie
1215 2613 1359 2656 vero
1387 2595 1611 2656 dicitur
1637 2613 1780 2676 pec-

213 2695 424 2749 catum
471 2707 604 2749 oese
644 2689 920 2768 gravius,
953 2689 1202 2767 quando
1245 2695 1668 2766 comparatum
1701 2690 1780 2750 ad

213 2780 403 2842 aliam
438 2783 734 2861 speciem,
771 2781 940 2842 illam
972 2781 1236 2856 excedit,
1267 2787 1332 2843 et
1372 2781 1536 2841 idem
1581 2790 1671 2842 est
1703 2783 1780 2844 de

214 2893 464 2936 excessu
497 2876 564 2936 in
607 2877 926 2937 individuo
959 2895 1100 2936 cum
1137 2877 1529 2955 proprietate.
1572 2877 1784 2955 Aliqui

213 2985 360 3047 ergo
391 2970 460 3028 in
485 2987 560 3029 eo
587 2971 793 3048 rigore
823 2969 1184 3047 intelligunt
1203 2969 1355 3030 illud
1385 2970 1778 3050 principium,

213 3061 376 3139 quod
418 3070 762 3142 peccatum,
806 3063 1097 3124 nobiliori
1135 3063 1347 3123 virtuti
1375 3065 1780 3137 contrarium,

213 3156 290 3214 sit
327 3157 558 3234 majus,
589 3161 659 3215 ut
686 3173 902 3217 verum
937 3157 1016 3216 sit
1045 3173 1170 3216 non
1198 3155 1396 3216 solum
1425 3173 1498 3216 ex
1530 3173 1780 3234 genere,

215 3248 314 3309 sed
343 3249 539 3310 etiam
565 3250 633 3310 in
657 3251 830 3310 omni
859 3249 1092 3328 specie,
1116 3252 1244 3309 imo
1274 3248 1427 3309 etin
1457 3248 1630 3310 omni
1660 3251 1784 3310 sin-

219 3341 420 3418 gulari
469 3341 796 3404 individuo
841 3349 1091 3422 peceato
1139 3343 1452 3404 contrario
1493 3341 1783 3404 nobiliori

217 3436 462 3514 virtuti;
499 3436 662 3514 qnod
705 3437 779 3497 de
807 3435 1150 3496 individuis
1191 3437 1378 3496 sentit
1428 3436 1778 3513 DuranduS,

219 3530 282 3588 in
317 3531 382 3598 4,
405 3529 555 3590 dist.
581 3532 687 3602 22,
714 3547 776 3610 q.
807 3534 868 3606 1,
897 3549 1075 3591 num.
1107 3531 1179 3604 83
1212 3536 1274 3591 et
1312 3536 1440 3590 tam
1469 3530 1546 3591 de
1579 3531 1780 3610 speeie

223 3640 404 3701 quam
446 3623 524 3684 de
566 3623 914 3699 individuo,
949 3624 1226 3702 Vasquez
1258 3627 1316 3684 1.
1345 3627 1407 3696 2,
1432 3643 1494 3702 q.
1528 3626 1628 3699 73,
1655 3630 1772 3686 art.

224 3718 256 3776 3
283 3722 343 3775 et
369 3717 431 3776 4.
461 3716 786 3776 Contraria
811 3734 962 3777 vero
985 3717 1291 3777 sententia
1317 3723 1408 3776 est
1434 3717 1780 3778 communis

224 3809 696 3886 Theologorum,
723 3826 911 3888 quam
933 3825 1050 3887 ego
1078 3807 1502 3868 indubitanter
1521 3827 1776 3888 sequor3

228 3921 362 3962 nam
385 3905 592 3983 quoad
618 3904 852 3984 species
874 3903 1121 3966 videtur
1143 3902 1516 3964 sufficienter
1532 3903 1794 3982 probari«

228 4013 417 4073 prima
447 3997 793 4076 objectione
823 3997 988 4059 facta
997 4014 1014 4074 3
1045 4003 1107 4058 et
1133 3997 1198 4056 in
1227 3994 1614 4056 naturalibus
1647 4013 1782 4076 spe·

228 4088 425 4149 ciebas
443 4091 734 4152 existimo
757 4091 875 4152 sub
895 4090 1180 4151 nobiliori
1206 4106 1432 4168 genere
1457 4107 1627 4169 posse
1651 4106 1780 4149 esse

231 4183 480 4260 speciem
504 4184 782 4262 aliquam
806 4185 1012 4244 minus
1035 4182 1330 4257 nobilem,
1353 4199 1542 4260 quam
1563 4181 1642 4242 sit
1663 4181 1780 4242 sub

229 4292 440 4350 genere
479 4278 690 4337 minus
719 4277 1022 4357 perfect03
1061 4283 1123 4338 et
1151 4277 1217 4337 in
1247 4275 1601 4348 virtutibuS,
1631 4293 1778 4336 cum

229 4385 344 4426 una
367 4371 566 4428 virtus
606 4371 798 4448 possit
821 4369 1051 4430 habere
1079 4375 1254 4430 actus
1287 4366 1489 4447 specie
1530 4367 1781 4427 distinc-

232 4467 336 4534 tos,
365 4468 434 4521 ut
457 4479 630 4522 nunc
659 4479 964 4542 suppone,
991 4461 1126 4522 fieri
1154 4467 1354 4541 potest
1381 4466 1450 4519 ut
1473 4459 1782 4540 perfectis-

231 4555 408 4615 simus
451 4562 628 4616 aetus
660 4555 972 4616 inferioris
1011 4555 1254 4615 virtutis
1283 4553 1537 4614 excedat
1569 4560 1781 4614 actum

231 4649 503 4710 infimum
534 4651 788 4710 virtutis
831 4649 1172 4711 nobilioris
1215 4646 1412 4724 Unde,
1455 4665 1595 4708 cum
1643 4664 1782 4726 pec-

230 4750 423 4803 catum
451 4744 803 4822 oppositum
832 4744 1048 4803 virtuti
1087 4759 1213 4802 non
1240 4759 1483 4819 semper
1511 4757 1783 4819 oppona-

228 4842 326 4895 tur
349 4838 458 4897 toti
487 4836 734 4908 virtuti,
757 4836 862 4897 sed
891 4836 1078 4897 alicui
1107 4834 1274 4896 actui
1301 4834 1453 4913 ejus,
1477 4832 1622 4894 inde
1644 4833 1784 4894 fieri

227 4934 414 5006 potest
435 4937 502 4989 ut
525 4933 846 5009 peceatum
869 4934 1086 4990 eontra
1105 4928 1462 4988 inferiorem
1485 4926 1779 4986 virtutem

223 5023 298 5083 sit
333 5027 529 5104 majus
570 5027 637 5084 in
676 5022 898 5104 specie,
945 5039 1136 5102 quam
1181 5020 1350 5082 aliud
1400 5021 1776 5081 contrarium

221 5119 514 5197 superiori
563 5119 815 5190 virtuti3
849 5124 910 5180 et
957 5119 1046 5178 ita
1089 5115 1273 5178 credo
1316 5113 1603 5176 haeresim
1643 5131 1776 5176 esse

220 5212 409 5290 majus
433 5219 752 5292 peccatum
779 5229 968 5292 quam
996 5209 1210 5272 odium
1237 5208 1530 5288 proximi,
1557 5208 1774 5268 etiam-

220 5305 265 5364 si
301 5311 646 5386 opponatur
683 5306 994 5367 charitati.
1047 5303 1136 5366 De
1177 5303 1501 5364 individuo
1537 5308 1768 5380 autem,

219 5397 354 5460 licet
389 5418 606 5462 verum
641 5400 744 5474 sit,
785 5399 1160 5480 speculative
1200 5405 1262 5459 et
1305 5396 1482 5476 quasi
1525 5397 1774 5476 physice

222 5490 542 5573 loquendo,
587 5511 775 5556 omne
819 5499 1140 5574 peecatum
1185 5490 1488 5574 gravioris
1523 5490 1772 5573 speciei,

3310 343 3422 402 411

1860 446 2051 507 etiam
2090 446 2157 506 in
2186 443 2510 505 individuo
2548 459 2679 505 esse
2718 443 3128 506 essentialiter
3153 448 3427 525 graviuS,

1861 541 2271 601 nihilominus
2298 537 2614 599 moraliter
2640 538 2974 617 loquendo,
3008 545 3069 600 et
3106 540 3173 601 in
3212 543 3430 604 ordine

1858 635 1936 697 ad
1986 634 2393 696 offensionem
2426 633 2557 706 Dei,
2600 632 2959 712 simpliciter
3004 635 3255 714 gravius
3299 655 3430 698 esse

1857 733 2056 809 potest
2106 728 2175 789 in
2218 726 2567 802 individuo,
2614 727 2857 788 etiamsi
2909 728 2989 787 sit
3032 729 3100 788 in
3148 729 3429 792 inferiori

1857 821 2061 901 specie
2075 844 2092 896 3
2121 821 2297 900 cujus
2322 820 2570 898 signnm
2594 827 2709 896 est,
2735 821 2879 899 quia
2903 822 3155 900 gravius
3173 823 3431 900 punitur

1859 913 1925 974 in
1972 914 2240 990 inferne,
2286 918 2349 975 et
2392 920 2839 993 consequenter
2887 915 2954 975 in
2998 914 3233 994 judicio
3272 915 3431 976 divi-

1858 1026 1965 1082 n0,
1996 1009 2065 1068 in
2091 1025 2213 1086 quo
2246 1011 2492 1068 tantum
2529 1007 2667 1086 quis
2698 1007 2957 1086 punitur
2985 1013 3289 1086 quantum
3324 1007 3429 1069 de-

1859 1101 2063 1182 liquit.
2092 1103 2245 1162 Item
2274 1106 2367 1162 est
2390 1101 2697 1180 optimum
2723 1101 2997 1178 signum,
3024 1103 3192 1180 quod
3221 1119 3433 1181 pecca-

1859 1203 1997 1256 tum
2038 1195 2340 1273 gravioris
2368 1194 2594 1275 speciei
2622 1195 2689 1256 in
2716 1195 3041 1256 individuo
3068 1202 3268 1275 potest
3302 1215 3431 1258 esse

1859 1288 2104 1350 veniale
2126 1333 2145 1362 ,
2195 1294 2259 1349 et
2302 1287 2369 1348 in
2422 1287 2650 1348 minori
2694 1289 2896 1367 specie
2944 1305 3074 1350 esse
3124 1289 3425 1366 mortale3

1863 1399 2037 1458 nam,
2065 1380 2209 1443 licet
2236 1380 2585 1443 differentia
2612 1381 2887 1443 mortalis
2916 1387 2979 1442 et
3005 1381 3263 1443 venialis
3290 1401 3429 1461 pec-

1864 1477 1985 1536 cati
2013 1480 2295 1536 sumatur
2325 1491 2400 1535 ex
2428 1474 2749 1536 aversione
2776 1492 2815 1534 a
2842 1474 2987 1548 Dee,
3020 1474 3429 1536 nihilominus

1863 1565 2158 1646 supponit
2196 1566 2615 1628 diversitatem
2652 1565 2721 1625 in
2752 1567 3056 1644 gravitate
3082 1567 3431 1627 conversio·

1863 1659 1985 1735 nis,
2012 1664 2195 1738 prout
2219 1659 2287 1720 in
2313 1659 2533 1738 reipsa
2552 1665 2614 1720 et
2641 1658 2963 1719 individuo
2992 1659 3422 1720 committitur.

1942 1755 2004 1813 ’7.
2048 1751 2159 1814 Fit
2190 1753 2348 1816 satis
2367 1753 2590 1833 primae
2616 1753 2931 1832 objectioni
2956 1753 3024 1814 in
3052 1771 3219 1816 num.
3253 1755 3311 1815 5.
3344 1785 3428 1802 -

1860 1845 1952 1906 Ad
1982 1845 2247 1925 primam
2282 1863 2431 1923 ergo
2454 1844 2889 1924 objectionem,
2921 1846 3261 1925 respondeo
3284 1865 3427 1927 pec-

1861 1945 2071 2000 catum
2108 1936 2491 1999 infidelitatis
2522 1939 2647 2000 dici
2675 1940 2923 2018 gravius
2966 1940 3427 2018 comparatione

1861 2033 2157 2093 vitiorum
2186 2032 2518 2093 moralium
2545 2049 2624 2094 ex
2652 2049 2878 2111 genere
2902 2049 3045 2109 su03
3070 2033 3232 2094 hanc
3255 2035 3424 2094 enim

1859 2124 2229 2205 particulam
2270 2143 2513 2204 semper
2554 2124 2797 2186 addidit
2839 2126 2911 2188 D.
2960 2127 3249 2202 Thomas,
3286 2133 3425 2206 quai

1858 2219 1926 2280 in
1960 2237 2141 2279 sensu
2170 2218 2463 2299 praedicto
2494 2218 2900 2298 intelligenda
2928 2227 3043 2296 est,
3073 2221 3231 2282 sicut
3256 2237 3425 2281 com-

1860 2312 2135 2374 muniter
2176 2313 2570 2392 intelligitur.
2604 2314 2780 2375 Unde
2808 2314 3041 2393 optime
3086 2315 3180 2390 fit,
3220 2315 3425 2375 maxi-

1863 2425 2035 2469 mum
2080 2415 2402 2487 peccatum
2448 2410 2517 2469 in
2557 2409 2755 2488 specie
2800 2408 3203 2484 infidelitatis,
3254 2409 3423 2488 quod

1859 2507 1952 2562 est
2001 2501 2335 2563 infidelitas
2381 2501 2831 2562 commissionis
2883 2503 2976 2580 (ut
3020 2519 3207 2582 supra
3250 2502 3424 2564 illam

1858 2593 2209 2674 explicavi),
2241 2602 2304 2657 et
2342 2595 2684 2675 praesertim
2723 2594 2991 2668 haeresis,
3034 2599 3107 2654 ut
3147 2595 3309 2655 infra
3335 2595 3425 2654 di-

1860 2705 2030 2762 cam,
2084 2687 2221 2763 hoc,
2281 2689 2540 2768 inquam
2557 2732 2578 2765 ,
2630 2695 2949 2768 peccatum
2996 2707 3126 2749 esse
3175 2688 3425 2766 gravius

1861 2780 2151 2842 omnibus
2194 2782 2508 2861 speciebus
2535 2782 2829 2843 vitiorum
2862 2782 3229 2857 moralium3
3262 2782 3425 2842 nihi-

1860 2875 2133 2935 lominus
2170 2881 2380 2936 tamen
2408 2883 2575 2936 recte
2603 2875 2738 2936 fieri
2766 2882 2965 2956 potest
2991 2881 3060 2935 ut
3091 2874 3423 2935 infidelitas

1866 2969 2073 3029 minus
2114 2969 2337 3048 gravis,
2371 2969 2604 3030 scilieet
2645 2968 3013 3047 ignorantiae
3046 2973 3109 3028 et
3148 2967 3425 3028 omissio-

1863 3063 1985 3144 nis,
2018 3061 2348 3123 excedatur
2376 3063 2454 3123 ab
2482 3051 2690 3140 aliquo
2717 3063 2867 3122 vitio
2898 3061 3138 3136 morali,
3176 3066 3423 3139 sumpto

1863 3155 2050 3216 etiam
2088 3155 2155 3216 in
2190 3155 2419 3234 speeie3
2460 3162 2523 3216 et
2549 3155 2833 3216 similiter
2856 3155 2987 3215 fieri
3017 3159 3218 3235 potest
3258 3158 3329 3213 ut
3356 3155 3423 3214 in

1863 3247 2187 3308 individuo
2229 3249 2475 3328 aliquod
2512 3249 2734 3309 vitium
2776 3247 3009 3308 morale
3052 3247 3131 3307 sit
3176 3247 3427 3326 gravius

1863 3341 2252 3418 infidelitate,
2276 3343 2463 3402 etiam
2493 3343 2559 3402 in
2588 3342 2785 3422 specie
2814 3341 3104 3420 graviori,
3132 3341 3305 3400 etita
3332 3357 3427 3400 sa-

1861 3433 2173 3496 tisfactum
2213 3442 2305 3496 est
2340 3436 2419 3497 ad
2446 3442 2673 3497 eaetera
2718 3433 3023 3515 exempla,
3050 3452 3189 3514 quoe
3219 3433 3285 3494 in
3318 3432 3426 3494 illa

1861 3527 2205 3606 objectione
2236 3529 2673 3590 afferebantur.

1943 3624 2006 3684 8.
2048 3621 2309 3698 Satisfit
2328 3625 2601 3686 seo-undae
2616 3622 2852 3686 ibidem.
2872 3623 3141 3684 -Circa
3164 3620 3428 3682 alteram

1860 3735 2007 3777 vero
2056 3717 2505 3794 objectionem,
2572 3715 3020 3778 advertendum
3076 3720 3169 3776 est
3221 3732 3298 3775 ex
3347 3716 3420 3776 D.

1860 3811 2121 3883 Thema,
2155 3809 2318 3871 dicta
2346 3815 2561 3890 quaest.
2598 3812 2695 3885 10,
2733 3814 2847 3871 art.
2892 3811 2951 3883 3,
2987 3809 3065 3870 ad
3096 3826 3428 3888 argumen-

1861 3909 1948 3978 ta,
1980 3911 2041 3964 et
2068 3904 2133 3964 in
2164 3904 2307 3964 lect.
2346 3908 2400 3978 1,
2430 3905 2499 3964 in
2532 3921 2665 3982 cap.
2703 3906 2763 3975 5,
2824 3906 2853 3963 1
2893 3903 3211 3964 Canonicae
3239 3903 3425 3964 Joan-

1860 3998 1979 4072 nia,
2009 3997 2173 4058 inter
2208 3995 2456 4059 fidelem
2486 4003 2550 4058 et
2578 3995 2892 4058 infidelem
2918 3995 3223 4075 triplicem
3251 4013 3427 4075 posse

1859 4090 1997 4152 fieri
2047 4093 2611 4172 comparationem:
2669 4108 2799 4151 una
2836 4095 2927 4150 est
2962 4090 3327 4168 simpliciter
3358 4091 3425 4150 in

1857 4191 2023 4247 statu
2042 4187 2381 4248 secundum
2412 4185 2690 4246 ordinem
2713 4184 2792 4245 ad
2808 4183 3069 4244 salntem
3096 4189 3432 4244 aeternam.-

1860 4278 2142 4342 Secunda
2164 4285 2255 4340 est
2282 4279 2347 4338 in
2373 4278 2760 4352 infidelitate,
2783 4281 3138 4355 comparata
3159 4276 3235 4337 ad
3264 4275 3422 4336 alias

1860 4373 2088 4452 speeies
2102 4379 2489 4451 peccatorum
2506 4376 2718 4431 contra
2738 4387 2958 4430 mores.
2976 4369 3184 4430 Tertia
3212 4375 3330 4444 est,
3359 4370 3421 4429 in

1859 4465 2076 4526 eadem
2092 4465 2289 4544 specie
2308 4463 2539 4544 peccati
2560 4463 2811 4524 moralis
2825 4462 2904 4523 ab
2918 4461 3155 4523 infideli
3176 4468 3239 4523 et
3253 4461 3427 4524 fideli

1862 4557 2193 4620 commissi.
2236 4557 2305 4618 ln
2330 4559 2533 4636 prima
2553 4555 3036 4636 comparatione,
3064 4555 3197 4616 sine
3230 4555 3423 4616 dubio

1861 4656 2008 4711 sunt
2046 4651 2380 4712 deteriores
2430 4651 2730 4726 infideles,
2762 4656 2899 4711 tum
2940 4649 3022 4710 ob
3061 4650 3441 4728 gravitatem-

1859 4745 2113 4824 peccati,
2144 4750 2278 4804 tum
2319 4744 2591 4805 maxime
2622 4749 2877 4824 propter
2915 4743 3204 4823 specialia
3238 4759 3429 4804 nocu-

1861 4843 2073 4898 menta
2090 4855 2229 4916 quae
2248 4854 2454 4898 secum
2482 4836 2689 4911 affert,
2716 4844 2779 4898 et
2800 4853 2989 4916 supra
3012 4843 3225 4898 notata
3254 4843 3423 4911 sunt,

1860 4929 2204 5009 praesertim
2234 4929 2381 5008 quia
2425 4929 2808 4990 infidelitatis
2835 4939 3028 4991 status
3060 4935 3224 4990 caret
3250 4927 3427 4990 omni

1858 5021 2163 5106 principio
2192 5023 2523 5084 intrinseco
2552 5024 2671 5104 pice
2694 5024 3096 5103 operationis,
3114 5028 3177 5083 et
3204 5022 3427 5082 consti·-

1854 5117 1979 5176 tuit
2010 5115 2325 5176 hominem
2367 5117 2431 5176 in
2471 5133 2716 5177 summo
2748 5116 3023 5195 periculo
3068 5121 3131 5176 et
3158 5115 3427 5176 damna-

1853 5210 2063 5285 tioniS,
2094 5214 2157 5271 et
2192 5202 2725 5289 quorumcumque
2772 5216 3189 5288 peccatorum.
3234 5210 3303 5269 In
3324 5225 3390 5269 se
3412 5241 3427 5254 ·

1854 5302 2059 5362 cunda
2077 5302 2535 5382 comparatione
2563 5302 2800 5364 excedit
2822 5302 3073 5382 quidem
3093 5302 3427 5363 infidelitas

1853 5413 1931 5458 ex
1961 5413 2187 5476 genere
2204 5413 2339 5471 suo,
2363 5402 2436 5456 ut
2452 5397 2581 5457 dixi
2594 5419 2613 5472 3
2644 5395 3048 5457 nihilominus
3067 5401 3282 5458 tamen
3319 5413 3426 5474 po·

1854 5495 1976 5552 test
2009 5507 2168 5574 saepe
2191 5489 2392 5552 fidelis
2420 5507 2549 5551 esse
2576 5490 2745 5574 pejor
2766 5488 3125 5574 simpliciter
3146 5495 3209 5551 et
3226 5491 3427 5573 majo-
