3900 6217
723 397 893 454 sEcT.
930 399 988 452 Χ.
1024 401 1106 452 ΑΝ
1145 394 1412 452 vulvam
1447 394 1798 450 REVELATIO
1831 392 2103 450 srssc'rm
2136 400 2219 452 An
2254 393 2583 464 multotum,
2618 395 2753 454 ETC.

183 507 456 572 trabonos
491 519 710 573 mores,
763 501 863 562 vel
908 506 1127 563 eontra
1175 500 1460 580 regulam
1496 499 1680 572 fidei3

183 611 302 663 tunc
327 597 478 660 enim
503 593 825 655 manifesta
869 599 964 655 est
989 594 1308 673 deceptio:
1339 592 1475 652 haec
1501 592 1688 672 igitur

185 711 294 758 esse
352 690 524 752 debet
573 687 770 767 prima
841 687 1126 765 probatio
1157 704 1174 758 ;
1228 691 1445 765 postea
1507 703 1680 756 vem,

183 783 390 866 quando
416 779 745 841 constiterit
767 780 1094 840 materiam
1123 797 1250 839 non
1279 797 1416 839 esse
1442 784 1684 840 contra-

183 881 304 942 riam
334 871 630 936 catholicae
659 872 825 948 fidei,
849 873 984 933 aliae
1016 873 1387 951 conjecturae
1418 879 1478 932 et
1505 871 1684 949 signa

187 967 480 1034 adhibenda
509 971 674 1032 sunt,
704 965 781 1026 de
821 965 1050 1045 quibus
1079 965 1275 1026 videri
1313 970 1520 1044 potest
1544 965 1679 1024 Div.

188 1067 402 1128 Thomas
441 1061 498 1120 iu
535 1059 600 1120 id
631 1062 672 1120 Ξ
719 1059 800 1120 ad
823 1063 962 1122 Cor.
1000 1061 1103 1121 1¹:
1161 1057 1437 1122 Satanas
1476 1062 1685 1122 trans-

181 1161 364 1240 fiyaerat
388 1171 446 1217 se
487 1155 553 1214 ia
593 1153 872 1235 anyelum
917 1153 1116 1224 limis,-
1153 1158 1215 1213 et
1241 1151 1504 1212 Gerson.
1541 1155 1571 1215 1
1619 1171 1681 1232 p.

185 1250 398 1332 alphab.
433 1250 525 1320 ss,
564 1247 683 1309 litt.
729 1247 800 1318 E,
847 1247 952 1308 uhi
983 1246 1049 1307 in
1078 1245 1258 1307 tertio
1302 1245 1522 1306 ordine
1552 1263 1690 1306 cre-

183 1344 433 1411 dibilium,
469 1339 642 1420 ponit
667 1359 746 1401 ea
787 1357 925 1419 quae
969 1339 1252 1419 privatim
1305 1339 1683 1409 revelantur,

183 1445 230 1499 et
271 1437 324 1496 in
365 1433 618 1513 Alphah.
659 1435 758 1505 19,
791 1433 904 1494 litt.
937 1433 1012 1508 V,
1045 1432 1220 1511 ponit
1257 1433 1468 1510 signa3
1509 1437 1572 1492 et
1597 1432 1688 1491 vi-

185 1531 286 1590 deri
311 1527 474 1590 etiam
501 1532 712 1606 potest
733 1525 1006 1599 Medina,
1042 1530 1099 1586 1.
1119 1525 1182 1597 2,
1212 1543 1272 1604 q.
1308 1527 1410 1601 22,
1433 1524 1497 1585 in
1526 1523 1680 1596 fine;

191 1621 367 1684 etideo
404 1619 522 1680 dixi
569 1637 825 1699 semper
867 1616 1288 1680 necessariam
1332 1635 1470 1679 esse
1517 1617 1690 1678 suffi-

193 1717 397 1777 cientem
427 1712 952 1792 propositionem;
984 1712 1088 1772 illa
1119 1729 1268 1772 vero
1292 1709 1477 1783 facta,
1508 1728 1689 1772 reve-

189 1808 296 1868 latio
335 1811 524 1886 potest
579 1823 724 1868 esse
767 1823 894 1866 non
935 1804 1140 1865 solum
1179 1804 1518 1876 sufficienS‚
1571 1803 1688 1864 sed

189 1903 328 1962 etiam
375 1899 680 1978 obligant-3,
731 1905 792 1960 et
839 1898 984 1959 ideo
1031 1899 1094 1958 in
1147 1897 1465 1977 Scriptura
1522 1913 1686 1976 saepe

183 1991 328 2071 aliqui
365 1990 911 2071 reprehenduntur
958 1995 1214 2072 propter
1238 1990 1592 2051 tarditatem
1623 1990 1686 2049 in

179 2085 440 2146 credendo
465 2083 662 2146 etiam
688 2085 942 2164 privatae
967 2082 1354 2170 revelationi,
1385 2089 1456 2144 ut
1473 2083 1552 2144 de
1581 2082 1689 2144 Sa·

178 2197 230 2240 ra
256 2185 306 2238 et
335 2177 404 2238 de
435 2177 740 2240 Zacharia
768 2179 1172 2239 advertimus.
1203 2177 1508 2255 Respectu
1538 2193 1688 2236 vero

179 2273 390 2334 aliorum
415 2289 551 2334 rara
573 2279 682 2332 est
699 2273 828 2333 hoec
854 2271 1172 2352 obligatio,¹
1199 2289 1326 2331 non
1357 2277 1452 2330 est
1479 2277 1690 2330 tamen

178 2363 540 2443 impossibilia,
577 2370 660 2426 ut
707 2365 1016 2443 colligitur
1065 2381 1140 2426 ex
1172 2367 1209 2426 3
1238 2365 1392 2442 Reg.
1440 2365 1536 2431 10,
1582 2361 1689 2422 ubi

179 2459 382 2538 quidam
422 2458 681 2537 punitus
709 2465 806 2520 est
847 2479 882 2519 a
912 2461 1064 2530 Deo,
1097 2450 1242 2538 quia
1271 2476 1401 2518 non
1431 2454 1692 2517 credidit

180 2551 474 2630 particulari
539 2551 916 2612 revelationi
971 2551 1300 2631 cujusdam
1345 2551 1688 2629 Prophetae,

181 2651 228 2703 et
250 2643 390 2704 idem
412 2644 789 2723 supponitur
829 2644 892 2705 in
918 2643 1082 2705 dicto
1111 2662 1250 2723 cap.
1287 2643 1432 2708 Cum
1478 2660 1554 2706 ecc
1595 2644 1695 2704 iu·

173 2736 362 2812 juncto.
392 2736 486 2796 ubi
520 2735 812 2797 Pontifex
839 2736 1112 2816 postulat
1139 2736 1534 2807 miraculum,
1564 2753 1691 2814 quo

187 2829 526 2891 confirmetur
575 2831 728 2892 talis
775 2830 1094 2903 revelatio,
1144 2833 1212 2891 ut
1247 2831 1368 2891 late
1417 2828 1694 2890 declarat

197 2925 450 2999 abutens„
480 2925 620 2986 loco
654 2944 852 3005 supra
888 2925 1106 2996 citato;
1141 2925 1451 3006 generalis
1481 2929 1690 2985 autem

198 3017 360 3095 regula
392 3025 492 3090 est,
542 3020 788 3096 requiri
830 3019 1344 3099 approbationem
1375 3017 1690 3092 Ecclesioe‚

198 3113 248 3166 ut
267 3109 344 3168 alii
363 3110 602 3172 credere
632 3116 998 3185 teneantur,
1041 3118 1113 3172 ut
1147 3111 1414 3173 sumitur
1442 3129 1519 3172 ex
1544 3130 1692 3172 con-

189 3200 294 3261 cilio
323 3201 712 3266 lateranens,
746 3223 931 3284 supra
967 3204 1177 3278 citato,
1201 3211 1263 3266 et
1289 3211 1438 3265 tunc
1460 3205 1590 3284 jam
1619 3203 1692 3264 fi-

183 3293 269 3352 des
291 3293 378 3355 illa
403 3296 650 3376 incipiet
681 3315 822 3359 esse
849 3298 1176 3360 catholica.

241 3389 288 3448 8.
347 3387 644 3452 Probatur
699 3391 1062 3454 auctoritate
1120 3389 1568 3471 Theoloyoreem.
1610 3422 1691 3437 -

181 3481 250 3541 Et
267 3499 300 3544 a
318 3483 649 3563 posteriori.
671 3482 863 3546 —Et
888 3501 929 3546 a
943 3480 1150 3563 priori
1176 3482 1597 3566 distinqundo
1625 3485 1691 3546 ia

183 3573 414 3638 Ecclesia
435 3577 712 3640 divinam
739 3575 1158 3640 auctoritatem
1199 3577 1271 3639 ab
1304 3577 1586 3640 lemnam.
1610 3609 1692 3624 -

179 3667 340 3729 Tertio
366 3669 627 3732 infertur
675 3689 755 3732 ex
786 3670 986 3747 dictis,
1033 3675 1096 3731 et
1141 3687 1353 3732 assero
1397 3672 1689 3734 Ecclesiae

179 3762 612 3840 propositionem
655 3783 770 3824 seu
799 3763 1080 3840 regulam
1112 3783 1238 3825 non
1284 3771 1564 3845 spectare
1611 3765 1692 3826 ad

179 3853 440 3930 objectum
493 3857 762 3918 formale
807 3855 976 3932 fidei,
1027 3857 1139 3918 sed
1179 3856 1258 3918 ad
1309 3858 1718 3950 peculiareQ

177 3945 390 4008 modum
411 3949 847 4030 applicationis
873 3951 1030 4030 ejuS.
1061 3951 1207 4012 Haec
1239 3951 1497 4012 assertio
1527 3951 1694 4012 colli-

181 4039 309 4115 gitur
331 4059 398 4102 ex
425 4043 494 4104 D.
528 4043 774 4104 Thoma
801 4045 861 4105 2.
913 4045 972 4117 2,
1027 4061 1090 4120 q.
1129 4046 1189 4115 1,
1221 4049 1334 4104 art.
1370 4047 1428 4116 t,
1476 4050 1696 4122 quate-

183 4149 270 4191 nus
293 4135 656 4214 assignando
687 4135 1003 4216 objectum
1045 4135 1306 4196 formale
1349 4134 1519 4210 fidei,
1554 4137 1695 4197 nul-

183 4224 276 4285 lam
301 4229 674 4290 mentionem
712 4229 860 4290 facit
886 4227 1199 4301 Ecclesiae,
1251 4234 1313 4290 et
1360 4227 1478 4289 hoc
1505 4228 1694 4289 modo

185 4317 316 4378 citari
342 4329 598 4399 possunt
627 4340 742 4400 pro
781 4321 898 4383 hac
947 4328 1123 4402 parte
1155 4311 1392 4400 antiqui
1435 4321 1696 4383 Theolo-

183 4411 246 4488 εἰ,
270 4411 361 4490 qui
389 4413 584 4475 solam
631 4415 954 4476 veritatem
1003 4414 1268 4494 primam
1313 4413 1695 4475 revelantem

179 4519 266 4582 pro
307 4505 538 4587 objecto
593 4507 844 4569 formali
891 4507 1248 4588 assignant3
1295 4510 1358 4568 et
1415 4507 1698 4568 similiter

178 4597 361 4659 adduci
393 4607 659 4679 possunt
697 4602 928 4677 omnia,
983 4601 1211 4680 quibus
1260 4599 1430 4661 illam
1470 4600 1698 4662 verita-

179 4691 278 4748 tem
311 4709 510 4770 suprn,
543 4695 610 4754 in
641 4699 792 4756 sect.
821 4697 884 4767 4,
912 4693 1442 4784 ponfirmavimus.
1488 4696 1536 4754 Α
1557 4712 1697 4773 pos-

181 4783 348 4844 teriori
372 4788 554 4848 etiam
581 4788 901 4868 probatur,
931 4787 1078 4867 quia
1108 4787 1286 4849 multi
1315 4787 1698 4848 sufficienter

181 4875 532 4942 crediderunt
579 4881 716 4942 sine
763 4880 1186 4961 propositione
1234 4880 1546 4955 Ecclesiae,
1630 4885 1696 4942 ut

179 4973 316 5044 patet
341 4970 416 5032 de
459 4974 738 5054 Angelis,
787 4974 1008 5047 Adam,
1060 4973 1400 5048 Abraham,
1452 4980 1514 5036 et
1556 4973 1694 5036 aliis

180 5060 506 5137 quibusdam
542 5065 888 5146 Prophetis,
930 5067 1059 5126 imo
1101 5067 1290 5128 etiam
1345 5067 1690 5145 Apostolis:

181 5169 300 5213 nam
332 5164 388 5218 et
433 5159 659 5220 Paulus
709 5157 790 5221 de
839 5177 906 5220 se
963 5159 1146 5221 dicit:
1193 5157 1339 5222 Non
1390 5160 1460 5223 ab
1512 5159 1696 5222 horni-

180 5243 343 5318 πῶυ,
397 5269 576 5331 neque
621 5271 731 5334 per
791 5253 1118 5316 hominem:
1180 5251 1266 5313 itti
1321 5258 1532 5314 autem
1585 5253 1698 5313 ha-

185 5333 416 5402 huerunt
461 5343 648 5404 fidem
699 5345 982 5423 eiusdem
1039 5342 1300 5405 rationis
1355 5362 1496 5406 cum
1551 5363 1696 5404 nos-

189 5433 292 5497 lm:
365 5449 532 5513 crgo,
609 5442 670 5496 et
745 5438 908 5499 idem
1009 5439 1326 5518 objectum
1395 5437 1689 5509 formale;

191 5537 310 5604 ergo
339 5525 514 5587 etiam
549 5535 834 5610 respectu
875 5533 1091 5605 nostri,
1133 5529 1411 5592 Ecclesia
1439 5547 1568 5590 non
1597 5528 1696 5590 in·

3252 391 3332 460 93

1770 500 2051 578 greditur
2097 499 2411 580 obJectum
2438 501 2703 564 formale
2732 501 2900 564 fidei.
2934 501 3194 564 Ratione
3221 503 3333 565 de·

1768 591 2041 656 claratur
2092 593 2157 655 in
2208 595 2375 655 hunc
2422 595 2715 666 modum;
2757 614 2908 656 nam
2950 595 3015 656 in
3058 596 3333 657 Ecclesia

1767 685 1999 766 duplex
2029 689 2362 750 auctoritas
2390 689 2769 751 considerari
2799 695 3039 768 potest:
3072 709 3197 748 una
3238 697 3333 751 est

1765 781 2063 853 humana,
2122 783 2319 844 altera
2372 782 2601 844 divina.
2659 785 2747 844 De
2804 781 2993 862 priori
3058 783 3333 862 loquitur

1767 874 2175 953 AugustinUS,
2220 875 2329 936 lib.
2392 883 2607 938 contra
2652 877 2847 956 Epist.
2912 875 3328 949 fundamenti,

1767 983 1903 1045 cap.
1960 970 2020 1041 4,
2072 967 2324 1048 quando
2364 976 2655 1030 numerat
2708 987 2783 1030 ca
2835 986 2975 1048 quae
3024 969 3225 1048 ipsum
3265 969 3333 1032 in

1765 1059 2041 1120 Ecclesia
2067 1062 2387 1132 tenebant,
2420 1062 2673 1134 scilicet,
2712 1061 3097 1142 Sapientiam
3124 1063 3335 1126 Docto·

1766 1170 1904 1214 rum
1943 1153 2264 1229 Ecclesiae,
2306 1154 2743 1218 consensionem
2772 1155 3155 1236 populorum,
3211 1157 3335 1218 rim

1767 1246 2226 1320 miraculorum,
2270 1246 2694 1328 antiquitatem
2738 1254 2795 1312 et
2818 1254 3170 1330 perpetuam
3197 1265 3335 1312 seec-

1771 1339 2106 1413 cessionem,
2158 1358 2297 1419 quae
2348 1341 2497 1401 huic
2536 1341 3009 1422 congregationi
3050 1341 3335 1403 tribuunt

1769 1449 2081 1491 summam
2125 1435 2560 1495 auctoritatem
2606 1435 2973 1496 humanam.
3022 1435 3107 1496 De
3135 1427 3333 1497 altefa

1767 1523 2045 1602 loquitur
2100 1525 2353 1600 PauluS,
2406 1532 2429 1588 1
2481 1525 2559 1588 ad
2598 1527 2822 1589 Timot.
2876 1530 2938 1602 3,
2990 1545 3131 1588 cum
3186 1527 3337 1590 dicit

1769 1619 2110 1680 Ecclesiam
2159 1637 2285 1682 esse
2326 1619 2661 1684 columnam
2688 1625 2746 1683 et
2764 1621 3207 1700 firmamentum
3241 1640 3339 1686 te·-

1767 1710 2021 1784 ritatis,·
2072 1718 2135 1773 et
2190 1712 2475 1774 eamdem
2530 1713 2815 1792 promisit
2861 1713 3137 1774 Christus
3191 1731 3336 1776 cum

1767 1802 1948 1864 dixit:
1982 1803 2194 1868 Porta·
2235 1803 2427 1881 inferi
2468 1823 2585 1867 non
2609 1805 3021 1888 proecaleb-unt
3049 1808 3336 1870 adversus

1767 1912 1918 1967 eam,
1947 1895 2163 1957 Matth.
2200 1897 2309 1968 163
2350 1904 2413 1959 et
2462 1898 2541 1959 de
2580 1899 2801 1960 eadem
2851 1899 3109 1980 intelligi
3148 1901 3337 1962 debet

1769 1987 1939 2066 quod
1968 1989 2053 2049 ait
2082 1989 2467 2070 Augustinus
2514 1991 2578 2051 in
2626 1991 2785 2052 libro
2813 1991 3093 2070 proxime
3124 1993 3331 2062 citato,

1771 2099 1909 2159 cap.
1941 2084 2016 2142 5:
2045 2080 2385 2162 Ecanqelio
2414 2099 2530 2144 non
2557 2085 2873 2155 crederem,
2907 2081 3031 2146 nisi
3073 2103 3163 2147 me
3194 2104 3337 2150 auc-

1770 2175 1993 2236 toritas
2013 2173 2307 2237 E'cclesioe
2332 2181 2752 2248 commorerct;
2790 2183 2853 2238 et
2882 2177 2969 2237 sic
3016 2179 3203 2238 etiam
3232 2197 3337 2240 ac-

1771 2265 1889 2344 cipi
1921 2271 2183 2344 possunt
2228 2268 2419 2328 vcrba
2448 2268 2673 2330 Leonis
2713 2270 2921 2348 papie,
2954 2288 3142 2332 serm.
3178 2275 3217 2333 2
3255 2271 3334 2334 de

1771 2360 2030 2421 Ascens.
2052 2375 2071 2420 z
2098 2359 2182 2425 Ut
2194 2361 2344 2440 fides
2362 2361 2743 2426 excellentior
2761 2369 2937 2434 esset,
2958 2363 3178 2427 visioni
3202 2367 3339 2429 doc-

1773 2455 1942 2515 trina
1991 2455 2303 2525 successit,
2360 2455 2534 2534 cujus
2598 2458 3019 2522 auctoritatem
3056 2460 3337 2540 supernis

1770 2545 2125 2610 illuminata
2169 2548 2372 2610 radiis
2412 2549 2777 2614 credentium
2810 2552 2991 2614 corda
3026 2568 3339 2634 sequeren-

1775 2641 1896 2701 tur.
1918 2639 2190 2700 Ecclesia
2219 2641 2405 2720 igitur
2424 2641 2617 2721 priori
2634 2643 2875 2704 ratione
2905 2649 3180 2722 spectata
3210 2664 3338 2706 non

1773 2737 1979 2810 potest
2008 2750 2170 2808 esse,
2212 2751 2331 2794 nec
2378 2733 2695 2815 pertinere
2727 2735 2810 2798 ad
2851 2736 3164 2816 objectum
3214 2739 3339 2800 for·

1773 2823 1938 2885 male
1962 2824 2111 2885 fidei
2134 2823 2382 2901 infusae,
2413 2827 2559 2905 quia
2600 2827 2733 2888 haec
2760 2829 2931 2890 nullo
2964 2830 3153 2892 modo
3193 2829 3340 2892 fun-

1775 2915 1963 2977 datur
2001 2917 2067 2977 in
2106 2917 2472 2980 auctoritate
2503 2920 2781 2981 humana
2811 2927 3110 3002 tanquam
3144 2925 3208 2984 in
3239 2943 3339 2986 ra·

1775 3009 1944 3070 tione
1974 3007 2294 3087 credendi,
2326 3029 2535 3091 neque
2562 3011 2829 3094 integra,
2868 3031 3073 3096 neque
3110 3019 3336 3096 partia-

1773 3103 1847 3175 li;
1883 3102 2051 3164 uude
2078 3102 2185 3164 illa
2210 3105 2545 3166 auctoritas
2581 3105 2895 3182 Ecclesiae,
2928 3115 2989 3170 et
3016 3109 3123 3170 illa
3156 3111 3337 3172 moti·

1776 3213 1873 3271 va,
1889 3213 2029 3276 quae
2050 3196 2231 3257 nobis
2247 3197 2415 3258 illam
2442 3200 2794 3273 conciliant,
2824 3199 3059 3262 faciunt
3084 3203 3339 3280 quidem

1773 3288 2123 3350 doctrinam
2178 3289 2550 3352 catholicam
2602 3291 2921 3354 evidenter
2950 3294 3333 3369 credibilem,

1773 3399 2043 3461 eamque
2075 3383 2453 3446 sufficienter
2501 3391 2879 3463 proponunt,
2913 3393 2981 3448 ut
3024 3388 3337 3449 credenda

1773 3476 1851 3536 sit
1877 3481 2133 3555 propter
2176 3475 2611 3538 auctoritatem
2650 3477 2788 3553 Dei,
2822 3483 2887 3539 ut
2914 3479 3076 3540 infra
3103 3479 3339 3542 videbi·

1773 3585 1943 3640 mus;
1994 3585 2109 3648 per
2158 3587 2227 3630 se
2274 3576 2484 3631 autem
2533 3587 2660 3631 non
2708 3571 2987 3650 proebent
3030 3575 3337 3636 rafionem

1771 3660 2103 3722 formalem
2155 3662 2475 3724 credendi.
2533 3663 2863 3725 Posterior-i
2902 3671 3112 3728 autem
3147 3667 3335 3731 modo

1775 3754 2189 3830 considerata,
2242 3755 2519 3818 Ecclesia
2570 3761 2664 3818 est
2709 3756 2964 3835 quidem
2999 3758 3334 3821 infallibilis

1773 3847 1993 3928 regula
2006 3854 2233 3910 nostrae
2262 3849 2407 3910 fidei
2417 3871 2435 3925 3
2463 3855 2674 3911 tamen
2705 3851 2823 3912 hoc
2848 3851 3039 3914 habet
3056 3854 3123 3913 in
3140 3873 3337 3933 quan·

1772 3944 1906 4001 tum
1950 3947 2045 4002 est
2086 3941 2275 4004 veluti
2310 3961 2617 4023 organum
2670 3961 2785 4004 seu
2824 3948 3332 4023 instrumentum,

1775 4051 1890 4112 per
1917 4033 2089 4113 quod
2138 4035 2401 4114 Spiritus
2430 4035 2696 4098 Sanctus
2739 4036 3037 4115 loquitur,
3084 4045 3145 4100 et
3190 4039 3333 4102 ideo

1775 4144 1904 4187 non
1942 4132 2146 4206 potest
2172 4128 2307 4209 ipsa
2334 4147 2471 4189 esse
2500 4129 2657 4190 ratio
2688 4129 2965 4190 formalis
2994 4131 3331 4210 credendi3

1777 4218 1888 4281 sed
1939 4225 2035 4282 est
2060 4221 2397 4284 auctoritas
2426 4221 2687 4301 Spiritus
2716 4224 2913 4284 sancti
2962 4227 3237 4304 regentis
3264 4227 3336 4286 il-

1775 4312 1924 4388 lam,
1955 4314 2103 4392 quia
2138 4315 2203 4376 in
2252 4313 2664 4376 instrumento
2695 4322 2819 4378 tota
2848 4318 3007 4379 ratio
3034 4325 3095 4380 et
3142 4319 3335 4380 virtus

1774 4406 2003 4486 agendi
2032 4414 2125 4469 est
2152 4425 2229 4470 ex
2250 4407 2527 4470 motione
2557 4409 2915 4488 principalis
2942 4413 3208 4489 agentis.
3242 4413 3337 4474 si-

1775 4505 1882 4561 cut
1909 4501 2097 4562 etiam
2125 4502 2443 4581 Scriptura
2492 4508 2586 4563 est
2623 4502 2961 4564 infallibilis
3016 4505 3235 4585 regula
3261 4505 3338 4566 fi-

1778 4594 1902 4670 dei,
1932 4613 2061 4656 non
2098 4596 2339 4657 ratione
2370 4597 2490 4672 sui,
2523 4597 2637 4659 sed
2665 4597 2811 4675 quia
2843 4597 3095 4680 Spiritu
3124 4605 3336 4665 sancto

1777 4687 2071 4768 inspirati
2121 4689 2311 4753 locuti
2353 4695 2500 4754 sunt
2545 4691 2749 4754 sancti
2787 4691 2906 4754 Dei
2946 4693 3233 4769 homines,
3275 4699 3339 4756 et

1775 4781 1842 4842 in
1889 4783 2253 4845 universum
2292 4783 2776 4847 instrumentum
2814 4787 3221 4848 materialiter
3267 4807 3335 4849 se

1777 4875 2001 4948 haben
2036 4893 2184 4957 ergo
2210 4894 2339 4937 non
2366 4876 2635 4956 pertinet
2662 4878 2744 4940 ad
2770 4879 3079 4940 rationem
3106 4880 3339 4943 forma-

1774 4969 1923 5042 lem,
1954 4975 2015 5030 et
2036 4968 2181 5032 ideo
2210 4987 2339 5030 non
2366 4969 2563 5031 variat
2588 4969 2779 5032 fidem
2810 4972 3021 5052 quoad
3049 4973 3339 5036 substan-

1775 5063 1927 5123 tiam
1958 5063 2117 5141 ejus,
2140 5061 2309 5142 quod
2328 5063 2488 5124 Deus
2515 5063 2808 5144 loquatur
2837 5083 2949 5146 per
2969 5066 3335 5146 Ecclesiam,

1775 5156 1873 5216 vel
1898 5172 2297 5235 quocumque
2328 5155 2450 5216 alio
2492 5156 2701 5219 modo.

1859 5249 1918 5310 9.
1966 5247 2231 5311 Mum
2260 5266 2340 5312 a»
2356 5250 2510 5326 fides
2542 5249 2885 5315 resolvatur
2908 5252 2975 5313 ia
3004 5252 3333 5315 auctorita·

1777 5347 1894 5405 tem
1941 5342 2260 5407 Ecclesioe.
2290 5373 2371 5388 -
2389 5341 2509 5415 Qui
2543 5340 3237 5421 affirment-Suadam
3261 5363 3337 5407 ez

1775 5437 2121 5518 Anime-stine
2167 5442 2224 5500 et
2274 5433 2659 5516 experientia.
2690 5465 2774 5482 -
2814 5434 2931 5508 Qui
2978 5449 3209 5518 neyent.
3252 5469 3336 5486 -

1776 5529 2027 5606 Ultimo,
2061 5548 2138 5590 ex
2169 5529 2349 5590 dictis
2373 5527 2698 5609 expeditur
2728 5526 2927 5587 obiter
2960 5529 3221 5614 quaestio
3252 5529 3333 5594 ab
