3900 6217
626 417 744 480 180

1782 409 2020 465 msrur.
2057 409 2138 461 vl.
2175 409 2255 462 DE
2288 410 2450 466 AC'I'U
2483 414 2665 468 nnat.

622 531 835 585 tamen
870 517 1141 594 Gabriel,
1167 517 1234 577 in
1270 517 1307 577 3
1343 513 1613 576 distinct.
1658 509 1992 592 respondet
2029 508 2184 571 illud
2259 513 2360 574 nit
2381 521 2613 592 auctor,
2643 517 2751 578 zib.
2779 516 2820 578 2
2843 515 2912 578 de
2937 512 3146 588 Grac„
3167 529 3217 575 e.
3241 513 3340 587 10,
3361 531 3565 578 anum.
3595 519 3756 578 10.-

624 633 751 676 nou
782 631 912 676 esse
958 609 1419 684 inconveniens,
1458 607 1605 686 quia
1629 605 1736 666 illa
1764 604 1998 665 falsitas
2023 619 2185 661 nun-

624 725 813 789 quam
841 711 931 768 est
958 725 997 766 a
1024 703 1169 780 fide,
1200 703 1307 764 sed
1330 702 1411 764 ab
1428 701 1549 762 alia
1576 700 1893 781 praemissa
1912 696 2010 758 vel
2033 695 2187 756 {alsa

626 799 1079 864 existimatione
1106 796 1478 871 intellectus,
1510 807 1573 855 et
1610 794 1698 855 ita
1734 792 1876 853 licet
1918 797 2094 851 actus
2117 787 2190 848 fi-

624 894 723 955 dei
769 897 1097 954 concurrat
1141 889 1219 950 ad
1262 893 1470 950 actum
1514 886 1621 966 qui
1665 889 1758 946 est
1804 883 2017 958 falsus,
2060 899 2188 942 non

628 1005 774 1049 vcro
804 992 878 1046 ut
907 991 997 1046 est
1024 983 1237 1056 falsus,
1276 1000 1385 1043 seu
1430 981 1506 1042 ad
1552 979 1881 1040 falsitatem
1922 976 2082 1055 ejus,
2111 976 2190 1035 si·

623 1087 727 1142 cut
758 1080 913 1141 Deus
943 1075 1255 1138 concurrit
1290 1074 1369 1136 ad
1412 1079 1638 1147 actum,
1686 1073 1796 1151 qui
1842 1077 1935 1132 est
1979 1085 2190 1149 pecca·

628 1181 786 1248 tum,
818 1189 945 1233 non
971 1187 1116 1231 vero
1148 1169 1227 1230 ad
1254 1165 1597 1242 malitium3
1629 1171 1693 1226 et
1714 1165 1831 1224 hoc
1858 1162 2042 1224 modo
2059 1179 2188 1222 non

626 1273 717 1330 est
772 1264 1218 1326 inconveniens
1258 1275 1575 1322 assensum
1630 1256 1964 1337 superioris
2025 1253 2188 1316 ordi·

626 1361 725 1423 nis
752 1375 1115 1420 concurrere
1156 1355 1235 1418 ad
1276 1369 1593 1415 assensum
1616 1351 2002 1426 interiorem,
2039 1349 2186 1428 quia

626 1459 826 1536 potest
851 1470 979 1513 esse
1007 1467 1189 1510 causa
1220 1448 1397 1529 quasi
1426 1446 1739 1526 aequivoca
1778 1448 1839 1504 et
1870 1442 2188 1502 universa-

624 1549 722 1623 lis,
766 1563 905 1628 quae
954 1563 1063 1625 per
1108 1542 1463 1604 inferiorem
1500 1537 1971 1600 determinatur.
2013 1534 2187 1596 Sicut

626 1641 817 1702 etiam
844 1646 1015 1700 actus
1049 1637 1321 1698 scientim
1362 1638 1561 1714 potest
1601 1631 1682 1692 ad
1729 1635 1934 1691 actum
1961 1627 2185 1688 falsum

626 1749 991 1795 concurrere
1016 1735 1265 1811 propter
1287 1742 1654 1788 concausam
1684 1722 2096 1796 deficientem,
2119 1721 2188 1780 in

626 1845 815 1906 quam
866 1823 1181 1886 reducitur
1224 1837 1467 1900 semper
1510 1819 1803 1891 defectus,
1848 1817 1962 1896 qui
2001 1816 2072 1875 in
2099 1813 2188 1874 ef·

624 1918 853 1982 fectum
875 1919 1078 1998 ipsum
1108 1914 1385 1978 resultat.

706 2017 763 2076 5.
796 2013 1073 2076 Assertio
1115 2011 1301 2074 tercia
1330 2036 1351 2072 .·
1380 2009 1573 2072 Actus
1602 2007 1746 2088 fidei
1790 2008 1876 2069 eet
1900 2003 2187 2065 obscum

626 2114 682 2171 et
710 2107 1028 2170 invidens.
1060 2137 1143 2150 —
1162 2105 1305 2165 Dico
1332 2102 1513 2163 tertio
1546 2122 1562 2162 z
1590 2107 1761 2162 actus
1799 2097 1943 2158 fidei
1973 2094 2187 2156 obscu-

606 2221 735 2265 rus
758 2208 847 2264 est
887 2208 951 2262 et
990 2199 1332 2260 inevidens.
1382 2197 1525 2258 Haec
1560 2193 1814 2257 assertio
1842 2189 2189 2254 communis

629 2303 761 2371 est,
822 2303 884 2356 et
946 2291 1322 2354 sufficienter
1370 2290 1639 2352 sumitur
1698 2303 1776 2348 ex
1830 2283 2190 2346 defiuitione

635 2387 801 2451 Pauli
846 2408 860 2446 ε
906 2385 1095 2448 Fides
1140 2389 1228 2446 est
1272 2387 1690 2462 arqumentum
1729 2397 1849 2441 uon
1898 2393 2193 2456 apparen-

630 2474 808 2553 τῶνε,
840 2477 946 2540 ubi
976 2476 1040 2538 id
1070 2481 1290 2538 notant
1315 2473 1729 2536 communiter
1766 2473 1976 2532 Patres
1999 2474 2064 2530 et
2086 2483 2191 2528 ex-

628 2573 945 2653 positores,
972 2579 1037 2632 et
1059 2589 1133 2632 ex
1164 2567 1529 2649 supradictis
1556 2567 1633 2628 de
1660 2565 1901 2644 objecto
1942 2559 2192 2622 formali

607 2665 771 2727 ,fidei
797 2664 943 2726 satis
968 2663 1227 2743 probata
1263 2661 1661 2740 relinquitur,
1687 2658 1839 2739 quia
1880 2655 2190 2734 objectum

630 2766 723 2820 est
770 2758 972 2838 prima
1020 2759 1267 2832 veritaS,
1326 2756 1415 2816 ita
1464 2753 1719 2815 obscure
1760 2748 2075 2823 revelans,
2121 2750 2192 2806 ut

627 2852 764 2932 ipsa
813 2851 1000 2912 etiam
1047 2848 1343 2910 revelatio
1384 2853 1447 2908 et
1485 2845 1817 2906 auctoritas
1860 2839 2192 2904 revelantis

631 2944 845 3006 eadem
888 2943 1010 3004 fide
1048 2940 1399 3002 credantur.
1435 2941 1596 3018 Ergo
1641 2943 1815 2999 actus
1842 2935 1908 2996 in
1936 2933 2044 2996 tali
2087 2949 2186 2994 ra-

604 3039 795 3110 ,tione
830 3035 1125 3097 fundatus
1164 3052 1289 3097 non
1328 3039 1525 3114 potest
1552 3049 1681 3094 esse
1720 3029 1994 3091 evidens
2029 3027 2190 3100 Quo-

629 3133 793 3192 circa
824 3128 985 3191 nihil
1024 3128 1202 3190 nobis
1244 3128 1321 3190 de
1370 3144 1531 3188 novo
1578 3126 1647 3187 in
1696 3126 1813 3186 hac
1858 3121 2190 3184 assertione

628 3224 955 3286 dicendum
986 3227 1264 3302 superest
1281 3227 1322 3280 ¹.
1356 3219 1569 3281 Solum
1593 3236 1721 3299 prae
1745 3215 1937 3278 oculis
1957 3213 2192 3276 haben·

626 3319 777 3380 dum
814 3324 904 3378 cst
940 3315 1179 3377 duobus
1212 3313 1413 3376 modis
1448 3329 1624 3393 posse
1664 3316 1868 3372 actum
1895 3307 2040 3370 fidei
2069 3308 2192 3368 dici

626 3409 1067 3473 inevidentem.
1104 3409 1333 3484 Primo,
1376 3405 1721 3467 formaliter
1754 3410 1819 3465 et
1859 3404 1927 3463 in
1964 3419 2053 3477 se,
2083 3419 2193 3462 seu

626 3523 702 3566 ex
730 3513 907 3585 parte
928 3501 1173 3581 obJecti,
1206 3507 1271 3563 et
1298 3501 1415 3562 hoc
1450 3499 1633 3562 modo
1678 3496 1986 3578 proecipue
2010 3492 2192 3556 intel·

626 3597 841 3676 ligitur
870 3595 1143 3670 assertio,
1176 3601 1240 3656 et
1276 3593 1573 3674 probatur
1612 3587 1959 3653 rationibus
1984 3587 2184 3649 tactis.

630 3689 932 3765 SecundO,
962 3689 1150 3750 etiam
1192 3677 1699 3757 concomitanter‚
1742 3701 1851 3745 seu
1892 3699 1971 3744 ex
2016 3687 2191 3762 parte

628 3782 912 3864 subjecti,
936 3788 1000 3843 ct
1038 3783 1103 3844 in
1138 3781 1257 3842 hoc
1288 3799 1471 3842 sensu
1498 3784 1590 3840 est
1610 3777 1871 3858 quaestio
1910 3794 1992 3837 an
2021 3782 2191 3838 actus

627 3876 773 3939 fidei
786 3877 1081 3938 excludet
1100 3873 1475 3937 evidentiam
1500 3872 1579 3933 ab
1596 3870 1913 3934 intellectu
1936 3869 2191 3931 creden·

627 3971 728 4045 tis,
758 3971 945 4032 etiam
991 3988 1101 4050 per
1140 3967 1311 4029 aliud
1352 3965 1653 4041 medium,
1704 3981 1815 4026 seu
1844 3981 1956 4044 per
1999 3961 2187 4023 aliam

626 4062 1141 4126 concomitantem
1162 4060 1607 4140 coguitionem,
1630 4065 1693 4118 et
1718 4056 1797 4118 de
1822 4056 1939 4118 hoc
1959 4060 2188 4136 puncto

594 4147 777 4217 ⁴satis
818 4155 1053 4216 dictum
1102 4160 1193 4216 est
1234 4153 1301 4214 in
1351 4149 1786 4232 superioribus,
1836 4148 2046 4230 disput
2123 4148 2185 4223 3,

628 4255 773 4311 sect.
806 4247 867 4310 9.
898 4246 1214 4308 Credimus
1250 4245 1443 4320 enim,
1473 4242 1811 4305 secuudum
1852 4240 2055 4321 legem
2085 4257 2188 4301 or-

596 4395 611 4414 ,
627 4341 959 4417 dinariam,
990 4346 1053 4400 et
1078 4339 1254 4418 juxta
1282 4337 1543 4398 modum
1568 4341 2052 4397 consentaneum
2077 4349 2187 4394 na·

598 4435 787 4496 .turis
816 4449 1049 4506 rerum,
1074 4433 1261 4492 fidem
1298 4447 1429 4492 esse
1467 4429 1907 4502 inevidentem,
1955 4443 2066 4488 seu
2109 4424 2186 4487 de

626 4545 754 4595 non
784 4527 929 4586 visis
956 4526 1146 4587 etiam
1172 4525 1293 4586 isto
1332 4521 1534 4584 modo.
1579 4521 1994 4583 Nihilominus
2037 4519 2188 4580 sim·

628 4621 873 4702 pliciter
906 4617 1213 4680 credimus
1252 4634 1380 4678 nou
1419 4631 1793 4696 repugnare,
1828 4629 2033 4693 neque
2077 4612 2188 4672 im·

628 4713 857 4793 plicare
884 4711 1430 4794 contradictionem
1448 4753 1469 4784 ,
1511 4714 1719 4769 actum
1758 4705 1907 4768 fidei
1944 4723 2076 4767 esse
2107 4706 2187 4766 si·

600 4807 759 4874 ,mul
800 4824 940 4866 cum
984 4813 1126 4866 actu
1176 4805 1494 4877 evidente,
1544 4802 1886 4881 proesertim
1938 4795 2189 4878 quando

555 4962 581 4980 ,
626 4905 799 4958 actus
827 4899 1079 4958 evidens
1106 4903 1199 4957 est
1236 4894 1547 4957 inferioris
1584 4893 1854 4967 ordinis,
1883 4893 2034 4971 quia
2082 4891 2189 4951 dat

626 4989 833 5052 locum
860 4989 1216 5052 certitudini
1238 4987 1408 5064 fidei,
1438 4991 1509 5049 ut
1530 4987 1717 5048 citata
1738 4985 2004 5046 sectione
2023 5001 2188 5047 nona

628 5085 774 5145 satis
802 5083 1181 5144 declalatum
1210 5088 1320 5142 est.

704 5177 769 5236 6.
800 5178 1073 5238 Assertio
1101 5180 1322 5254 quarta
1342 5197 1365 5232 .·
1390 5177 1561 5234 actus
1580 5172 1726 5250 fidei
1755 5177 1840 5234 eet
1860 5177 2078 5235 cerem.
2105 5203 2186 5217 -

632 5268 810 5334 Sana
836 5269 1155 5348 explicatio
1184 5266 1569 5330 certitudinis
1581 5265 1727 5345 fidei
1746 5267 1815 5328 in
1841 5283 1960 5346 qua
1989 5265 2185 5328 eonci-

596 5421 609 5432 ⁰
706 5465 726 5498 ⁸
754 5456 931 5533 Vide,
960 5457 1013 5518 si
1038 5457 1261 5536 placet,
1300 5455 1483 5535 Vasq.
1522 5459 1552 5517 1
1588 5471 1679 5536 p.,
1712 5452 1871 5536 disp.
1918 5457 1984 5530 4,
2017 5474 2086 5518 c.
2115 5456 2180 5532 2,

624 5559 837 5616 contra
863 5549 1079 5612 Franc.
1110 5549 1185 5610 de
1217 5547 1505 5610 Mai-chia.

2267 607 2412 668 Dico
2437 615 2656 686 quarto
2681 629 2697 670 :
2721 614 2895 670 actus
2919 606 3087 680 fidei,
3113 604 3258 666 licet
3281 606 3359 666 sit
3373 606 3655 684 obscurus,
3685 617 3758 672 est

2269 699 2636 780 simpliciter
2659 707 2885 763 certus.
2923 701 3065 762 Hoec
3085 699 3336 760 assertio
3359 702 3668 762 communis
3685 711 3758 765 est

2269 793 2599 855 Doctorum
2647 801 2712 856 et
2762 795 3016 856 Petrum
3057 809 3214 871 quos
3266 793 3464 854 statim
3512 795 3754 872 referam,

2271 907 2534 968 eamque
2595 889 2828 969 optime
2881 885 3104 968 probat
3161 885 3495 948 Bernerdus
3520 931 3538 963 ‚
3587 897 3759 950 contra

2269 983 2570 1062 quosdam
2625 981 2942 1044 hsereticos
2967 1027 2986 1056 ,
3036 977 3289 1060 Epistol.
3347 980 3457 1042 190
3476 1025 3494 1055 ,
3545 997 3613 1041 ex
3657 983 3756 1057 illo,

2269 1078 2310 1139 2
2327 1077 2489 1140 Tim.
2516 1081 2544 1139 l
2575 1079 2759 1143 :Seio
2779 1077 2878 1142 eui
2900 1075 3152 1148 credidi,
3181 1079 3238 1136 et
3255 1079 3446 1138 ocrem
3466 1093 3603 1138 eum.
3627 1075 3760 1140 Idem

2268 1171 2486 1250 probat
2505 1189 2583 1232 ex
2609 1171 2739 1245 illo,
2769 1169 2920 1232 Tob.
2949 1170 2986 1230 3
3009 1189 3026 1229 =
3051 1167 3178 1230 Pro
3209 1171 3364 1230 cerlo
3383 1167 3577 1230 habeat
3609 1172 3762 1232 mnis

2267 1264 2373 1342 qui
2403 1269 2460 1325 te
2495 1263 2706 1326 eredit.
2751 1263 2827 1324 Et
2853 1263 2988 1322 Act.
3027 1262 3068 1321 Ξ
3099 1279 3116 1317 t
3153 1258 3490 1323 Cet-tissime
3525 1261 3658 1320 sciat
3685 1261 3760 1322 do·

2267 1375 2400 1419 mus
2428 1355 2652 1431 Israel,
2679 1355 2824 1436 quia
2854 1360 2908 1417 et
2930 1353 3258 1416 Dominum
3277 1367 3402 1414 eum
3425 1358 3478 1414 et
3505 1351 3761 1416 Christum

2268 1451 2414 1528 fecit
2437 1451 2620 1519 Deus.
2646 1449 2802 1511 huuc
2827 1448 2882 1511 J
2883 1465 3044 1510 esum
3067 1463 3235 1528 quem
3273 1465 3376 1508 voe
3401 1445 3760 1522 erucific'elis.

2267 1543 2348 1605 Ut
2360 1549 2567 1605 autem
2597 1543 2894 1624 probetur
2920 1541 3184 1615 ratione,
3215 1544 3454 1620 oportet
3497 1537 3760 1601 advertere

2267 1635 2672 1718 multiplicem
2709 1654 2840 1698 esse
2869 1634 3330 1698 certitudinem.
3379 1632 3508 1695 Una
3543 1639 3623 1696 est
3645 1635 3762 1694 sim·

2267 1730 2528 1812 pliciter,
2561 1729 2684 1793 alia
2705 1727 3050 1792 secundum
3077 1727 3249 1808 quid.
3283 1726 3452 1788 Prior
3485 1727 3594 1786 dici
3627 1727 3762 1802 solet,

2267 1825 2372 1887 vel·
2393 1824 2850 1899 mathematica,
2879 1821 2982 1885 vel
3016 1819 3458 1901 metaphysica,
3485 1827 3583 1881 aut
3607 1820 3791 1899 physis

2268 1939 2363 1982 ca.
2397 1921 2509 1981 Hic
2544 1937 2690 1980 vero
2715 1936 2828 1999 per
2855 1915 3298 1980 certitudinem
3335 1913 3666 1993 simpliciter
3697 1915 3764 1973 in·

2267 2011 2606 2093 telligimus
2645 2030 2786 2074 eam
2822 2029 2959 2091 quse
3001 2009 3272 2072 excludit
3318 2007 3562 2068 omnino
3601 2006 3767 2066 formi-

2267 2107 2503 2182 dinem,
2536 2125 2645 2168 seu
2673 2103 3143 2177 dubitationem,
3195 2108 3308 2163 aut
3349 2099 3661 2181 periculum
3685 2099 3768 2159 fai·

2267 2200 2483 2264 sitatis.
2523 2200 2733 2262 Altera
2771 2217 2919 2260 vero
2948 2197 3069 2260 dici
3099 2197 3256 2258 solet
3285 2194 3582 2258 certitudo
3615 2211 3770 2254 mora-

2267 2293 2365 2370 lis,
2397 2313 2538 2374 quie
2560 2299 2653 2355 est
2687 2293 2764 2354 de
2807 2293 2904 2353 his
2951 2292 3135 2353 rebus
3180 2307 3326 2370 quse
3375 2293 3446 2348 ut
3491 2288 3770 2366 plurimum

2271 2389 2360 2448 ita
2399 2394 2565 2464 sunt,
2611 2387 2753 2448 livet
2779 2386 3014 2466 possint
3051 2383 3370 2449 interdum
3409 2381 3664 2442 deficere.
3696 2381 3774 2440 As-

2271 2481 2456 2542 sertio
2483 2499 2632 2558 ergo
2663 2480 2739 2541 de
2785 2475 3154 2540 certitudine
3188 2475 3551 2556 simpliciter
3592 2474 3774 2534 intelli·

2271 2573 2475 2652 genda
2495 2579 2606 2635 est.
2651 2573 2920 2634 Ulterius
2959 2587 3106 2632 vero
3130 2569 3264 2631 hoec
3293 2567 3586 2630 certitudo
3607 2567 3778 2628 distin·

2271 2667 2483 2744 guitur
2515 2683 2554 2726 a
2585 2665 2896 2739 Durando,
2935 2664 3002 2725 in
3045 2664 3107 2738 3,
3153 2663 3216 2724 d.
3265 2663 3374 2738 23,
3403 2681 3464 2742 q.
3493 2665 3551 2734 7,
3597 2679 3653 2720 n.
3681 2663 3710 2720 '1
3733 2665 3779 2720 et

2271 2777 2426 2838 seq„
2457 2760 2522 2820 in
2559 2757 2994 2820 certitudinem
3037 2755 3369 2818 evidentiae
3413 2760 3476 2816 et
3517 2752 3779 2815 certitudi-

2273 2869 2417 2912 nem
2444 2851 2836 2926 adliaesioniS,
2872 2849 3167 2930 additque
3209 2848 3535 2910 Durandus
3561 2847 3780 2926 priorem

2271 2961 2400 3005 esse
2425 2961 2634 3006 veram
2669 2941 3127 3018 certitudinem,
3175 2957 3371 3022 quam
3403 2941 3780 3002 Donaventura

2273 3037 2459 3098 etiam
2501 3036 2943 3116 speculativam
2985 3035 3347 3115 appellavit,
3397 3051 3503 3095 seu
3544 3051 3614 3094 ex
3649 3037 3782 3112 parte

2271 3130 2640 3208 intellectus,
2685 3137 2759 3191 ut
2785 3147 2924 3191 eam
2951 3129 3032 3190 ab
3059 3127 3414 3194 edhsssione
3439 3145 3516 3188 ex
3549 3131 3702 3205 parte
3719 3124 3782 3184 et-

2272 3223 2464 3285 l'ectus
2492 3223 2926 3303 distingueret,
2949 3223 3018 3283 in
3059 3223 3120 3297 3,
3149 3222 3212 3282 d.
3250 3222 3358 3296 26,
3389 3239 3448 3282 a.
3482 3223 3540 3293 1,
3568 3237 3624 3298 q.
3658 3222 3706 3293 5,
3740 3223 3786 3276 et

2271 3316 2421 3378 alibi
2447 3335 2572 3378 non
2602 3315 2814 3379 semel.
2845 3315 2932 3378 De
2959 3315 3282 3397 posteriori
3303 3319 3517 3376 autem
3542 3313 3677 3374 dicit
3697 3311 3786 3370 nu-

2271 3410 2503 3471 randus
2533 3428 2658 3472 non
2699 3411 2926 3473 mereri
2969 3425 3202 3471 nomen
3242 3407 3641 3482 certitudinis,
3675 3405 3792 3484 quia

2271 3508 2469 3583 potest
2505 3519 2636 3564 esse
2677 3501 2994 3564 interdum
3033 3500 3112 3564 de
3141 3499 3221 3582 lre
3261 3499 3440 3562 falsa.
3479 3499 3638 3561 Unde
3678 3515 3791 3558 cum.

2270 3603 2480 3676 postea
2519 3597 2686 3658 dicat
2730 3595 3163 3658 certitudinem
3209 3593 3362 3656 fldei
3411 3611 3540 3656 esse
3585 3597 3792 3664 tantum

2269 3689 2696 3753 certitudinem
2725 3688 3120 3765 adhaesionis,
3169 3686 3444 3750 multum
3491 3687 3714 3748 videtur
3735 3684 3792 3744 il·

2267 3781 2397 3844 lam
2425 3785 2820 3860 minuere„et
2837 3801 2966 3846 non
2983 3789 3152 3845 recte
3175 3781 3254 3844 de
3281 3781 3396 3842 ina
3415 3781 3657 3854 sentire,
3677 3796 3792 3841 cum

2267 3883 2478 3937 tamen
2517 3875 2960 3956 perfectissima
2999 3876 3102 3952 sit,
3145 3881 3217 3934 nt
3247 3873 3462 3935 statim
3491 3871 3791 3934 ostendam.

2269 3967 2349 4029 Ut
2366 3985 2514 4046 ergo
2535 3970 2696 4029 ratio
2713 3973 2774 4030 et
2795 3968 3090 4050 perfectio
3107 3967 3242 4047 ejus
3262 3965 3660 4046 intelligatur,
3687 3981 3792 4043 pos⁴

2267 4077 2477 4122 sumus
2515 4059 2694 4122 aliter
2737 4061 2910 4122 illam
2955 4060 3422 4123 distinctionem
3451 4053 3792 4120 certitudinis

2265 4152 2592 4234 explicare,
2628 4171 2778 4216 nam
2825 4154 3110 4234 quasdam
3135 4161 3228 4215 est
3261 4171 3336 4215 ex
3369 4159 3546 4234 parte
3585 4148 3792 4229 objecti,

2265 4246 2390 4307 alia
2429 4263 2508 4308 ex
2547 4251 2724 4328 parte
2777 4247 3061 4327 subiecti.
3109 4248 3284 4310 Prior
3333 4263 3467 4308 non
3507 4250 3597 4306 est
3639 4239 3792 4320 expli«

2267 4338 2470 4400 canda
2511 4357 2622 4420 per
2651 4339 3056 4416 evidentiam,
3083 4355 3290 4419 neque
3329 4338 3412 4399 ad
3459 4337 3632 4399 illem
3663 4335 3792 4396 limi

2267 4433 2482 4509 tanda,
2502 4432 2608 4495 sed
2636 4451 2750 4514 pter
2777 4431 3288 4494 infallibilitatem
3311 4429 3673 4511 exponenda
3691 4431 3792 4504 est}

2267 4535 2416 4588 nem
2449 4527 2501 4588 si
2543 4526 2878 4607 objectum,
2930 4543 3040 4588 seu
3071 4525 3234 4587 ratio
3275 4523 3648 4586 assentiendi
3685 4519 3792 4584 talis

2269 4622 2374 4696 sit,
2401 4624 2476 4681 ut
2518 4620 2732 4682 cinon
2761 4619 2953 4700 possit
2983 4617 3230 4680 subesse
3268 4616 3528 4693 falsum,
3567 4621 3706 4676 nata
3729 4613 3792 4674 0³1

2267 4729 2518 4774 causare
2539 4712 2974 4774 certitudinem
3003 4711 3364 4792 simpliciter
3388 4721 3453 4772 et
3471 4709 3792 4790 perfectam,

2263 4806 2394 4867 sive
2415 4805 2723 4884 obJectum
2753 4805 2907 4867 illud
2941 4804 3262 4866 evidenter
3283 4808 3712 4882 cognoscetur,
3741 4800 3792 4858 sil

2267 4915 2344 4960 ve
2371 4915 2496 4960 non
2525 4920 2542 4959 :
2570 4903 2718 4979 quia
2761 4897 3040 4960 excludit
3069 4913 3256 4958 omne
3281 4896 3628 4977 periculum
3665 4891 3792 4954 fulsit

2267 4993 2432 5052 tatis.
2477 4991 2791 5054 certitudo
2833 5007 2978 5052 vero
3023 5007 3099 5052 ex
3147 4997 3324 5071 parte
3367 4989 3628 5068 subjecti
3665 4979 3792 5047 recti

2266 5084 2492 5146 dicitur
2517 5083 2906 5160 adhaesionis,
2948 5084 3098 5164 quia
3126 5083 3402 5144 consistit
3429 5083 3500 5144 in
3528 5081 3706 5142 modo
3726 5081 3792 5139 as*

2241 5177 2574 5240 ,sentiendi
2623 5179 2756 5238 sine
2801 5176 3212 5238 haesitatione.
3267 5175 3411 5238 Hoec
3449 5183 3662 5237 autem
3685 5171 3792 5232 sub*

2265 5269 2704 5350 distinguenda
2729 5275 2842 5346 est,
2877 5285 3024 5331 nam
3045 5271 3358 5332 interdum
3382 5275 3481 5330 est
3509 5273 3792 5329 consentes

2263 5379 2383 5425 nea
2409 5363 2686 5443 obiecto,
2727 5368 2792 5424 et
2839 5363 3178 5443 prudenter
3221 5383 3293 5426 ac
3321 5361 3660 5424 secimdum
3699 5371 3792 5420 rec

2263 5462 2394 5518 tam
2419 5457 2727 5518 rationem
2761 5455 2856 5518 illi
2881 5453 3202 5532 tribuitur,
3225 5465 3289 5518 et
3327 5455 3470 5518 talis
3495 5437 3792 5524 certitudo}

2261 5547 2406 5612 licet
2453 5546 2823 5611 adhesionis
2871 5549 2974 5625 sit,
3019 5548 3289 5629 perfecta
3337 5553 3447 5624 est,
3491 5552 3558 5608 et
3599 5547 3792 5630 optim«
