3900 6217
463 388 581 447 '152

463 482 596 550 lum
653 486 763 569 qui
812 489 916 567 jus
981 486 1169 550 habet
1213 487 1590 567 probabilius
1614 511 1633 566 ;
1678 489 1824 569 quia
1887 507 2029 551 curn

463 581 725 665 dubium
767 582 847 642 sit
889 580 957 642 in
1007 579 1193 657 facto,
1227 586 1290 646 et
1332 581 1408 643 de
1460 582 1689 642 damno
1735 581 2025 661 proximi,

461 674 562 736 vel
583 672 940 736 defensione
959 673 1326 747 innocentis,
1354 675 1734 752 sequendum
1757 681 1847 736 est
1866 673 2031 752 quod

463 765 840 847 probabilius
869 765 1248 844 apparuerit,
1279 765 1459 844 juxta
1479 764 1726 843 regulas
1755 767 1934 826 datas
1954 765 2029 826 de

462 859 860 932 conscientia,
896 865 1046 918 sect.
1093 859 1133 918 6
1174 858 1383 919 citata.
1417 859 1508 918 Ad
1539 858 1654 918 hoc
1680 864 1888 918 autem
1936 875 2031 918 sa-

465 953 542 1012 tis
565 952 682 1013 erit
710 950 1030 1028 militibus,
1079 951 1132 1010 si
1159 951 1274 1029 ipsi
1319 949 1648 1012 consulant
1693 952 1858 1011 viros
1885 970 2032 1031 pru-

463 1046 680 1128 dentes
707 1052 769 1107 et
797 1045 1141 1120 timoratos,
1163 1062 1246 1104 au
1274 1044 1510 1124 possint
1535 1045 1896 1124 simpliciter
1938 1045 2031 1104 irc

443 1140 540 1200 ad
575 1139 697 1200 tale
741 1136 1001 1212 bellum,
1048 1156 1263 1200 necne.
1299 1139 1472 1212 Quod
1518 1139 1568 1198 si
1619 1138 1768 1200 dieti
1807 1138 2034 1200 milites

465 1250 665 1292 unum
691 1249 914 1310 corpus
950 1229 1271 1310 politicum
1301 1229 1660 1306 conficiunt,
1680 1229 2036 1310 habentque

463 1344 575 1386 sua
613 1327 839 1406 capita,
867 1323 1249 1386 satisfacient
1289 1323 1555 1404 profecto
1601 1324 1943 1399 inferiores,
1986 1325 2037 1384 si

459 1437 570 1498 per
591 1436 772 1478 suum
805 1418 1064 1498 quisque
1095 1423 1300 1496 caput,
1341 1423 1449 1477 aut
1494 1417 1862 1497 principem,
1897 1437 2039 1478 exa-

464 1512 710 1572 minent
749 1511 1056 1590 justitiam
1110 1510 1281 1586 belli,
1321 1528 1660 1590 eorumque
1695 1517 2040 1591 sequantur

459 1603 787 1684 judicium.
829 1603 999 1676 Quod
1037 1602 1089 1664 si
1140 1603 1392 1664 tandem
1419 1620 1532 1682 pro
1577 1609 1840 1684 utraque
1865 1609 2039 1683 parte

468 1695 743 1758 habeant
771 1698 1038 1757 rationes
1061 1714 1233 1774 teque
1258 1695 1630 1775 probabiles,
1653 1702 1801 1757 tunc
1825 1713 2039 1774 gerere

466 1807 532 1850 se
547 1795 822 1868 possunt,
850 1807 924 1849 ac
945 1788 996 1848 si
1017 1788 1278 1849 dubium
1295 1795 1452 1849 esset
1469 1807 1636 1850 mere
1650 1789 2035 1867 negativum,

471 1883 620 1962 quia
647 1889 798 1943 tune
837 1883 1164 1962 utrobique
1191 1890 1282 1943 est
1306 1882 1646 1962 aequalitaS,
1672 1888 1733 1942 et
1758 1900 2040 1963 praepon-

475 1976 652 2036 derat
695 1976 1028 2036 auctoritas
1069 1975 1389 2056 principis,
1436 1975 1604 2054 quod
1645 1975 1833 2036 etiam
1879 1975 2041 2036 clare

481 2068 823 2130 insinuavit
863 2069 1196 2148 Sylvester,
1241 2067 1431 2129 verbo
1459 2067 1726 2146 Bellum,
1760 2071 1818 2128 1.
1863 2067 1939 2128 Et
1965 2069 2041 2130 de

478 2161 596 2222 hac
622 2162 964 2242 quaestione
995 2161 1127 2223 haec
1145 2161 1466 2224 sufficiant.

1061 2364 1278 2416 sueno
1317 2365 1418 2418 vu.

607 2533 754 2612 Quis
781 2535 868 2600 sit
895 2535 1128 2599 debitus
1157 2535 1363 2598 modus
1385 2533 1632 2616 uerendi
1661 2533 1896 2598 bellum.

551 2725 608 2788 ⁴.
655 2722 1019 2788 Notationes
1056 2739 1175 2804 pro
1223 2721 1600 2784 resolutione.
1639 2753 1720 2767 -
1765 2721 2039 2796 Quadru-

465 2815 608 2899 plex
648 2817 1015 2899 comparatio
1059 2816 1445 2894 proponitur.
1476 2847 1560 2860 —-
1591 2813 2038 2892 Distinguenda

467 2918 614 2972 sunt
665 2912 782 2970 tria
821 2916 1095 2988 tempora
1111 2923 1138 2990 :-
1185 2907 1436 2968 initium
1477 2905 1647 2984 belli,
1693 2907 2037 2988 prosecutio

468 3003 618 3066 belli
663 3010 808 3066 ante
837 3009 1079 3084 partam
1127 3001 1470 3077 victoriam,
1510 3007 1572 3062 et
1625 3007 1866 3080 tempus
1901 3008 2039 3082 post

467 3098 796 3158 victoriam
853 3103 1117 3177 partam.
1169 3094 1615 3173 Distinguenda
1657 3094 1842 3154 etiam
1893 3097 2041 3154 sunt

468 3189 578 3252 illa
606 3191 726 3252 tria
763 3208 993 3270 genera
1022 3206 1459 3268 personarum:
1495 3187 1778 3268 princeps
1825 3204 2039 3267 supre-

468 3301 631 3360 mus,
663 3284 850 3344 duces
893 3282 1107 3356 medii,
1157 3281 1357 3342 infimi
1388 3281 1635 3356 milites,
1672 3283 1782 3360 qui
1823 3297 2038 3342 omnes

464 3383 729 3457 possunt
756 3375 1124 3456 comparari,
1169 3375 1371 3454 primo
1407 3375 1484 3436 ad
1511 3373 1736 3451 hostes,
1761 3373 1912 3454 quid
1939 3373 2039 3434 ni-

467 3471 697 3531 mirum
723 3470 956 3549 possint
993 3487 1136 3529 cum
1165 3468 1286 3528 illis
1305 3469 1470 3547 juste
1487 3485 1693 3546 agere.
1729 3469 2035 3544 Secundo,

467 3563 631 3624 inter
658 3581 746 3638 se,
773 3563 882 3642 qui
951 3580 1062 3623 rex
1087 3559 1308 3622 debeat
1335 3571 1518 3640 agere
1538 3577 1680 3620 cum
1707 3560 2032 3622 militibus.

467 3655 697 3732 Tertio,
727 3654 878 3736 quid
976 3655 1137 3716 ilites
1161 3671 1300 3714 cum
1315 3653 1581 3731 regibus.
1606 3652 1856 3729 Quarto,
1887 3653 2038 3732 quid

469 3767 612 3810 cum
660 3747 920 3822 eaeteris,
975 3746 1144 3809 verbi
1185 3746 1411 3826 gratia,
1459 3745 1826 3826 hospitibus,
1869 3747 2038 3825 apud

467 3858 621 3920 quos
671 3841 737 3902 in
789 3839 1118 3901 itineribus
1167 3839 1576 3901 diversantur.
1633 3839 1747 3900 Hic
1795 3840 2037 3919 potissi-

466 3953 642 3996 mum
669 3936 910 4014 agimus
938 3933 1015 3996 de
1057 3934 1260 4014 primo
1275 3955 1294 4009 5
1344 3940 1556 3994 tamen
1579 3932 1851 3996 breviter
1877 3933 2037 3996 circa

470 4027 622 4088 alios
641 4026 877 4106 aliquid
909 4027 1205 4088 dicemus·

545 4123 606 4182 9..
653 4122 744 4183 De
769 4125 989 4201 quarta
1022 4118 1657 4202 comparatione—De
1679 4122 1863 4184 tertia
1889 4137 2040 4184 eom·

459 4213 796 4294 paratione.
844 4248 923 4258 ——
958 4211 1136 4274 Circa
1183 4221 1476 4292 quartum
1526 4215 1722 4293 igitur
1765 4213 2040 4275 breviter

463 4323 794 4385 possumus
821 4305 1047 4382 dicere,
1076 4307 1242 4386 quod
1264 4305 1534 4368 Joannes
1561 4307 1857 4386 Baptista,
1879 4308 2027 4368 Luc.

466 4401 528 4474 3,
555 4399 760 4460 docuit
781 4419 796 4458 ε
817 4397 1132 4464 Neminem
1162 4397 1536 4471 concutiatis,
1569 4405 1629 4462 et
1651 4402 1914 4464 contenti
1945 4418 2034 4464 es·

465 4495 586 4556 tote
631 4491 954 4573 stipendiis
994 4493 1236 4556 vestris.
1287 4491 1462 4554 Unde
1502 4491 1572 4552 hi
1617 4509 1830 4552 omnes
1873 4491 2035 4552 nihil

463 4591 720 4666 possunt
739 4582 819 4645 ab
838 4585 1180 4664 hospitibus
1208 4586 1508 4666 accipere,
1540 4590 1764 4665 praeter
1785 4583 1845 4644 id
1869 4584 2035 4664 quod

465 4697 504 4738 a
549 4695 696 4757 rege
744 4678 1146 4740 constitutum
1171 4685 1296 4756 est3
1341 4678 1493 4740 alias
1535 4684 1790 4757 peccant
1819 4690 2035 4738 contra

459 4771 790 4850 justitiam,
842 4777 904 4834 et
938 4778 1230 4835 tenentur
1254 4773 1578 4834 restituere
1593 4787 1616 4849 3
1654 4778 1838 4851 atque
1866 4771 2033 4832 idem

466 4874 557 4924 est
586 4863 638 4924 si
683 4862 913 4925 faciant
951 4864 1074 4926 alia
1117 4865 1348 4926 damna
1385 4884 1493 4945 pet
1547 4865 1784 4939 domos,
1826 4882 2030 4942 agros,

465 4962 579 5018 ete.
605 4975 622 5030 ;
656 4955 842 5018 duces
885 4975 1032 5018 vero
1065 4964 1125 5018 et
1151 4959 1460 5038 principes
1482 4964 1776 5019 tenentur
1801 4976 1878 5020 ex
1905 4955 2037 5018 offi-

466 5049 562 5108 cio
589 5047 720 5110 haec
746 5049 976 5126 omnia,
1006 5051 1206 5130 quoad
1227 5061 1505 5130 possunt,
1537 5051 1859 5130 impedire,
1885 5049 2038 5112 alias

465 5145 666 5202 totum
697 5160 854 5204 onus
887 5143 1314 5219 restitutionis,
1342 5150 1480 5223 post
1505 5143 1756 5218 milites,
1787 5144 1864 5204 ad
1895 5143 2036 5206 illos

465 5233 757 5312 pertinet.
802 5235 974 5297 Circa
1016 5235 1268 5296 tertium
1307 5243 1513 5315 caput,
1545 5235 1703 5296 sicut
1727 5255 1906 5314 reges
1945 5245 2036 5298 te·

467 5335 696 5390 nentur
719 5327 1022 5408 stipendia
1049 5330 1196 5390 dare
1213 5329 1538 5405 militibus,
1560 5329 1646 5390 ita
1674 5330 1795 5410 ipsi
1821 5337 2033 5392 tenen-

467 5425 594 5496 tur,
625 5419 923 5500 quidquid
943 5421 1039 5481 sui
1069 5423 1344 5484 muneris
1373 5428 1488 5498 est,
1513 5429 1827 5502 praestare.
1857 5424 2033 5486 Unde

469 5529 546 5572 ex
565 5511 804 5590 justitia
832 5518 1125 5575 tenentur
1151 5514 1230 5576 ad
1258 5521 1464 5576 actum
1491 5513 1891 5591 fortitudinis,
1937 5523 2031 5578 at·

1503 390 1741 444 msPu'r.
1780 390 1910 441 xul.
1945 391 2026 442 ET
2060 391 2295 446 utrm».
2328 395 2408 448 DE
2439 394 2655 446 BELLO.

2109 510 2231 571 que
2260 494 2414 556 adeo
2441 494 2517 554 ad
2546 512 2673 554 non
2710 491 3101 572 fugiendum,
3130 507 3245 550 nec
3264 485 3695 548 deserendum

2110 585 2313 647 locum
2356 604 2562 660 suum,
2594 591 2703 646 aut
2728 601 2959 658 arcem,
2992 582 3067 642 de
3096 599 3215 662 qua
3262 599 3329 642 re
3364 578 3701 640 habentur

2110 681 2323 742 multae
2350 682 2539 760 leges,
2597 680 2664 740 ff.
2702 681 2791 742 De
2826 697 2893 742 re
2932 677 3222 740 militari.
3272 675 3347 736 Et
3375 673 3699 733 videndus

2110 781 2205 836 est
2231 775 2580 854 CajetanuS,
2604 775 2673 833 in
2704 770 3011 852 Opuseulo
3034 770 3111 832 de
3136 769 3253 831 hac
3272 787 3363 841 re,
3394 765 3579 846 quod
3606 778 3699 825 est

2110 869 2171 938 4,
2194 875 2413 948 quaest.
2438 867 2791 948 penultim„
2821 866 2929 946 qui
2959 863 3193 944 obligat
3224 863 3413 923 duces
3448 860 3697 921 arcium

2110 961 2285 1022 nullo
2306 969 2476 1047 metu
2508 961 2723 1022 mortis
2745 966 2857 1020 aut
2880 959 3063 1020 famis
3104 976 3207 1018 eas
3234 955 3511 1029 tradere,
3546 954 3701 1031 quia

2110 1054 2233 1116 tale
2266 1054 2639 1116 contrahunt
2666 1059 2915 1134 pactum
2962 1068 3103 1112 cum
3148 1049 3456 1129 principe,
3514 1046 3701 1106 inde-

2115 1165 2233 1225 que
2252 1149 2371 1208 reci
2380 1149 2555 1226 piunt
2582 1145 2983 1225 stipendium,
3018 1162 3093 1205 ex
3122 1161 3245 1222 quo
3276 1139 3593 1220 obligatio
3620 1157 3699 1198 cx

2110 1241 2357 1320 justitia
2376 1241 2664 1300 nascitur.
2688 1238 2967 1316 Denique
2983 1234 3403 1316 comparando
3418 1233 3611 1293 inter
3630 1249 3697 1290 se

2121 1335 2393 1414 privatos
2425 1332 2676 1407 milites,
2713 1337 2935 1412 praeter
2962 1347 3322 1392 communes
3356 1325 3537 1405 leges
3560 1325 3695 1402 jus-

2120 1428 2295 1501 titiae,
2326 1425 2669 1506 specialiter
2695 1431 2987 1484 tenentur
3016 1429 3191 1504 parta
3238 1419 3503 1482 vIctoria
3552 1437 3689 1478 ser-

2119 1538 2265 1580 vare
2278 1520 2508 1598 J’ustam
2532 1517 3029 1578 distributionem
3056 1516 3125 1576 in
3152 1503 3491 1594 partitione
3532 1529 3697 1590 proe-

2118 1613 2235 1675 dae.
2264 1613 2409 1687 Quae
2432 1617 2643 1672 autem
2671 1610 2779 1671 illa
2806 1610 2908 1685 sit,
2940 1627 3067 1672 non
3094 1611 3297 1689 potest
3320 1603 3575 1667 anobis
3598 1603 3703 1661 dc-

2118 1704 2324 1780 finiri3
2353 1705 2549 1766 sedin
2574 1721 2943 1782 unoquoque
2972 1718 3167 1778 regno
3188 1695 3579 1760 servandum
3614 1702 3704 1756 est

2120 1798 2220 1862 vel
2246 1799 2413 1878 quod
2439 1814 2615 1874 reges
2650 1801 2947 1870 statuunt,
2992 1793 3093 1856 vel
3130 1791 3294 1872 quod
3330 1789 3553 1864 duces,
3604 1787 3703 1848 vel

2120 1899 2285 1952 certe
2312 1890 2475 1970 quod
2502 1889 2693 1950 fuerit
2720 1889 2788 1948 in
2814 1905 2985 1949 more
3012 1893 3075 1947 et
3104 1883 3590 1946 consuetudine.
3622 1881 3705 1940 De

2119 1985 2323 2065 primo
2366 1983 2559 2062 igitur
2586 1983 2783 2062 capite
2816 1980 3161 2042 'dicendum
3214 1984 3404 2039 restat
3450 1974 3703 2036 solum-

2122 2076 2329 2139 mode.

2202 2170 2262 2230 3.
2307 2171 2398 2232 De
2434 2167 2641 2252 prima
2678 2169 3137 2247 comparatione.
3169 2197 3252 2212 —
3286 2161 3518 2227 Prima
3566 2179 3707 2223 oon-

2120 2262 2311 2326 olusio
2352 2261 2689 2326 bimembris
2716 2267 2775 2324 et
2804 2261 3154 2324 communis.
3187 2290 3270 2305 -
3288 2257 3435 2318 Dico
3464 2255 3703 2335 primo:

2116 2363 2265 2416 ante
2302 2354 2534 2417 bellum
2556 2354 2916 2416 inchoatum
2942 2359 3194 2416 tenetur
3224 2351 3519 2430 princeps
3562 2365 3709 2426 pro-

2118 2467 2349 2528 ponere
2397 2449 2627 2528 justam
2670 2465 2919 2509 causam
2970 2446 3117 2508 belli
3164 2441 3525 2522 reipublicae
3552 2457 3705 2500 con-

2118 2542 2349 2618 trariae,
2406 2560 2477 2602 ac
2534 2548 2739 2621 petere
2781 2539 3234 2601 restitutionem
3284 2535 3699 2612 condignam,

2118 2653 2309 2716 quam
2337 2636 2387 2695 si
2412 2635 2607 2696 altera
2624 2635 2865 2708 offerat,
2903 2639 3152 2694 tenetur
3184 2635 3537 2708 acceptare,
3572 2633 3638 2686 et
3666 2643 3703 2686 a

2116 2728 2279 2790 bello
2302 2727 2626 2788 desistere:
2656 2727 2821 2806 quod
2844 2727 2897 2786 si
2920 2743 3047 2786 non
3072 2725 3280 2798 faciat,
3308 2720 3555 2782 bellum
3584 2719 3704 2778 crit

2116 2822 2461 2900 injustum3
2503 2821 2553 2880 si
2594 2820 2752 2881 alter
2785 2839 2930 2880 vero
2968 2825 3154 2897 neget
3180 2815 3701 2886 satisfactionem,

2117 2921 2267 2976 tune
2298 2916 2526 2995 poterit
2550 2914 2718 2992 juste
2748 2912 2978 2973 bellum
3011 2910 3320 2972 inchoare.
3368 2905 3525 2968 Tota
3556 2922 3705 2964 con-

2118 3007 2307 3069 clusio
2336 3013 2427 3068 est
2458 3006 2827 3079 communis,
2851 3021 2913 3066 et
2941 3004 3164 3066 ultima
3190 3018 3330 3082 pars
3356 3005 3455 3060 est
3487 2995 3702 3071 clara3

2116 3101 2287 3180 quia,
2332 3100 2647 3180 supposita
2702 3097 3040 3178 pertinacia
3084 3093 3337 3156 alterius
3364 3089 3699 3172 principis,

2118 3214 2227 3258 seu
2263 3194 2641 3275 reipublicae,
2690 3193 2951 3272 aliisque
3002 3187 3491 3260 conditionibus,
3536 3182 3705 3246 nihil

2118 3289 2392 3368 estquod
2421 3293 2747 3366 spectetur.
2782 3286 2954 3347 Prior
2986 3283 3259 3344 sumitur
3287 3299 3367 3342 ex
3394 3277 3704 3356 Augusti-

2118 3399 2224 3455 no,
2250 3399 2382 3462 cap.
2416 3379 2589 3456 Noli,
2620 3381 2722 3454 23,
2748 3385 2961 3458 quaest.
2996 3367 3054 3453 1,'
3084 3382 3148 3438 et
3174 3393 3304 3453 cap.
3360 3368 3701 3444 Dominus,

2117 3481 2331 3554 quaest.
2359 3475 2437 3549 23
2462 3478 2526 3535 et
2545 3473 2935 3534 consentiunt
2953 3487 3169 3532 omnes
3200 3469 3533 3530 Doctores:
3576 3463 3707 3524 Ma-

2113 3568 2237 3646 jor,
2268 3568 2335 3628 in
2361 3569 2426 3643 4,
2470 3585 2531 3646 q.
2593 3568 2705 3638 203
2754 3565 2997 3642 Dried0,
3032 3563 3140 3624 lib.
3187 3564 3226 3622 2
3272 3559 3349 3620 de
3378 3558 3705 3619 Libertate

2118 3660 2484 3732 Christiana,
2518 3678 2651 3738 cap.
2682 3661 2721 3718 6
2728 3675 2751 3734 3
2780 3658 2999 3736 Cajet„
3029 3653 3218 3716 verbo
3239 3651 3535 3718 Bellunu-
3560 3649 3709 3727 Syl·

2115 3760 2340 3830 vester,
2369 3751 2543 3827 ibid„
2570 3760 2781 3834 quaest.
2809 3755 2873 3827 4,
2908 3749 3181 3814 conclus.
3218 3750 3279 3810 2.
3306 3744 3709 3822 videturque

2116 3852 2285 3908 recte
2336 3847 2544 3925 colligi
2596 3864 2673 3906 ex
2724 3845 2833 3906 illo
2886 3843 3023 3905 loco
3067 3843 3401 3904 Deuteron.
3442 3839 3567 3898 20:
3622 3832 3709 3898 Si

2121 3940 2357 4022 quando
2379 3939 2700 4003 accesseris
2740 3939 2821 4002 ad
2840 3933 3321 4018 expuqnandam,
3360 3937 3483 3991 etc.
3514 3929 3705 3990 Ratio

2122 4041 2235 4107 est,
2263 4031 2410 4111 quia
2436 4031 2591 4092 alius
2630 4027 2775 4092 belli
2822 4029 3041 4090 modus
3082 4033 3237 4088 esset
3290 4023 3597 4102 injustuS,
3644 4023 3709 4078 et

2120 4128 2269 4188 inde
2297 4125 2475 4187 fieret
2495 4143 2679 4186 causa
2706 4125 2839 4204 ipsa
2864 4123 3120 4201 injusta.
3164 4121 3317 4182 Nam
3368 4115 3483 4176 ubi
3518 4113 3707 4174 offer-

2120 4226 2223 4280 tur
2256 4218 2438 4299 plena
2476 4223 2538 4278 et
2576 4215 2883 4278 sufficiens
2920 4211 3255 4275 satisfactio
3305 4207 3696 4280 voluntaria,

2120 4331 2246 4374 non
2274 4318 2365 4372 est
2406 4310 2574 4371 locus
2601 4308 2932 4382 violentiae,
2976 4303 3318 4386 praesertim
3346 4301 3505 4382 quia
3532 4299 3701 4360 ratio

2114 4407 2325 4481 dictat,
2351 4411 2423 4466 ut
2460 4401 2836 4466 vindicativa
2850 4399 3093 4479 justitia
3116 4398 3225 4458 fiat
3249 4413 3394 4457 cum
3422 4393 3699 4454 minimo

2114 4499 2344 4558 damno
2384 4496 2721 4570 communi,
2766 4499 3005 4556 servata
3046 4497 3257 4552 tamen
3304 4485 3694 4567 aequalitate.

2116 4592 2419 4653 Praeterea
2443 4589 2724 4670 princeps
2758 4604 2889 4647 non
2936 4582 3124 4645 habet
3163 4582 3293 4642 vim
3341 4577 3699 4640 coactivam

2115 4683 2181 4744 in
2222 4683 2417 4744 alium
2458 4682 2801 4766 principem
2824 4724 2844 4754 ,
2897 4678 3017 4738 nisi
3059 4673 3308 4756 quando
3350 4673 3406 4733 is
3456 4672 3701 4750 injuste

2114 4775 2265 4855 agit,
2296 4782 2481 4854 atque
2514 4774 2666 4835 adeo
2692 4769 2941 4852 quando
2979 4787 3107 4832 non
3146 4765 3282 4828 vult
3310 4763 3697 4831 satisfacere.

2192 4871 2253 4929 4.
2300 4865 2563 4931 limitat
2588 4865 2918 4946 Cajetanue
2954 4859 3415 4925 conclusionem.
3441 4888 3531 4901 —
3556 4853 3701 4918 Ex·

2107 4962 2399 5044 penditwr
2430 4959 2739 5022 limitatio.
2766 4988 2843 5002 —
2870 4955 2948 5016 At
2972 4969 3115 5015 vero
3142 4951 3503 5030 Cajetanus,
3526 4945 3700 5007 limi-

2114 5061 2207 5116 tat
2254 5053 2420 5114 banc
2472 5051 2964 5123 conclusionem,
3026 5043 3291 5118 scilicet,
3343 5039 3701 5102 dummodo

2114 5148 2251 5209 haec
2281 5145 2611 5208 satisfactio
2656 5143 2951 5205 offeratur
2998 5146 3143 5202 ante
3176 5135 3487 5200 actualem
3538 5151 3699 5194 con-

2118 5258 2396 5320 gressum
2444 5237 2629 5300 belli:
2677 5253 2824 5298 nam
2866 5238 3000 5315 post
3044 5230 3411 5292 inchoatum
3448 5225 3700 5286 bellum

2114 5350 2242 5395 non
2276 5337 2523 5394 tenetur
2549 5330 2625 5408 is,
2668 5328 2776 5408 qui
2824 5323 3108 5399 debellat,
3162 5339 3301 5384 eam
3335 5325 3695 5398 acceptare,

2112 5427 2260 5506 quia
2286 5427 2355 5486 in
2378 5422 2540 5486 bello
2563 5429 2653 5484 est
2678 5419 2869 5483 veluti
2888 5418 3107 5497 judex,
3154 5433 3279 5495 quo
3310 5413 3448 5492 jam
3479 5417 3693 5490 cepte,

2111 5518 2179 5581 fit
2225 5518 2513 5579 dominus
2558 5532 2775 5590 causoe,
2820 5512 3042 5592 ¹iusque
3091 5505 3425 5587 acquisivit
3473 5521 3699 5584 proce-
