3900 6217
907 363 1076 416 sncT.
1112 363 1150 416 Ι.
1187 357 1272 414 ΔΝ
1305 359 1552 416 NEGARE
1584 358 1772 416 Flnssn
1805 361 1901 418 su·
1933 365 2298 424 INTRINSECE
2330 371 2564 427 MALUM.

182 470 252 529 ita
275 467 439 528 etiam
466 464 680 526 docent
705 463 1118 524 communiter
1131 462 1286 524 sacri
1303 479 1589 534 canones,
1617 469 1690 524 ut

184 560 316 640 apud
354 559 702 620 Gratianum
751 557 949 618 videri
999 563 1199 638 potest
1221 601 1243 634 ‚
1295 555 1688 618 distinctione

181 653 430 734 vigesima
457 652 656 718 tertia.
695 650 1015 731 trigesima
1043 657 1239 724 sexta,
1277 655 1340 708 et
1368 649 1689 726 trigesima

181 754 374 819 octava3
423 749 484 806 et
525 744 852 824 septimam
889 741 1230 822 synodum,
1275 742 1540 802 sessione
1591 741 1686 802 ul·

181 842 332 913 tima,
367 837 542 920 rapit.
592 837 896 914 secund03
951 843 1014 897 et
1062 835 1406 898 Concilium
1446 836 1687 896 Toleta-

181 950 298 994 num
337 929 751 1003 undecimum,
786 929 852 990 in
882 929 1220 1010 principi03
1256 936 1318 989 et
1346 927 1686 990 Concilium

179 1025 533 1086 lateranense
586 1021 702 1083 sub
747 1021 1095 1084 Alexandro
1130 1022 1246 1094 111;
1306 1021 1572 1082 habetur
1619 1022 1688 1082 in

180 1119 334 1200 rapite
379 1113 526 1180 Cum
579 1118 650 1177 in
695 1113 958 1190 cuncus,
1002 1117 1088 1176 De
1141 1114 1475 1191 electione,
1518 1120 1580 1178 et
1619 1117 1686 1178 in

178 1209 396 1274 Concilio
431 1209 828 1272 lateranensi
843 1255 866 1284 ,
915 1208 1030 1268 sub
1067 1210 1268 1270 Leone
1296 1209 1376 1284 X,
1419 1209 1686 1270 saesione

177 1319 344 1380 nona3
385 1321 454 1364 ac
507 1301 778 1380 denique
832 1303 900 1364 in
951 1301 1312 1364 Tridentino
1345 1347 1364 1368 ,
1419 1303 1686 1364 sessione

177 1397 412 1476 septima,
452 1397 652 1476 capite
686 1397 910 1476 primo,
967 1402 1029 1457 et
1068 1395 1336 1456 sessione
1385 1396 1688 1474 vigesima

177 1489 396 1552 secunda
419 1533 440 1564 ,
493 1488 682 1568 capit.
745 1489 1014 1552 secundo
1077 1488 1152 1549 de
1203 1487 1682 1551 Reformatione.

177 1585 315 1646 Ratio
338 1601 474 1644 vero
506 1589 626 1656 est,
662 1585 808 1664 quia
836 1583 1106 1662 episcopi
1134 1583 1472 1645 succedunt
1497 1584 1688 1662 Apos-

173 1677 298 1754 tulis,
328 1675 548 1756 quibus
567 1677 832 1738 maxime
851 1676 1086 1737 dictum
1109 1683 1202 1739 est
1225 1696 1238 1736 ε
1263 1677 1478 1740 Docete
1491 1693 1689 1740 omues

173 1777 356 1853 penus,-
385 1770 538 1832 item
579 1771 728 1850 quia
776 1771 894 1830 hac
943 1771 1184 1832 ratione
1241 1769 1322 1830 ad
1376 1771 1688 1850 episcopos

173 1865 392 1944 pertinet
454 1863 791 1926 defendere
838 1861 1052 1944 fidem,
1107 1870 1170 1924 et
1216 1862 1445 1924 habere
1497 1863 1690 1924 etiam

174 1957 480 2036 suffragium
523 1957 598 2017 in
639 1955 950 2032 ConciliiS,
995 1957 1063 2018 in
1103 1957 1326 2036 quibus
1371 1956 1449 2017 de
1505 1955 1690 2016 rebus

171 2051 279 2111 fidei
313 2045 675 2112 definiendis
715 2056 1031 2112 tractatur.
1076 2049 1350 2134 Denique
1383 2049 1530 2128 qnia
1579 2067 1686 2110 ne-

171 2143 448 2206 cessarium
501 2143 634 2204 fuit
673 2144 740 2204 in
799 2143 1066 2206 Ecclesia
1119 2161 1248 2205 esse
1307 2141 1566 2222 aliquos.
1605 2144 1684 2204 ad

169 2256 286 2314 quos
323 2255 394 2298 ex
427 2237 638 2298 officio
669 2237 976 2316 pertineat
1009 2242 1226 2300 exacta
1259 2235 1546 2316 quaedam
1577 2253 1686 2298 co-

170 2331 326 2408 gnitio
349 2348 552 2392 rerum
599 2330 768 2404 fidei,
801 2335 870 2390 ut
907 2330 1094 2410 possit
1127 2330 1264 2390 sine
1295 2346 1500 2391 errore
1541 2347 1657 2390 con
1675 2362 1688 2376 ·

169 2423 378 2496 servari3
400 2439 554 2500 ergo
585 2422 860 2484 maxime
883 2422 1000 2484 hoc
1023 2423 1291 2502 pertinet
1314 2422 1392 2484 ad
1421 2423 1688 2501 gradum

169 2515 568 2592 episcoporum.
617 2515 790 2578 Dices
829 2515 976 2576 satis
1011 2533 1140 2578 esse
1166 2522 1238 2576 ut
1257 2516 1548 2596 episcopi,
1580 2531 1692 2596 per

167 2625 231 2681 se,
256 2604 340 2668 vel
364 2626 472 2687 per
499 2608 683 2684 aiios,
715 2609 948 2688 possint
977 2608 1095 2669 hoc
1127 2627 1354 2670 munus
1380 2608 1684 2688 supplere;

169 2719 282 2778 ergo
305 2702 366 2761 in
403 2702 614 2782 rigore
651 2720 779 2764 non
809 2702 1164 2781 obligantur
1205 2703 1280 2764 ad
1309 2709 1548 2764 tantam
1583 2722 1689 2764 co-

165 2795 460 2872 gnitionem
531 2813 744 2858 rerum
813 2794 984 2856 fidei.
1068 2796 1494 2876 Respondetur
1571 2795 1690 2858 hoc

167 2885 496 2963 adjutorium
549 2905 686 2950 esse
725 2907 839 2970 per
865 2888 1168 2960 accidens;
1199 2890 1319 2970 ipsi
1339 2894 1548 2950 autem
1579 2907 1689 2968 per

165 2997 212 3039 se
246 2979 606 3060 obligantur,
658 2988 721 3044 et
763 2982 1046 3061 quamvis
1097 2981 1409 3044 interdum
1455 2983 1689 3062 possint

164 3075 398 3134 excusari
427 3080 680 3154 propter
707 3081 1091 3137 occurrentes
1119 3093 1354 3151 causaS,
1377 3073 1473 3136 vel
1504 3074 1691 3135 ratio-

166 3184 268 3242 neS,
283 3166 355 3228 ab
377 3167 480 3230 illa
497 3167 882 3248 perfectione
899 3168 1194 3232 doctrinas
1213 3187 1352 3249 quae
1369 3187 1480 3248 per
1505 3186 1570 3228 se
1598 3169 1687 3230 lo-

164 3259 365 3336 quendo
402 3261 750 3322 necessaria
779 3267 891 3337 est,
935 3279 1064 3322 non
1101 3269 1310 3324 tamen
1348 3263 1428 3324 ab
1458 3263 1565 3325 illa
1591 3281 1688 3324 co-

161 3353 394 3428 gnitione
429 3371 572 3434 quae
606 3353 914 3416 sufficiens
948 3357 1050 3432 sit,
1078 3355 1254 3434 juxta
1299 3355 1578 3419 locorum
1621 3361 1686 3418 et

161 3451 463 3526 temporum
513 3449 1039 3528 opportunitates,
1088 3449 1167 3510 ad
1223 3467 1406 3511 suum
1457 3467 1686 3512 munus

164 3536 312 3616 digne
355 3540 772 3622 implendum
833 3541 909 3602 de
948 3561 1072 3624 qua
1113 3559 1202 3617 re,
1229 3543 1352 3604 Deo
1375 3543 1583 3618 dante,
1615 3542 1682 3604 in

163 3647 305 3709 opere
339 3635 409 3695 de
451 3635 688 3696 Ordine
723 3635 1053 3698 dicendum
1086 3636 1222 3698 erit.
1269 3637 1423 3698 Nam
1457 3655 1535 3698 ex
1564 3636 1684 3697 dis-

163 3739 305 3786 cursu
337 3723 496 3790 facto
542 3733 787 3788 constat
821 3745 1040 3790 verum
1076 3746 1204 3790 esse
1219 3773 1241 3804 ,
1281 3728 1448 3808 quod
1498 3747 1689 3808 supra

163 3814 278 3894 dixi,
301 3817 452 3880 hanc
485 3821 985 3899 obligationnem
1023 3839 1155 3882 non
1199 3839 1328 3884 esse
1367 3821 1681 3902 propriam

164 3906 294 3987 fidei,
314 3913 411 3974 sed
427 3915 720 3994 justitiae,
742 3931 851 3976 seu
875 3913 1086 3976 offleii.

561 4169 1017 4233 DISPUTATto
1058 4171 1214 4232 XIV.

275 4367 340 4412 m!
380 4369 699 4417 raAEcBPTo
732 4372 916 4420 AGTUS
957 4371 1310 4420 Rx'rsmonls
1348 4373 1530 4420 rmm.

227 4559 470 4626 Diximus
509 4565 582 4628 in
627 4567 1046 4648 superioribus
1105 4575 1313 4632 actum
1357 4569 1502 4631 fidei
1553 4587 1683 4632 esse

165 4649 426 4731 duplicem
448 4704 470 4734 ,
523 4659 840 4724 internum
894 4663 1177 4725 videlicet
1223 4670 1286 4725 et
1327 4669 1680 4726 externum.

170 4743 306 4807 Prior
348 4753 627 4814 consistit
677 4755 741 4816 in
793 4763 937 4817 actu
997 4757 1328 4832 credendi,
1385 4755 1685 4836 posterior

171 4852 286 4897 vem
317 4842 376 4902 in
408 4851 550 4907 actu
591 4846 926 4909 confitendi
960 4848 1177 4924 fidem,
1212 4855 1273 4910 et
1305 4849 1381 4910 de
1422 4856 1686 4929 utroque

163 4937 328 5006 potest
361 4935 670 5001 interdum
698 4958 826 5003 esse
849 4940 1146 5020 obligatio
1176 4964 1195 5017 3
1238 4947 1300 5002 et
1326 4942 1486 5016 ideo,
1513 4947 1678 5022 post·

164 5039 316 5097 quam
370 5028 601 5092 dictum
663 5042 754 5094 est
815 5033 893 5094 do
955 5035 1202 5096 interna
1277 5033 1675 5113 obligatione,

163 5113 220 5173 de
259 5135 492 5186 externa
539 5124 872 5188 dicendum
928 5133 1228 5207 superest,
1273 5127 1342 5188 in
1384 5145 1507 5207 qua
1561 5127 1682 5188 tria

155 5203 404 5289 distingui
429 5211 703 5294 possunt,
734 5219 986 5296 scilicet,
1015 5219 1295 5281 confiteri
1317 5218 1526 5294 fidem,
1557 5239 1665 5280 ne-

3208 375 3323 442 381

1769 467 2125 543 negatione,
2158 469 2307 549 quia
2334 477 2546 536 tamen
2582 485 2955 560 praeceptum
2997 482 3331 563 prohibens

1767 559 2164 636 negationem
2193 562 2339 626 fidei
2382 566 2625 631 facilius
2659 577 2771 650 est,
2805 579 2867 634 et
2905 573 2985 635 ab
3023 575 3190 639 illius
3230 597 3327 640 co-

1767 651 2049 728 gnitione
2115 655 2323 736 aliquo
2389 661 2573 723 modo
2641 666 2863 741 pendet
2918 666 3330 748 intelligentia

1765 747 2057 824 praecepti
2078 748 2458 830 affirmativi,
2490 755 2628 818 ideo
2652 757 2731 818 ab
2758 758 2865 820 illo
2896 763 3185 840 negativo
3211 765 3329 824 ini-

1765 837 1925 898 tium
1960 855 2296 905 sumemus.

2406 1072 2620 1127 SECTIO
2654 1077 2692 1130 Ι.

1778 1244 1997 1308 Utrum
2040 1266 2257 1332 negare
2284 1255 2465 1334 fidem
2506 1276 2737 1340 semper
2757 1261 2844 1326 sit
2862 1267 3231 1346 prohibitum
3270 1277 3329 1336 et

2232 1345 2555 1414 intrinsece
2596 1355 2841 1420 malum.

1853 1571 1910 1628 t.
1954 1571 2165 1634 Error
2204 1577 2650 1660 Elesaitarum,
2708 1591 2765 1649 et
2799 1589 3328 1657 Poisotlzianista-

1769 1665 2314 1740 rum—Quidam
2366 1676 2610 1756 antiqui
2646 1678 2945 1759 haeretici,
3002 1683 3149 1748 dicti
3192 1687 3327 1750 Ele-

1769 1757 1960 1834 saitae,
1991 1758 2284 1825 dixerunt
2309 1783 2439 1830 esse
2476 1769 2717 1833 licitum
2746 1793 2973 1854 negare
3014 1780 3324 1842 Christum

1764 1849 1830 1910 in
1862 1859 2207 1932 tormentis,
2242 1859 2581 1925 dummodo
2624 1868 2807 1929 corde
2848 1872 3208 1936 retineatur.
3238 1877 3328 1938 lta

1765 1943 1955 2006 refert
1980 1947 2301 2027 EusebiuS,
2342 1953 2381 2017 l.
2416 1956 2455 2015 6
2486 1957 2737 2037 Histor.,
2780 1981 2831 2024 c.
2866 1965 2964 2039 28,
3005 1966 3156 2029 alias
3202 1971 3275 2031 31
3306 1993 3323 2044 ;

1765 2046 2022 2114 possunt
2049 2042 2236 2105 etiam
2268 2061 2379 2125 pro
2406 2047 2523 2110 ista
2560 2049 2777 2115 haeresi
2806 2056 2980 2117 citari
3004 2059 3328 2123 Priscillia-

1766 2131 1966 2209 nistae,
1997 2137 2125 2212 qui,
2158 2144 2311 2202 teste
2352 2141 2717 2222 Augustino,
2752 2147 2863 2209 lib.
2896 2149 2973 2212 de
3002 2151 3326 2232 Haeresib„

1766 2222 1832 2284 in
1855 2226 1955 2302 70,
1982 2228 2275 2293 dixerunt
2306 2251 2475 2312 posse
2500 2236 2775 2318 aliquem
2810 2244 3117 2308 occultare
3145 2266 3327 2310 suum

1769 2333 2041 2382 errorem
2074 2323 2265 2385 etiam
2292 2327 2662 2410 pejerand03
2694 2333 2841 2396 inde
2890 2338 3057 2398 enim
3114 2359 3326 2402 conse-

1769 2411 1876 2488 qui
1899 2413 2144 2476 videtur
2168 2416 2334 2479 idem
2362 2421 2551 2484 fuisse
2578 2425 2847 2488 dicturos
2874 2430 2951 2491 de
2984 2449 3130 2494 vera
3158 2433 3279 2495 fide
3310 2457 3327 2510 ;

1769 2503 1835 2564 in
1863 2523 1989 2584 quo
2016 2524 2223 2571 errore
2254 2511 2363 2574 alii
2403 2515 2593 2578 etiam
2622 2517 2895 2600 fuerunt,
2926 2530 2999 2584 ut
3026 2527 3235 2603 retuli,
3266 2535 3330 2588 et

1768 2597 2155 2680 impugnavi,
2186 2604 2297 2668 lib.
2329 2609 2367 2668 3
2400 2609 2475 2671 de
2496 2611 2879 2692 JttramentO,
2906 2635 3043 2698 cap.
3077 2625 3136 2681 2.
3166 2622 3328 2683 Fun·

1769 2691 2131 2758 damentum
2184 2698 2373 2778 hujus
2426 2705 2647 2766 erroris
2702 2725 2833 2768 esse
2886 2713 3118 2789 potuit,
3180 2715 3327 2794 quia

1768 2783 1919 2848 fides
1956 2787 2023 2850 in
2052 2792 2234 2853 corde
2262 2804 2746 2876 consummatur,
2776 2807 2841 2862 et
2866 2819 2976 2882 per
3008 2805 3326 2868 internum

1767 2884 1980 2940 actum
2008 2883 2225 2946 satisfit
2248 2887 2405 2949 Deo:
2438 2893 2705 2953 exterior
2732 2899 2939 2955 autem
2964 2899 3165 2959 solum
3194 2917 3325 2961 osse

1769 2978 1969 3050 potest
2008 2985 2257 3056 propter
2295 2979 2579 3044 homines
2594 3005 2612 3059 3
2656 2984 2739 3046 ad
2764 2986 2903 3050 illos
2942 2996 3151 3052 autem
3196 3011 3324 3054 non

1768 3065 2081 3148 obligatur
2106 3071 2295 3134 homo
2326 3093 2467 3137 cum
2496 3082 2671 3139 tanto
2699 3081 2996 3159 periculo,
3022 3091 3092 3144 ut
3118 3091 3325 3148 tenea·

1767 3165 1872 3222 tur
1901 3168 2211 3226 tormenta
2238 3169 2564 3244 sustinere,
2610 3178 2672 3232 et
2696 3174 2953 3252 perdere
2982 3178 3200 3254 vitam,
3244 3197 3325 3240 ne

1767 3254 1904 3316 illos
1943 3255 2208 3336 decipiat
2252 3262 2541 3339 negando
2586 3263 2807 3342 fidem3
2852 3269 3021 3330 unde
3071 3269 3325 3333 sortasse

1767 3347 1870 3408 isti
1913 3349 2187 3412 haeretici
2240 3363 2689 3434 consequenter
2746 3359 3023 3422 dicerent
3075 3364 3327 3425 menda-

1766 3442 1932 3506 cium
1974 3463 2101 3506 non
2144 3463 2271 3510 esse
2312 3446 2569 3526 malum,
2602 3453 2850 3531 quando
2888 3455 2967 3516 ad
3002 3457 3323 3520 vitandum

1765 3553 1955 3614 grave
1994 3537 2294 3602 damnum
2346 3548 2439 3603 est
2492 3548 2937 3626 necessarium,
2989 3550 3086 3612 vel
3134 3552 3324 3612 etiam

1763 3638 2012 3707 possent
2038 3650 2329 3696 excusare
2360 3636 2447 3697 ibi
2494 3639 2888 3702 mendacium
2928 3661 3039 3723 per
3082 3643 3323 3725 amphi-

1763 3721 2101 3802 bologiam,
2128 3727 2387 3790 dicendo
2414 3730 2736 3794 hominem
2759 3734 2845 3795 sic
2872 3735 3321 3815 interrogatum

1765 3834 1893 3878 non
1925 3820 2124 3879 teneri
2150 3828 2381 3882 secreta
2420 3823 2620 3886 cordis
2666 3827 2764 3888 sui
2797 3829 3233 3907 manifestare3
3263 3838 3324 3893 et

1765 3909 1904 3971 ideo
1929 3911 1997 3970 in
2025 3911 2134 3972 tali
2159 3917 2489 3992 negatione
2518 3917 2899 3998 subintelligi
2931 3922 3093 3983 hanc
3134 3925 3325 4002 parti-

1764 4004 2001 4080 culam,
2042 4007 2137 4069 ita
2168 4010 2242 4069 ut
2280 4013 2487 4072 tenea-r
2526 4013 2944 4090 manifestare,
2982 4016 3141 4077 sicut
3179 4035 3323 4078 reus

1763 4097 1873 4176 qui
1901 4097 2047 4158 fecit
2089 4099 2423 4178 delictum,
2454 4109 2517 4165 et
2562 4123 2599 4164 a
2639 4105 2848 4182 judice
2891 4125 3019 4168 non
3061 4108 3325 4186 juridice

1764 4191 2208 4271 interrogatur,
2252 4195 2386 4256 sine
2418 4196 2743 4259 mendacio
2768 4206 2957 4278 negat
2996 4217 3060 4261 se
3086 4201 3319 4277 fecisse,

1767 4283 2285 4362 subintelligendo
2315 4304 2330 4348 z
2358 4288 2469 4352 Ita
2488 4294 2560 4352 ut
2586 4289 2695 4352 tibi
2724 4292 2921 4355 dicere
2947 4297 3169 4357 tenear.

1847 4379 1906 4437 2.
1954 4379 2231 4441 Assertio
2270 4381 2339 4442 de
2380 4381 2503 4455 fide
2531 4407 2553 4442 .·
2595 4382 2933 4464 Nunquam
2969 4387 3113 4448 licet
3146 4387 3325 4467 fidem

1763 4486 1982 4551 negare
2010 4471 2076 4532 ob
2106 4475 2335 4551 qumis
2365 4477 2679 4538 tormenta.
2711 4507 2791 4522 -
2809 4477 3223 4540 Nihilominus
3250 4481 3327 4540 ti·-

1763 4561 1870 4624 des
1915 4565 2217 4626 catholica
2260 4564 2436 4626 docet
2480 4585 2724 4646 semper
2758 4587 2886 4630 esse
2945 4571 3325 4648 prohibitum

1765 4675 1995 4734 negare
2056 4656 2267 4732 fidem,
2318 4658 2507 4718 etiam
2560 4667 2810 4738 propter
2858 4667 3192 4739 tormenta,
3227 4663 3327 4725 vel

1765 4766 2175 4829 quaecumque
2211 4758 2606 4814 nocumenta.
2654 4753 2957 4816 Probatur
3010 4757 3211 4834 primo
3248 4775 3327 4819 ex

1763 4842 1971 4906 verbis
2008 4843 2230 4908 Christi
2278 4844 2547 4919 Domini,
2596 4845 2872 4906 Matthaei
2909 4850 3027 4910 10:
3062 4851 3181 4924 Qm·
3224 4869 3325 4914 ne-

1758 4937 1991 5018 gaverit
2042 4954 2132 4998 me
2182 4953 2382 5000 coram
2431 4937 2765 5002 hominibus
2785 4984 2801 5013 ,
2851 4943 3075 5024 myabo
3114 4948 3174 5006 ot
3224 4961 3327 5026 09⁰

1760 5048 1894 5092 eum
1930 5045 2133 5092 coram
2165 5029 2356 5092 Patro
2384 5047 2507 5092 meo
2524 5055 2551 5104 ;
2583 5037 2648 5091 et
2676 5033 2741 5093 in
2770 5034 2988 5094 eodem
3020 5053 3204 5098 sensu
3232 5039 3325 5097 di·

1760 5124 1854 5184 xit
1881 5124 2057 5184 Lucae
2094 5141 2260 5184 nono
2309 5138 2326 5182 :
2374 5123 2497 5198 Qui
2532 5125 2793 5188 voluerit
2844 5127 3109 5192 animam
3150 5147 3327 5193 mm

1761 5217 1999 5280 salvam
2024 5220 2218 5296 facere
2238 5217 2445 5296 perdet
2472 5235 2643 5292 earm
2682 5226 2745 5280 et
2772 5219 2941 5282 addit
2976 5239 2989 5280 :
3040 5221 3159 5294 Quoi
3189 5239 3327 5284 eru-

156 5313 268 5373 gare
313 5301 510 5379 tidem,
544 5317 630 5384 et,
664 5311 827 5390 quod
858 5311 1023 5372 inter
1066 5312 1174 5372 illa
1224 5312 1497 5374 medium
1547 5319 1659 5389 est,
1746 5308 1938 5372 bum-it
1988 5327 2080 5398 ηις
2108 5326 2309 5372 coram
2352 5311 2711 5387 hominibus,
2750 5315 3091 5376 erubescam
3127 5320 3182 5376 ec
3210 5331 3315 5394 09⁰

157 5391 414 5457 occultare
439 5399 653 5477 fidem,
678 5410 740 5464 et
779 5403 857 5464 de
902 5404 998 5466 his
1039 5405 1236 5466 tribus
1281 5423 1393 5465 suo
1447 5404 1664 5468 ordine
1744 5419 1898 5478 eum,
1939 5409 2060 5463 etc.
2091 5402 2266 5464 Unde
2306 5403 2550 5478 Paulus,
2597 5405 2881 5466 secundae
2904 5406 2985 5468 ad
3016 5407 3296 5468 Timoth.

160 5479 398 5551 dicemus.
444 5491 734 5565 Quamvis
780 5489 928 5558 vero
987 5497 1316 5560 affirmatio
1371 5500 1452 5560 sit
1495 5497 1664 5576 prior
1743 5495 2012 5556 secundo
2044 5511 2059 5555 :
2095 5493 2173 5560 Si
2226 5496 2643 5576 amaverimus
2676 5515 2831 5572 eum,
2881 5503 2938 5560 ec
2978 5500 3107 5578 ipse
3136 5518 3331 5584 nequ,
