3900 6217
577 365 656 432 84

658 478 756 538 12.
811 475 1224 557 Impuqmtar
1285 475 1540 538 secundo
1595 471 1852 554 Hispal.
1895 503 1979 517 —
2031 472 2137 533 Se·

577 569 785 630 cundo
825 567 1250 648 principaliter
1275 571 1682 648 argumentor
1729 570 1943 625 contra
1978 565 2138 625 hano

579 664 972 735 sententiam,
1021 659 1170 742 quia
1216 659 1318 720 vel
1361 659 1479 719 illa·
1537 658 1677 719 duae
1729 637 2139 718 formalitates

576 755 959 818 constituunt
988 772 1200 816 veram
1243 752 1550 813 rationem
1595 751 1897 822 scientiae,
1944 757 2008 812 et
2034 769 2138 812 v·e

576 867 712 912 ram
753 847 1058 909 rationem
1091 845 1232 908 fidei
1269 847 1334 906 in
1366 845 1471 905 illo
1515 849 1680 914 actu,
1723 845 1804 904 ita
1842 848 1910 904 ut
1960 849 2137 903 actus

577 942 704 1014 ille,
742 946 924 1020 prout
969 937 1060 1001 es't
1103 938 1382 1006 evidenS,
1442 937 1519 998 sit
1567 936 1852 1017 ejusdem
1906 933 2137 1016 speciei

576 1054 721 1098 cnm
755 1040 894 1096 actu
937 1033 1274 1093 scientifico
1317 1031 1600 1111 ejusdem
1646 1031 1894 1110 objecti,
1946 1046 2137 1108 quern

577 1129 767 1190 hahet
830 1126 1238 1207 philosophus
1305 1124 1573 1186 inlidelis
1604 1170 1620 1199 ,
1691 1130 1752 1184 et
1829 1131 2139 1202 quatenus

578 1227 671 1284 est
712 1227 916 1283 certus
954 1217 1324 1280 certitudine
1356 1217 1524 1292 fidei,
1559 1219 1637 1279 sit
1679 1216 1963 1297 ejusdem
2004 1233 2142 1294 spe·

579 1313 700 1375 civi
743 1332 890 1374 cum
929 1318 1071 1373 actu
1111 1311 1254 1373 tidei
1289 1310 1570 1391 ejusdem
1621 1311 1917 1385 veritatiS,
1950 1325 2141 1388 quem

575 1407 766 1467 habet
801 1405 1001 1466 tidelis
1035 1403 1262 1480 idiota3
1290 1403 1389 1465 vel
1419 1404 1536 1465 iltae
1562 1402 1969 1464 formalitates
1997 1405 2143 1463 sunt

579 1500 840 1561 aliarum
914 1497 1226 1559 rationum
1274 1515 1292 1556 ε
1349 1499 1645 1558 neutrum
1698 1497 1820 1558 dici
1879 1501 2082 1576 potest
2118 1513 2135 1568 ;

579 1610 754 1676 ergo.
803 1591 1004 1654 Minor
1061 1591 1270 1671 quoad
1315 1590 1584 1671 primam
1633 1598 1873 1670 partem
1919 1588 2143 1670 proba-

578 1693 680 1748 tur
711 1729 728 1757 ,
781 1683 930 1766 quia
981 1683 1101 1744 illae
1152 1683 1291 1746 duae
1335 1683 1576 1763 species
1635 1681 1779 1744 fidei
1830 1689 1892 1744 et
1941 1682 2144 1742 scien-

577 1779 680 1841 tiae
733 1796 810 1840 cx
859 1795 950 1852 se,
998 1780 1060 1838 et
1117 1796 1193 1843 ex
1243 1783 1468 1838 natura
1497 1795 1611 1838 sua
1660 1783 1807 1838 sunt
1835 1775 2140 1838 distinctae

577 1871 850 1944 realiter,
891 1877 954 1934 et
992 1872 1376 1934 constituunt
1402 1873 1686 1954 proprias
1717 1871 2027 1944 entitateS,
2074 1877 2145 1932 ut

577 1985 692 2047 per
725 1984 792 2027 se
816 1970 1080 2030 constat.
1114 1971 1176 2026 et
1205 1971 1374 2046 patet
1404 1965 1468 2024 in
1504 1965 1804 2046 exemplis
1830 1965 2138 2026 adductis.

579 2059 756 2132 Quod
785 2064 994 2119 autem
1021 2058 1205 2118 simul
1233 2062 1608 2120 concurrant
1640 2059 1702 2120 in
1741 2058 1963 2121 eodem
1990 2065 2144 2119 tem-

577 2170 730 2234 pore
761 2157 822 2212 et
849 2149 1152 2229 subjectu,
1187 2169 1315 2211 non
1346 2151 1494 2212 satis
1523 2156 1618 2212 est
1657 2159 1723 2212 ut
1754 2149 2143 2212 confundan-

577 2255 702 2318 tur,
744 2250 805 2306 et
843 2245 1198 2305 coalescant
1241 2242 1309 2304 in
1358 2244 1644 2306 eamdem
1678 2245 2028 2318 entitatem,
2071 2246 2143 2304 ut

577 2344 748 2418 patet
778 2337 1089 2398 inductive
1121 2335 1182 2395 in
1225 2338 1517 2398 omnibus
1548 2338 1850 2398 similibus
1876 2337 2144 2417 qualita-

578 2432 767 2504 tibus,
802 2435 867 2491 ut
895 2435 1061 2500 sunt,
1093 2429 1265 2490 verbi
1302 2430 1527 2510 gratia,
1558 2430 1783 2492 albedo
1821 2436 1882 2492 et
1928 2429 2143 2490 dulce-

579 2526 698 2597 do;
743 2529 805 2588 et
849 2523 911 2583 in
949 2521 1189 2583 actibus
1217 2523 1468 2597 animae,
1513 2543 1692 2585 amor
1720 2522 2033 2594 amicitiae,
2081 2528 2143 2583 et

580 2615 1094 2696 concupiscentiae
1124 2615 1252 2688 Dei,
1284 2615 1427 2677 licet
1464 2617 1544 2677 ab
1579 2617 1786 2696 aliquo
1812 2615 1995 2676 simul
2030 2617 2144 2676 ha-

579 2711 868 2784 beantur,
897 2727 1020 2769 non
1051 2715 1380 2788 propterea
1409 2707 1568 2770 fiunt
1595 2728 1760 2770 unus
1789 2716 1988 2771 actus,
2015 2711 2147 2771 Iino

577 2805 765 2885 plane
797 2803 1042 2863 videtur
1071 2802 1474 2882 impossihile,
1523 2803 1672 2882 quia
1702 2802 1820 2863 illa·
1852 2803 2147 2863 differen-

576 2893 678 2958 tiae
710 2913 964 2974 semper
990 2893 1266 2955 retinent
1305 2895 1596 2956 eamdem
1637 2895 2142 2974 repugnantiam,

581 2996 643 3052 et
681 2987 970 3070 quaelibet
1017 2987 1264 3048 illarum
1295 2994 1390 3049 est
1441 2988 1837 3050 constitutiva
1880 2987 2147 3068 propriae

581 3079 874 3145 entitatis.
906 3079 1196 3142 Secunda
1227 3087 1436 3143 autem
1488 3099 1633 3160 pars
1672 3082 1932 3143 minoris
1962 3100 2000 3142 a
2035 3099 2147 3143 ne·

575 3165 748 3238 mine
783 3173 1098 3244 asseritur,
1146 3172 1366 3234 saltem
1397 3173 1606 3252 quoad
1640 3173 1908 3236 alterum
1949 3193 2147 3236 mem·

579 3267 762 3330 hrum
797 3265 876 3328 de
906 3267 1200 3339 scientia;
1233 3284 1380 3327 nam
1407 3285 1550 3327 cum
1579 3267 1683 3328 ille
1708 3272 1884 3328 actus
1914 3267 1993 3328 sit
2023 3267 2145 3329 evi-

581 3360 739 3422 dens
769 3364 830 3421 et
858 3366 1088 3434 certus,
1121 3377 1341 3420 omnes
1375 3359 1651 3421 fatentur
1678 3378 1815 3422 esse
1851 3377 2143 3422 veracem

580 3452 924 3516 scientiam.
953 3453 1040 3512 De
1070 3452 1309 3514 ratione
1338 3460 1546 3514 autem
1572 3451 1740 3524 fidei,
1775 3453 2011 3532 Hispal.
2042 3472 2143 3514 su·

576 3567 691 3630 pra
719 3553 910 3628 negat
936 3547 1104 3607 illam
1139 3547 1203 3608 iu
1233 3547 1338 3608 tali
1367 3553 1532 3619 actu,
1566 3549 1710 3628 quia
1739 3547 1883 3609 licet
1908 3547 1986 3609 sit
2012 3565 2143 3610 cer-

577 3641 700 3703 tior
729 3658 805 3701 ex
830 3641 1196 3702 auctoritate
1222 3639 1456 3716 divina,
1482 3641 1886 3701 nihilominus
1911 3639 2141 3702 forma-

577 3734 719 3796 litas
766 3734 869 3795 illa
921 3753 1044 3794 non
1096 3741 1190 3794 est
1224 3733 1406 3808 fideS,
1448 3735 1596 3814 quia
1646 3740 1738 3796 est
1768 3734 1850 3796 de
1891 3733 2137 3815 objecto

580 3827 734 3889 alias
763 3826 1070 3888 evidente.
1103 3827 1224 3890 Sed
1258 3828 1325 3888 in
1363 3828 1482 3889 hac
1511 3828 1753 3890 ratione
1788 3828 1942 3908 petit
1968 3827 2141 3906 prin-

581 3920 834 4000 cipium,
870 3927 931 3983 et
971 3920 1036 3982 id
1063 3919 1232 3999 quod
1264 3920 1432 3994 dicit,
1463 3920 1722 4000 intelligi
1753 3937 1879 3980 non
1910 3926 2134 4000 potest,

579 4014 726 4092 quia
752 4013 856 4074 ille
885 4019 1057 4075 actus
1084 4011 1386 4073 fundatur
1413 4013 1477 4073 in
1517 4015 1882 4076 auctoritate
1932 4014 2141 4075 divina

574 4105 966 4179 testificante,
1002 4124 1129 4166 non
1157 4105 1346 4178 clare,
1395 4105 1507 4167 sed
1539 4107 1838 4184 obscure3
1871 4113 1932 4168 et
1970 4107 2137 4182 iden,

559 4183 721 4260 ‘licet
747 4204 812 4259 ut
842 4200 927 4259 sic
953 4199 1030 4259 sit
1054 4205 1280 4271 certuS,
1314 4217 1440 4258 non
1469 4205 1562 4260 est
1582 4201 1992 4275 necessariuS,
2029 4201 2140 4262 sed

576 4289 775 4362 liber;
811 4309 961 4371 ergo
991 4298 1060 4352 ut
1099 4291 1207 4364 sic,
1241 4297 1334 4352 est
1364 4289 1710 4364 inevidenS,
1743 4299 1805 4352 et
1844 4293 2143 4356 fundatur

578 4385 642 4446 in
671 4391 801 4446 toto
829 4383 1069 4464 objecto
1103 4384 1350 4444 formali
1384 4383 1566 4457 fidei;
1600 4403 1751 4464 ergo
1779 4386 1883 4446 illa
1911 4387 2145 4448 forma-

579 4477 720 4538 litas
765 4495 893 4536 non
934 4484 1135 4556 potest
1167 4495 1303 4539 esse
1339 4478 1458 4538 nisi
1509 4476 1653 4538 fidei
1681 4485 1723 4538 ¹.
1756 4479 2037 4559 Denique
2090 4481 2142 4542 si

579 4586 707 4630 non
739 4573 834 4630 est
863 4569 1042 4642 fides,
1075 4589 1192 4632 nec
1231 4570 1510 4643 scientia,
1539 4571 1829 4650 explicari
1883 4590 2008 4632 non
2035 4591 2143 4652 po-

578 4665 701 4723 test
751 4663 900 4741 quid
948 4663 1060 4736 sit,
1114 4678 1320 4742 neque
1379 4663 1564 4724 etiam
1624 4667 1829 4743 potest
1881 4665 2141 4747 intelligi

580 4754 750 4835 quod
791 4755 895 4815 illa
950 4755 1294 4816 formalitas
1337 4756 1656 4817 abstrahat
1714 4757 1795 4817 ab
1855 4759 2140 4821 evidente

581 4853 644 4908 et
671 4847 1048 4920 inevidente,
1089 4853 1159 4908 ut
1185 4847 1287 4908 ille
1317 4847 1613 4928 loquitur,
1642 4850 1788 4929 quia
1819 4850 1919 4911 illa
1946 4868 2142 4912 mem·

578 4939 692 5000 bra
735 4946 879 5001 sunt
905 4940 1266 5000 immediate
1296 4941 1602 5020 opposita,
1641 4949 1703 5004 et
1740 4942 2144 5005 consideran·

575 5039 680 5092 t-‘ur
702 5033 768 5092 in
793 5033 1010 5094 ordine
1043 5033 1125 5093 ad
1153 5039 1362 5094 actum
1381 5041 1566 5113 prout
1594 5041 1688 5095 est
1715 5035 1778 5096 in
1802 5055 2012 5098 rerum
2034 5055 2143 5100 na-

574 5129 738 5196 tura,
780 5131 841 5186 et
895 5144 1023 5186 non
1061 5124 1410 5188 secundum
1452 5125 1726 5208 aliquam
1772 5130 2000 5192 mentis
2031 5130 2141 5191 ab·

573 5217 996 5280 structionem.

657 5405 674 5439 ²
720 5401 998 5463 Concinit
1027 5409 1264 5476 auctor,
1295 5403 1628 5465 in'tractat.
1659 5404 1736 5465 de
1761 5403 2046 5466 Bonitate
2076 5411 2139 5467 et

573 5495 827 5574 Malitia,
856 5495 1015 5578 disp.
1040 5499 1101 5564 4.
1130 5502 1278 5558 sect.
1313 5501 1374 5572 2,
1403 5517 1438 5558 a
1470 5515 1644 5559 num.
1679 5500 1736 5558 4.

1055 367 1294 428 DISPUT.
1329 369 1411 424 ΙΙΙ.
1447 365 1529 424 DE
1563 365 1824 424 emt-:cto
1857 364 2125 422 Formati
2160 363 2344 436 riom,
2380 365 2460 424 m·
2492 369 2783 434 Quonono
2818 371 2901 424 ΔΙ)
2935 369 3136 432 tLLm),
3166 373 3291 429 E‘rc.

2302 475 2398 535 13.
2438 474 2597 548 Quid
2620 475 2857 538 tandem
2886 475 3093 556 quinto
3123 473 3243 538 loco
3270 481 3569 556 respondeat
3587 487 3678 547 Mo·

2218 567 2271 628 Ζ
2256 585 2375 640 na,
2422 573 2479 630 et
2518 566 2630 629 aliz·
2660 569 2741 629 ad
2773 569 3000 632 dictum
3036 575 3431 649 armamentum
3466 575 3521 633 in
3561 595 3677 640 uum.

2220 661 2277 720 7.
2308 661 2728 734 -Refkllitur
2758 662 2883 724 lzoec
2920 679 3113 742 respo
3100 660 3222 722 isio
3248 664 3431 744 primo
3459 683 3492 726 a
3517 671 3677 748 priori.

2217 753 2425 813 —Est
2476 772 2624 834 ergo
2680 755 2934 815 ultimus
2976 753 3199 814 modus
3238 755 3493 828 dicendi,
3534 768 3682 822 actum

2218 849 2395 910 illum
2416 848 2651 908 habere
2680 865 2895 908 veram
2922 848 3222 908 rationem
3253 848 3563 926 specificam
3584 855 3685 914 sim-

2217 943 2441 1021 plicem
2474 949 2535 1002 et
2564 941 3061 1012 substantialem,
3088 940 3424 1002 distinctam
3446 943 3515 1003 ab
3544 950 3686 1024 speci·

2220 1033 2353 1094 ficis
2405 1034 2750 1096 rationibus
2790 1035 3061 1096 scientioe
3115 1041 3175 1095 et
3222 1033 3384 1104 fidei,
3422 1037 3688 1101 eminenter

2220 1133 2552 1206 utramque
2582 1128 3028 1197 coutinentem,
3061 1125 3206 1205 quia
3234 1127 3429 1188 -sumit
3470 1127 3605 1189 illam
3639 1151 3688 1192 ex

2221 1219 2453 1300 duplici
2505 1220 2739 1280 motivo
2774 1219 2923 1281 fidei
2974 1224 3037 1280 et
3086 1218 3388 1293 scientiae,
3433 1225 3493 1280 ut
3526 1225 3690 1284 consti-

2220 1319 2435 1376 tuente
2469 1332 2662 1373 unum
2692 1313 2907 1388 totale,
2936 1318 2995 1374 et
3024 1311 3409 1390 adaequatum
3442 1313 3687 1386 motivum,

2223 1425 2363 1486 quie
2388 1405 2595 1485 opinio
2620 1411 2824 1486 potest
2852 1405 3039 1466 tribui
3055 1405 3367 1480 DurandO,
3397 1412 3453 1466 et
3470 1406 3582 1467 aliis
3599 1427 3692 1470 auc-

2222 1499 2459 1561 toribus
2494 1517 2681 1578 supra
2722 1497 2943 1571 citatis,
2991 1505 3301 1578 quatenus
3330 1497 3633 1576 simpliciter
3655 1507 3694 1562 et

2224 1593 2359 1654 sine
2422 1592 2545 1653 alia
2603 1592 3025 1653 declaratione
3091 1590 3307 1652 dicunt
3328 1637 3344 1663 ,
3394 1591 3547 1652 illum
3603 1612 3694 1656 esse

2222 1705 2421 1746 unum
2450 1691 2691 1759 actum3
2724 1691 2786 1747 et
2813 1685 3015 1766 magis
3042 1685 3163 1746 lioc
3191 1684 3496 1746 declarant
3512 1685 3693 1761 Melina,

2224 1782 2253 1839 1
2302 1787 2491 1859 part.,
2532 1797 2593 1860 q.
2639 1783 2696 1854 Ι,
2731 1784 2845 1839 art.
2884 1781 2942 1853 l,
2972 1778 3130 1857 disp.
3168 1779 3193 1838 t
3225 1797 3241 1849 ;
3274 1775 3509 1850 Fonse.,
3548 1779 3579 1838 6
3610 1779 3698 1840 Me·

2222 1872 2425 1951 taph.,
2468 1890 2605 1950 cap.
2646 1875 2705 1944 1,
2741 1890 2803 1951 q.
2838 1875 2897 1945 1,
2938 1877 3090 1932 sect.
3140 1873 3200 1943 5,
3243 1870 3333 1930 lit.
3372 1869 3437 1931 F.
3466 1871 3529 1931 Et
3554 1875 3697 1934 multis

2223 1964 2542 2026 modernis
2568 1964 2900 2042 Theologis
2930 1964 3134 2043 placet
3164 1963 3269 2024 hic
3297 1961 3525 2034 moduS,
3553 1971 3697 2025 etnon

2226 2057 2461 2118 habent
2501 2057 2669 2118 aliud
2715 2056 3195 2118 fundamentum
3224 2101 3242 2128 ,
3275 2055 3391 2116 nisi
3440 2062 3499 2116 ut
3541 2058 3697 2116 evitent

2225 2152 2548 2231 proprium
2576 2168 2901 2212 assensum
2932 2149 3078 2212 [idei
3101 2150 3281 2211 circa
3307 2149 3587 2226 objectum
3609 2157 3699 2210 actu

2226 2244 2742 2305 demonstratum.
2769 2243 2899 2324 Ego
2926 2261 3075 2303 vero
3106 2261 3228 2302 non
3256 2243 3458 2303 minus
3484 2242 3699 2302 dissentio

2226 2337 2371 2397 huic
2424 2337 2612 2398 modo
2660 2355 2849 2416 quam
2906 2335 3425 2415 praecedentibus,
3468 2335 3701 2412 quia-nec

2222 2429 2607 2510 probabilior
2643 2448 2760 2491 nec
2794 2430 3001 2489 minus
3030 2428 3296 2489 difficilis
3326 2427 3405 2488 ad
3439 2428 3703 2506 intelligen-

2224 2522 2375 2584 dum
2412 2522 2569 2583 mihi
2598 2540 2849 2602 semper
2891 2521 3061 2580 visus
3105 2527 3221 2593 est,
3276 2526 3337 2581 et
3386 2539 3538 2580 nunc
3576 2521 3703 2582 etiam

2224 2616 2409 2696 plane
2444 2615 2711 2676 videtur.
2754 2615 2828 2674 Et
2858 2613 3058 2688 primo
3105 2620 3552 2692 argumentora
3578 2612 3705 2691 priori

2229 2725 2305 2768 ex
2332 2707 2569 2768 ratione
2595 2705 2782 2780 facta,
2811 2707 2955 2785 quia
2981 2706 3063 2767 ibi
3095 2712 3473 2767 concurrunt
3500 2705 3602 2765 duo
3618 2723 3705 2764 mo-

2228 2801 2351 2862 tiva
2394 2807 2615 2861 natura
2649 2819 2760 2861 sua
2797 2797 3144 2860 formaliter
3188 2799 3459 2868 diversa,
3503 2804 3555 2858 et
3594 2797 3707 2856 suffi-

2228 2893 2453 2954 cientia
2490 2892 2570 2953 ad
2606 2891 3070 2954 constituendas
3100 2891 3383 2952 diversas
3404 2891 3616 2970 'species
3646 2907 3707 2947 ac·

2227 2992 2407 3046 tuum
2432 2985 2683 3046 realiter
2701 2985 3155 3055 distinctorum,
3176 3001 3320 3064 quae
3344 2990 3485 3044 sunt
3504 2981 3707 3042 medium

2226 3077 2807 3152 demonstrativum,
2855 3084 2919 3139 et
2966 3079 3307 3138 auctoritas
3352 3074 3612 3145 dicentis;
3637 3073 3709 3133 sed

2226 3175 2396 3253 quod
2424 3171 2609 3236 simul
2637 3177 2701 3234 et
2726 3171 2951 3234 eodem
2984 3177 3271 3251 tempore
3296 3176 3573 3232 moveant
3589 3185 3709 3230 eum·

2225 3267 2371 3327 dem
2409 3265 2817 3341 intellectum,
2856 3283 2985 3326 non
3016 3263 3342 3326 confundit
3376 3263 3619 3325 rationes
3639 3259 3711 3322 ob-

2218 3359 2504 3438 jectivaS‚
2544 3377 2663 3420 neo
2704 3356 2853 3419 facit
2894 3359 3030 3419 illas
3060 3359 3415 3420 coalescere
3452 3357 3513 3417 in
3540 3371 3708 3422 unam;

2225 3471 2375 3533 ergo
2407 3469 2535 3513 non
2586 3452 2905 3530 consurgit
2942 3469 3019 3512 ex
3053 3452 3171 3512 illis
3198 3469 3369 3512 unus
3410 3457 3569 3512 actus
3608 3447 3713 3506 alte-

2222 3545 2350 3606 rius
2400 3543 2633 3606 ordinis
2684 3552 2747 3606 et
2775 3543 3024 3624 speciei.
3063 3544 3265 3623 Major
3312 3549 3461 3605 nota
3508 3548 3588 3603 est
3618 3557 3713 3601 cum

2223 3640 2709 3718 consequentia;
2752 3639 2957 3722 minor
3008 3643 3221 3698 autem
3248 3643 3446 3716 patet,
3475 3643 3591 3698 tum
3616 3634 3713 3710 quia

2220 3731 2303 3792 ihi
2334 3737 2572 3792 tantum
2610 3730 2924 3792 invenitur
2952 3731 3435 3793 concomitantia
3476 3727 3713 3807 temporis

2222 3831 2282 3886 et
2312 3824 2596 3904 subjecti,
2639 3843 2778 3904 quae
2808 3843 2934 3884 non
2965 3823 3189 3885 sufficit
3226 3823 3311 3884 ad
3360 3821 3715 3884 confusionem

2220 3918 2321 3979 vel
2363 3919 2665 3980 unionem
2721 3918 2967 3978 illorum
3014 3917 3396 3978 motivorum
3448 3917 3510 3976 in
3542 3928 3713 3980 unum3

2222 4019 2355 4073 tum
2386 4013 2573 4073 etiam
2612 4012 2758 4092 quia
2785 4057 2800 4084 ,
2855 4012 2905 4071 si
2950 4011 3089 4091 quis
3123 4017 3363 4072 attente
3412 4005 3716 4071 consideret,

2220 4105 2716 4184 unumquodque
2762 4105 3007 4164 illorum
3058 4104 3439 4164 motivorum
3477 4095 3721 4162 concurrit

2220 4203 2293 4259 ut
2327 4199 2539 4270 totale,
2570 4204 2630 4259 et
2659 4198 2793 4258 sine
2819 4196 3239 4278 dependentia
3270 4197 3357 4257 ab
3394 4195 3597 4266 altero,
3620 4190 3721 4268 quia

2223 4293 2325 4354 ille
2364 4292 2565 4354 fidelis
2599 4291 2925 4354 doctus'ita
2952 4290 3148 4353 credit
3174 4299 3437 4371 propter
3461 4285 3723 4350 auctorita·

2223 4392 2350 4446 tem
2398 4385 2535 4458 Dei,
2594 4390 2662 4446 ut
2715 4403 2845 4445 non
2903 4385 3113 4445 minus
3158 4391 3329 4446 certo
3380 4383 3636 4444 crederet
3656 4423 3667 4447 ‚
3688 4375 3723 4434 si

2224 4479 2548 4540 scientiam
2576 4497 2703 4540 non
2734 4478 3027 4549 haberet3
3075 4481 3138 4539 et
3166 4478 3249 4538 ita
3278 4477 3601 4538 assentitur
3622 4487 3723 4552 pro·

2222 4579 2361 4653 pter
2388 4571 3004 4645 demonstrationem,
3034 4577 3104 4632 ut
3130 4590 3255 4630 non
3300 4570 3513 4630 minus
3536 4563 3723 4629 eviden-

2224 4673 2319 4726 ter
2343 4671 2405 4726 et
2428 4671 2884 4743 consequenter
2920 4681 3064 4725 cum
3092 4661 3462 4725 certitudine
3487 4655 3722 4724 scientia,

2223 4759 2401 4820 daret
2447 4775 2773 4819 assensum
2801 4803 2817 4830 ,
2866 4757 3112 4820 etiamsi
3152 4757 3405 4819 deesset
3449 4750 3725 4815 auctoritas

2222 4852 2332 4913 Dei
2376 4851 2801 4922 testificantis;
2836 4868 2986 4931 ergo
3016 4850 3265 4930 signum
3294 4855 3389 4910 est
3422 4848 3523 4908 illa
3547 4842 3724 4903 motiva

2223 4961 2595 5006 concurrere
2637 4949 2705 5004 ut
2738 4943 3048 5015 distincta,
3074 4949 3261 5022 atque
3288 4941 3451 5003 adeo
3478 4935 3727 5000 sufficien-

2223 5037 2329 5109 tia,
2360 5043 2428 5097 ut
2452 5055 2565 5115 per
2584 5055 2653 5098 se
2683 5054 2757 5097 ac
2791 5036 3103 5116 sigillatim
3130 5035 3479 5115 producant
3504 5032 3726 5092 diversas

2222 5131 2464 5208 species
2493 5135 2748 5190 actuum
2777 5129 3027 5191 realiter
3052 5129 3504 5190 distinctorum.
3532 5123 3602 5184 Et
3623 5133 3728 5178 con·

2220 5219 2457 5281 firmari
2504 5228 2709 5301 potest
2740 5223 2872 5282 haec
2912 5223 3069 5283 ratio
3113 5219 3497 5292 inductione,
3539 5223 3647 5275 tam
3684 5207 3727 5266 ln

2220 5314 2461 5374 actibus
2502 5315 2853 5376 intellectus
2900 5333 3087 5394 quam
3138 5314 3504 5382 voluntatis;
3547 5299 3729 5368 namsi

2218 5408 2357 5486 quis
2381 5411 2525 5468 actu
2544 5409 2897 5470 consideret
2920 5410 3193 5470 humana
3220 5406 3567 5468 testimonia
3586 5393 3727 5460 simul

2216 5517 2359 5562 eum
2384 5499 2592 5562 divino
2621 5500 2767 5562 fidei
2806 5505 3055 5576 nostrae,
3093 5519 3219 5561 non
3254 5499 3421 5562 elicit
3454 5512 3633 5558 unum
3656 5506 3729 5556 as·
