3900 6217
739 421 910 476 ster.
946 423 1029 476 w.
1063 423 1146 476 m:
1177 423 1649 479 aasaavntouss
1679 421 1867 477 BUJUS
1899 423 2213 490 CENSURAE‚
2250 424 2454 488 numm
2486 425 2927 480 ABSOLUTlONE.

229 519 386 601 quin
411 521 601 584 simul
622 521 966 584 declaretur
992 526 1584 588 excommunicatus.
1623 523 1799 598 Quod

233 615 286 674 si
313 615 404 678 ita
437 623 530 676 est
560 615 628 676 in
657 615 858 694 praxi,
899 621 1094 676 cessat
1121 619 1556 693 controversia,
1601 624 1664 679 et
1703 635 1798 678 so-

229 707 368 768 lum
417 708 485 768 in
523 707 948 788 speculatione
991 708 1388 789 relinquitur.
1439 711 1614 772 Addo
1650 727 1797 772 vero

227 801 518 879 ulterius,
547 803 601 864 si
630 804 938 865 sententia
975 803 1246 866 declaret
1283 805 1469 866 simul
1502 823 1644 866 cum
1673 805 1798 866 hae-

229 895 354 956 resi
393 895 724 956 incurrisse
751 913 1099 970 censuram,
1130 898 1190 957 id
1231 898 1364 958 sine
1404 897 1596 960 dubio
1623 899 1789 972 satis,

231 1007 544 1068 superque
589 1007 744 1064 esse,
792 997 858 1050 et
903 991 1195 1052 excedere
1239 992 1482 1053 videtur
1519 992 1628 1072 qui
1674 990 1796 1053 hoc

231 1087 458 1158 negat:
493 1081 644 1162 quia
687 1081 862 1143 nulla
907 1099 1168 1144 censura
1211 1091 1304 1146 est
1347 1086 1437 1146 ita
1481 1083 1792 1163 frequenS,

232 1179 298 1234 et
335 1173 664 1254 generalis,
691 1176 852 1236 sicut
877 1181 972 1236 est
997 1178 1557 1239 excommunicatio
1572 1193 1593 1254 3
1625 1177 1798 1238 etita

227 1267 414 1345 juxta
433 1284 828 1328 communem
849 1285 1033 1328 usum
1060 1268 1338 1330 fidelium
1363 1270 1498 1332 haec
1527 1271 1797 1349 primum

235 1359 612 1439 concipitur,
632 1359 880 1440 quando
893 1359 966 1420 fit
987 1361 1128 1422 talis
1149 1363 1503 1438 declaratio,
1527 1363 1800 1424 maxime

233 1453 288 1512 si
317 1452 612 1514 delictum
643 1469 776 1514 non
811 1453 891 1512 sit
914 1456 1236 1534 proprium
1269 1456 1657 1532 clericorum,
1691 1457 1799 1518 sed

233 1563 568 1608 commune
607 1545 898 1607 omnibus
937 1547 1320 1625 ChristianiS,
1359 1556 1431 1610 ut
1466 1567 1597 1610 esse
1645 1548 1800 1610 solet

135 1683 142 1688 .
231 1638 512 1702 haeresis.
543 1640 628 1700 At
649 1657 796 1700 vero
825 1640 1036 1714 etiam,
1071 1643 1274 1720 posito
1297 1659 1445 1703 casu
1470 1643 1634 1722 quod
1661 1659 1800 1704 sen-

231 1732 438 1792 tentia
478 1732 652 1794 sistat
691 1732 762 1792 in
813 1731 1223 1795 declaratione
1275 1735 1481 1797 delicti
1523 1736 1796 1812 haeresis,

231 1825 522 1906 quamvis
565 1825 834 1888 secunda
876 1826 1088 1907 opinio
1133 1827 1468 1907 probabilis
1505 1829 1609 1903 sit,
1664 1847 1800 1908 per-

233 1920 624 1980 manendum
648 1937 868 1980 censeo
890 1919 958 1980 in
997 1919 1220 1998 prima,
1269 1921 1416 2000 quia
1445 1929 1508 1984 et
1529 1925 1802 1984 securior

231 2019 298 2072 et
325 2013 722 2074 communior
761 2018 875 2088 est,
923 2017 984 2073 et
1013 2021 1178 2074 certe
1221 2014 1642 2093 probabiliter.
1673 2016 1798 2077 Pri-

231 2123 363 2180 mo,
389 2106 540 2186 quia
563 2105 750 2168 verba
775 2106 905 2182 illa,
928 2105 1270 2186 specialiter
1301 2115 1360 2172 et
1382 2127 1676 2192 expresse,
1707 2129 1800 2172 re-

229 2197 388 2258 ferri
433 2205 692 2277 possunt
715 2199 796 2260 ad
837 2218 1190 2279 personam,
1222 2206 1283 2262 et
1305 2217 1433 2264 non
1462 2203 1543 2263 ad
1581 2221 1798 2266 censu-

229 2308 394 2351 ram.
445 2292 754 2369 Secundo,
799 2299 860 2353 et
897 2293 1140 2370 melius,
1188 2296 1338 2374 quia
1375 2297 1798 2374 Extravagans

230 2381 352 2444 sub
375 2383 788 2463 disjunctione
821 2384 993 2462 dicit,
1045 2388 1368 2463 sententia,
1397 2389 1490 2451 vel
1517 2407 1794 2464 censura,

229 2477 326 2538 vel
371 2479 732 2557 prohibitio,
781 2485 843 2540 et
881 2483 1092 2557 postea
1137 2479 1328 2557 addit,
1362 2482 1705 2560 formaliter
1739 2491 1798 2546 et

231 2587 514 2648 expresse
531 2596 560 2644 ;
600 2589 750 2649 ergo
774 2572 920 2632 satis
947 2573 1226 2651 estquod
1255 2573 1392 2634 haec
1421 2574 1642 2636 ultima
1665 2593 1798 2636 ver-

231 2663 316 2724 ba
367 2664 763 2726 verificentur
799 2665 880 2726 de
903 2664 1113 2745 aliquo
1154 2667 1436 2728 membro
1463 2687 1541 2729 ex
1584 2669 1796 2730 multis

233 2757 412 2834 prius
443 2757 562 2818 sub
579 2757 992 2837 disjunctione
1023 2761 1401 2836 numeratis3
1431 2759 1538 2822 sed
1557 2760 1644 2821 ibi
1665 2778 1802 2822 sen-

235 2849 437 2910 tentia
461 2848 684 2924 fertur,
717 2851 1062 2926 formaliter
1085 2854 1146 2912 et
1170 2869 1467 2931 expresse,
1507 2861 1568 2914 et
1596 2871 1706 2932 per
1733 2853 1805 2914 il-

237 2940 368 3002 lam
409 2941 761 3004 declaratur
801 2960 968 3018 reus,
1018 2950 1080 3002 et
1113 2943 1492 3006 sufficienter
1514 2946 1803 3007 condem·

241 3040 464 3106 natum
505 3051 654 3112 ergo
689 3036 758 3096 in
807 3036 1014 3115 rigore
1060 3036 1355 3116 impletur
1407 3039 1678 3100 conditio
1711 3040 1802 3100 ibi

235 3128 563 3205 requisita.
592 3128 824 3199 Tertio,
851 3128 1196 3190 secundum
1217 3147 1616 3193 communem
1642 3132 1800 3193 exis-

240 3219 636 3282 timetionem
663 3219 966 3292 fidelium,
999 3239 1074 3282 eo
1094 3223 1230 3302 ipso
1256 3224 1422 3302 quod
1442 3225 1662 3304 aliquis
1691 3225 1802 3286 ha-

230 3312 426 3374 hetur
463 3312 810 3388 haereticus,
865 3312 1130 3374 habetur
1174 3316 1364 3376 etiam
1409 3318 1696 3395 praecisus
1741 3322 1803 3378 et

232 3407 807 3468 excommunicatus
823 3422 846 3484 3
896 3425 1046 3485 ergo
1096 3408 1433 3484 moraliter,
1485 3417 1548 3472 et
1585 3428 1802 3472 secun·

229 3499 394 3558 dum
455 3516 852 3561 communem
903 3500 1158 3560 modum
1199 3503 1606 3582 concipiendi,
1656 3505 1802 3565 satis

234 3591 596 3654 declaratur
661 3593 1252 3670 excommunicatus,
1311 3596 1421 3674 qui
1471 3596 1802 3658 haereticus

229 3685 702 3763 pronuntiatur.
735 3686 986 3762 Quarto,
1009 3704 1086 3746 ex
1115 3686 1238 3748 fine
1262 3687 1428 3748 illius
1447 3688 1625 3768 legis,
1652 3707 1799 3750 nam

229 3781 356 3840 ista
383 3779 692 3840 sententia
718 3781 910 3840 tutior
928 3786 1022 3841 est
1051 3780 1126 3840 ad
1159 3781 1412 3842 vitanda
1433 3782 1721 3844 scandala
1739 3788 1804 3846 et

229 3873 586 3936 occasiones
617 3871 948 3948 malorum,
979 3891 1119 3952 quae
1142 3891 1221 3934 ex
1242 3877 1800 3938 communicatione

228 3983 382 4026 cum
409 3965 728 4042 heretico,
773 3967 1114 4046 praesertim
1131 3968 1270 4046 jam
1296 3967 1624 4044 declarat0,
1649 3970 1800 4030 oriri

235 4065 520 4138 possunt.
571 4061 778 4140 Neque
831 4078 868 4122 e
905 4061 1218 4121 contrario
1263 4061 1499 4140 aliquid
1543 4063 1800 4141 periculi

229 4159 326 4212 est
361 4152 434 4212 in
475 4152 1033 4234 hacobligatione,
1080 4153 1227 4231 quia
1263 4153 1372 4214 illa
1417 4153 1798 4233 ignorantia,

229 4262 378 4323 quai
419 4263 462 4306 a
502 4245 724 4306 Saucio
751 4246 1110 4324 opponitur,
1143 4246 1241 4306 vel
1267 4245 1466 4323 nulla,
1493 4247 1592 4309 vel
1619 4249 1802 4309 raris-

229 4338 400 4398 sima
425 4343 542 4412 est,
573 4343 640 4398 et
665 4336 916 4416 quando
943 4337 1371 4414 intervenerit,
1396 4340 1528 4418 ipsa
1559 4357 1596 4400 a
1631 4358 1796 4400 novo

229 4444 494 4510 peccato
525 4432 870 4494 excusabit.
901 4433 1178 4512 Denique
1221 4433 1352 4494 haec
1380 4436 1686 4496 sententia
1707 4442 1800 4498 est

229 4528 442 4604 magis
465 4525 824 4587 favorabilis
851 4525 1020 4601 fidei,
1063 4526 1132 4586 in
1167 4527 1344 4605 cnjus
1383 4527 1662 4590 favorem
1703 4547 1799 4592 so·

225 4619 370 4679 lent
397 4620 590 4680 etiam
619 4619 790 4698 leges
837 4619 1109 4698 poenales
1136 4619 1410 4696 extendi,
1457 4626 1526 4680 ut
1561 4623 1802 4683 notavit

235 4711 452 4790 Rojas,
491 4730 638 4774 cum
668 4712 886 4774 multis
903 4731 1058 4792 quos
1079 4712 1289 4786 refert,
1316 4714 1616 4792 singular.
1645 4717 1760 4778 156
1775 4732 1797 4794 ;

233 4823 390 4882 ergo
423 4823 464 4865 e
489 4808 804 4866 contrario
845 4806 1139 4882 restringi
1167 4811 1389 4884 potest,
1435 4806 1486 4867 si
1528 4825 1801 4870 necessa-

225 4899 404 4958 rium
449 4897 664 4970 fucrit,
690 4897 822 4958 haec
853 4897 1196 4958 moderatio
1218 4901 1800 4963 excommunicatio-

229 4995 358 5064 nis,
387 4993 460 5052 in
483 4992 764 5071 ejusdem
791 4991 936 5054 fidei
979 4991 1256 5054 favorem
1274 5007 1295 5070 ;
1331 4998 1423 5053 est
1460 4994 1629 5055 enim
1670 5013 1797 5056 non

225 5103 466 5164 parvus
503 5085 672 5164 quod
719 5085 990 5146 hauretici
1015 5085 1314 5160 vitentur,
1353 5103 1492 5146 cum
1524 5086 1799 5165 primum

225 5196 346 5257 per
367 5178 748 5239 sententiam
765 5178 1096 5258 specialem
1123 5178 1190 5238 in
1215 5178 1576 5258 particulari
1599 5178 1799 5242 decla-

227 5271 354 5332 rati
369 5269 632 5333 tuerint.

888 5445 1150 5466 ς*

3318 424 3429 485 541

2496 676 2713 730 8Ε6Τ10
2746 678 2829 730 lv,

1889 857 2110 920 Utrum
2132 858 2258 921 Icoee
2292 859 2663 921 eaeonnnani
2666 861 2824 923 catio
2870 867 3182 926 reservata
3219 860 3323 937 sit,
3385 875 3437 925 et

2182 952 2321 1031 quie
2339 954 2543 1032 possit
2564 952 2637 1014 ab
2662 953 2779 1016 illa
2804 955 3120 1018 absolvere.

1962 1180 2024 1238 1.·
2073 1175 2243 1252 Quod
2296 1177 2414 1242 soli
2464 1179 2588 1244 Deo
2651 1186 2959 1245 reservata
3008 1179 3091 1245 sit
3150 1181 3441 1246 absolutio

1879 1271 2146 1342 Itoeresis,
2181 1273 2526 1336 haereticum
2558 1290 2683 1336 esse
2716 1273 3072 1337 ostenditur.
3104 1307 3187 1322 -
3216 1275 3441 1338 Distin-

1877 1362 2125 1440 guenda
2149 1364 2456 1444 imprimis
2482 1370 2573 1426 est
2603 1366 2935 1427 reservatio
2964 1367 3157 1447 culpae
3184 1387 3222 1428 a
3251 1386 3443 1430 reser-

1877 1453 2126 1516 vatione
2155 1473 2447 1519 censurae.
2483 1459 2565 1518 De
2589 1458 2771 1538 culpa
2805 1459 2972 1521 enim
2995 1460 3118 1520 fuit
3142 1460 3292 1521 olim
3316 1460 3443 1524 hae-

1877 1549 2031 1608 resis
2065 1549 2437 1624 Novatiana,
2476 1549 2740 1612 afferens
2766 1551 3217 1613 absolutionem
3256 1553 3445 1632 hujus

1880 1641 2076 1720 culpae
2105 1641 2194 1701 ita
2218 1659 2348 1703 esse
2370 1649 2768 1718 reservatam,
2806 1650 2879 1704 ut
2914 1643 3082 1704 solus
3110 1645 3267 1706 Deus
3292 1663 3443 1724 pos·

1879 1735 1959 1794 sit
1993 1733 2164 1796 illam
2196 1733 2435 1812 tollere,
2467 1753 2582 1796 nec
2613 1737 2696 1796 sit
2739 1737 2805 1798 in
2850 1736 3117 1798 Ecclesia
3174 1743 3443 1818 potestas

1877 1824 2234 1889 absolvendi
2275 1827 2355 1890 ab
2398 1829 2525 1890 illa.
2557 1831 2945 1896 Contrarium
2992 1837 3201 1891 tamen
3238 1838 3330 1894 est
3364 1830 3443 1892 de

1879 1919 2002 1980 fide
2042 1928 2305 1996 certum,
2338 1922 2484 2000 quia
2530 1921 2802 1982 Christus
2839 1921 3158 1984 indefinite
3206 1930 3270 1984 et
3308 1923 3443 1986 sine

1878 2011 2252 2074 limitatione
2284 2013 2480 2076 dixit:
2507 2014 2767 2090 Quorum
2787 2012 3153 2078 remiseritis
3174 2020 3441 2098 peccata,
3542 2043 3549 2052 ·

1877 2107 2281 2171 remittuntur
2306 2107 2415 2182 eis,
2458 2115 2520 2170 et
2545 2109 2783 2169 dictum
2814 2114 2908 2169 est
2946 2107 3070 2170 late
3100 2109 3165 2169 in
3188 2116 3341 2171 tom.
3376 2112 3441 2186 4,

1875 2199 1944 2259 in
1972 2201 2009 2260 3
2041 2207 2225 2279 part„
2258 2201 2415 2280 disp.
2460 2201 2522 2276 8,
2566 2207 2629 2262 et
2661 2201 2917 2262 tradunt
2950 2200 3267 2280 pontifices
3292 2202 3441 2263 Siri-

1875 2293 2033 2370 ciuS,
2067 2295 2245 2374 epist.
2281 2297 2339 2370 1,
2372 2301 2435 2357 et
2455 2295 2577 2356 Leo
2606 2297 2653 2368 Ι,
2688 2295 2865 2374 epist.
2906 2297 2985 2357 89
3021 2301 3083 2357 et
3122 2297 3225 2372 90,
3265 2295 3333 2356 in
3372 2297 3445 2358 ss-

1876 2405 1957 2446 ne
1976 2408 1995 2462 3
2040 2392 2104 2448 et
2130 2389 2469 2450 Concilium
2510 2386 2945 2464 Elibertinum,
2994 2407 3216 2451 canon.
3250 2391 3351 2463 29,
3383 2395 3446 2451 et

1876 2479 2217 2553 Concilium
2245 2480 2557 2542 Arelaten.
2593 2481 2651 2558 13
2686 2486 2749 2540 et
2770 2480 2951 2560 plura
2974 2482 3169 2542 videri
3193 2487 3446 2562 possunt

1875 2571 1942 2631 in
1968 2571 2198 2647 Castro,
2231 2571 2275 2633 l.
2322 2577 2349 2633 ·1
2384 2572 2461 2633 de
2486 2572 2660 2632 Justa
2694 2571 2907 2633 haeret.
2949 2575 3178 2652 punit„
3222 2592 3277 2634 e.
3308 2575 3381 2634 21
3419 2589 3440 2649 3

1879 2668 1942 2724 et
1970 2663 2268 2742 Mendoca
2304 2683 2487 2746 super
2528 2664 2873 2726 Concilium
2906 2665 3255 2742 Elibertin.,
3301 2665 3347 2727 l.
3377 2667 3441 2742 2,

1883 2776 1937 2820 c.
1970 2759 2074 2819 46.
2106 2759 2211 2818 Est
2242 2776 2389 2840 ergo
2420 2767 2656 2821 certum
2684 2759 2821 2820 dari
2845 2759 2913 2819 in
2960 2757 3232 2820 Ecclesia
3270 2765 3445 2839 pote-

1883 2857 2106 2913 statem
2132 2852 2210 2913 ad
2234 2853 2677 2915 absolvendum
2700 2872 2739 2913 a
2759 2851 2942 2932 culpa
2961 2853 3235 2928 hoeresis,
3251 2872 3445 2932 quau-

1885 2950 2289 3026 tumcumque
2331 2947 2535 3028 gravis
2551 2990 2572 3022 ,
2621 2952 2683 3007 et
2731 2945 3139 3027 multiplicata
3174 2965 3283 3008 seu
3332 2945 3447 3007 ite-

1883 3043 2022 3098 rata
2054 3035 2264 3099 fuerit.

1964 3133 2025 3190 2.
2053 3131 2334 3195 Hoereeie
2352 3149 2462 3214 per
2488 3150 2552 3196 ee
2581 3151 2700 3196 non
2721 3135 3093 3210 reservatur,
3123 3133 3231 3195 sed
3254 3130 3447 3196 media

1878 3226 2281 3288 reservatione
2308 3243 2575 3289 omem-ce
2596 3244 2863 3290 aaneaoe.
2886 3258 2968 3272 —
2988 3224 3163 3299 Quod
3192 3243 3338 3286 vero
3365 3223 3444 3286 ad

1881 3319 2017 3395 ejus
2068 3317 2549 3380 reservationem
2598 3321 2887 3398 pertinet,
2946 3317 3275 3379 dicendum
3328 3324 3441 3392 est,

1879 3413 1932 3471 si
1966 3410 2148 3490 culpa
2177 3429 2293 3492 per
2319 3428 2384 3473 ee
2409 3429 2479 3474 ae
2502 3413 2755 3494 proeoise
2777 3417 3103 3491 spectetur,
3146 3429 3273 3472 non
3317 3429 3447 3474 esse

1867 3505 2019 3583 jure
2043 3506 2339 3567 commum·
2378 3511 2771 3565 reservatam.
2801 3505 2974 3580 Dico,
3004 3505 3056 3564 si
3097 3521 3214 3586 per
3263 3522 3327 3567 ee
3376 3523 3448 3568 ae

1872 3598 2135 3679 proeoiee
2170 3603 2502 3676 spectetur,
2535 3597 2598 3657 id
2627 3603 2740 3672 est,
2773 3615 2901 3657 non
2951 3599 3281 3678 conjuncta
3302 3615 3446 3659 cen-

1882 3708 2083 3763 surae3
2115 3707 2262 3751 nam
2290 3691 2585 3768 adiuncta
2617 3709 2896 3766 censura,
2938 3698 3173 3753 certum
3213 3698 3305 3753 est
3344 3710 3441 3754 re-

1879 3784 2139 3858 servari,
2164 3789 2236 3842 ut
2273 3784 2483 3844 statim
2511 3783 2807 3844 dicemus.
2839 3785 3313 3865 Intelligendum
3350 3792 3443 3846 est

1880 3881 2116 3950 autem,
2159 3876 2407 3954 quando
2453 3875 2636 3955 culpa
2681 3875 2916 3937 habens
2961 3867 3270 3940 annexam
3302 3896 3442 3940 cen-

1879 3985 2088 4028 suram
2119 3975 2491 4044 reservatur,
2526 3968 2731 4030 media
2776 3970 3193 4031 reservatione
3223 3987 3444 4030 censu-

1881 4079 1990 4136 rae,
2022 4061 2211 4122 etiam
2242 4061 2442 4141 ipsam
2481 4060 2727 4140 culpam
2758 4063 2825 4122 in
2858 4081 2922 4123 se
2944 4063 3271 4138 reservari,
3292 4062 3443 4142 quia

1881 4151 2119 4216 tollitur
2138 4153 2485 4234 ,iurisdictio
2510 4153 2589 4214 ad
2618 4152 3062 4216 absolvendum
3113 4155 3192 4216 ab
3215 4155 3345 4232 illa,
3374 4162 3443 4217 ut

1882 4265 1961 4309 ex
1994 4247 2254 4308 materia
2288 4247 2365 4307 de
2402 4245 2640 4308 casibus
2682 4249 3007 4309 reservatis
3043 4266 3343 4328 suppono,
3368 4239 3441 4308 'et

1876 4341 1968 4402 ita
2008 4340 2277 4401 maxime
2314 4338 2387 4398 fit
2421 4339 2487 4400 in
2519 4339 2807 4418 praesenti
2834 4339 3039 4420 culpa,
3068 4360 3207 4422 quae
3248 4342 3441 4402 maxi-

1879 4451 1984 4494 mo
2011 4433 2216 4511 rigore
2264 4438 2633 4506 reservatur,
2668 4433 2942 4510 quandiu
2981 4451 3302 4494 censuram
3332 4451 3443 4494 an-

1881 4543 2106 4588 nexam
2132 4524 2317 4587 habet
2336 4530 2378 4586 ¹.
2408 4525 2547 4585 Dixi
2562 4525 2774 4600 etiam,
2786 4525 2935 4606 jure
2958 4525 3277 4601 communi,
3296 4525 3441 4606 quia

1877 4619 1983 4697 jus
2036 4615 2427 4678 pontificium
2475 4635 2599 4676 non
2649 4615 2804 4677 solet
2842 4635 3159 4680 reservare
3196 4616 3437 4696 culpas,

1881 4709 2047 4789 quod
2078 4711 2262 4771 etiam
2296 4711 2361 4770 in
2404 4710 2690 4789 praescnti
2726 4709 2905 4789 culpa
2952 4710 3336 4788 observatur,
3370 4715 3442 4770 ut

1880 4809 2059 4863 notat
2102 4803 2351 4876 Navar.,
2401 4802 2466 4861 in
2504 4803 2707 4879 Sum.,
2748 4823 2804 4864 c.
2855 4804 2957 4881 27,
2990 4822 3165 4865 uum.
3209 4805 3327 4864 260
3378 4807 3442 4864 et

1881 4913 2009 4974 seq.
2020 4909 2040 4971 3
2091 4899 2153 4954 et
2197 4893 2405 4968 Sanc„
2436 4892 2764 4975 allegando
2817 4895 3067 4971 multos,
3090 4897 3255 4956 dicto
3291 4895 3436 4956 libr.

1878 4989 1940 5062 2,
1966 5005 2023 5048 c.
2045 4985 2108 5049 8.
2139 4987 2216 5047 Et
2240 5005 2353 5047 nos
2372 4988 2561 5048 etiam
2590 4988 2880 5064 diximuS,
2915 4994 3067 5049 tom.
3094 4991 3159 5066 4,
3194 4988 3259 5048 in
3280 4989 3316 5048 3
3346 5007 3407 5066 p.
3414 5031 3437 5064 ,

1879 5079 2035 5158 disp.
2082 5081 2185 5157 29,
2235 5086 2379 5140 sect.
2440 5083 2502 5155 2,
2535 5099 2600 5140 n.
2660 5085 2721 5144 8.
2754 5081 3038 5162 Episcopi
3077 5088 3288 5142 autem
3330 5098 3441 5162 per

1878 5189 1991 5232 sua
2016 5179 2245 5233 statuta
2268 5173 2589 5254 synodalia
2617 5171 2819 5236 solent
2850 5193 3166 5236 reservare
3208 5174 3436 5254 culpas,

1879 5266 2263 5327 etiamsinon
2280 5265 2553 5328 habeant
2570 5285 2900 5329 censuram
2921 5285 3254 5343 annexam,
3273 5266 3441 5346 quod

1880 5360 2153 5420 maxime
2180 5359 2247 5418 in
2278 5357 2397 5420 hoc
2430 5359 2653 5420 delicto
2684 5360 2885 5422 facore
2932 5351 3214 5440 possunt,
3244 5377 3441 5420 reser-

1965 5548 1981 5582 ¹
2016 5541 2168 5604 Vide
2193 5541 2261 5604 iu
2290 5549 2442 5604 tom.
2474 5541 2551 5604 de
2578 5543 2796 5606 Poeuit.
