3900 6217
621 346 744 408 306

624 452 850 533 quibus
882 449 1014 512 hoec
1033 448 1386 528 conjunctio
1423 449 1694 529 potuerit
1715 468 1971 511 manare
2004 452 2047 511 ¹.
2074 450 2188 510 Ne-

624 564 744 626 que
785 545 954 605 enim
991 543 1144 622 fingi
1179 550 1374 623 potest
1419 542 1498 603 ab
1543 543 1881 605 universali
1919 542 2189 604 Ecclesia

624 644 734 700 aut
771 658 809 699 a
837 637 1109 699 Concilio
1137 637 1258 698 alio
1295 653 1614 712 manasse3
1664 637 1946 716 quamvis
1980 635 2188 697 creda·

621 739 728 792 tur
777 726 1108 792 verisimile
1161 720 1240 791 'in
1295 748 1434 791 eam
1485 748 1622 792 rem
1679 732 1868 792 etiam
1935 735 2186 791 caeteros

621 824 939 905 Apostolos
958 824 1358 898 consensisse,
1391 830 1460 884 ut
1476 824 1678 885 Julius
1700 823 1724 883 1
1753 824 1820 885 in
1843 823 2006 884 dicta
2030 823 2186 903 epis-

619 918 746 977 tola
769 915 1144 977 insinuabat.
1177 918 1380 995 Atque
1415 916 1578 977 hanc
1606 916 2059 978 conclusionem
2088 915 2185 974 in-

617 1010 819 1070 tendit
861 1009 1217 1088 GregoriuS,
1264 1010 1375 1070 lib.
1427 1011 1489 1086 6,
1531 1010 1709 1089 epist.
1762 1010 1864 1085 37,
1919 1009 2179 1069 diceus:

618 1103 764 1185 Ipse
791 1102 1140 1166 sublimavit
1161 1103 1354 1166 sedem
1378 1148 1398 1177 ,
1432 1105 1500 1166 in
1529 1121 1649 1184 qua
1673 1104 1973 1184 quiescere
1998 1101 2181 1165 etiam

617 1203 678 1259 et
693 1203 1050 1278 praesentem
1073 1196 1258 1260 vitam
1279 1198 1463 1277 finire
1487 1197 1776 1278 diqnatus
1805 1202 1915 1259 est.
1949 1194 2179 1258 Confir-

615 1298 860 1368 matur,
909 1308 1058 1351 nam
1093 1278 1408 1363 Clemens,
1451 1289 1706 1369 epistola
1745 1290 1946 1369 prima
1991 1306 2182 1369 quam

615 1383 944 1445 Anat-letus
996 1390 1058 1444 et
1111 1384 1498 1459 Alexander,
1545 1384 1611 1443 in
1655 1384 1783 1445 suis
1832 1381 2179 1463 quibusque

613 1476 884 1555 epistolis
915 1494 1142 1555 magna
1173 1477 1569 1539 veneratione
1597 1476 1940 1556 recipiunt,
1976 1481 2039 1537 et
2066 1477 2180 1537 Da·-

617 1588 795 1646 mas,
829 1570 892 1631 in
927 1570 1055 1631 vita
1085 1570 1433 1645 ClementiS,
1463 1570 1742 1630 scribunt
1773 1570 2025 1631 Petrum
2058 1568 2180 1631 ele·

611 1663 771 1742 gisse
801 1662 918 1723 sibi
946 1682 1354 1725 successorem
1385 1664 1721 1744 ipsummet
1748 1664 2128 1723 Clementem
2153 1706 2175 1738 ,

612 1757 712 1817 cui
745 1762 1106 1835 potestatem
1149 1757 1385 1835 ligandi
1417 1762 1605 1835 atque
1645 1756 1948 1830 solvendi,
1996 1755 2113 1816 sibi
2142 1774 2179 1815 a

611 1850 874 1911 Domino
901 1850 1216 1925 traditam,
1247 1850 1434 1924 dedit,
1465 1857 1529 1911 et
1551 1851 1920 1930 Episcopum
1949 1848 2179 1911 Roma-

609 1960 766 2005 num
795 1960 924 2004 esse
953 1942 1147 2004 voluit
1175 1960 1195 2019 ;
1245 1944 1408 2022 quod
1438 1945 1624 2003 etiam
1665 1942 1994 2004 confirmat
2032 1944 2177 2005 Ter-

611 2036 909 2097 tullianus
949 2037 1026 2097 de
1071 2038 1410 2116 Praescript.
1456 2035 1667 2097 haerct.
1701 2051 1722 2114 3
1771 2044 1835 2097 et
1867 2036 2075 2098 Rufio.
2110 2036 2177 2096 in

607 2130 843 2208 prolog.
893 2130 968 2190 ad
1010 2130 1480 2209 Recognitiones
1526 2129 1879 2205 Clementia,
1923 2138 2035 2189 aut
2068 2147 2177 2189 cu-

606 2223 800 2301 jusvis
828 2224 1069 2301 antiqui
1101 2222 1367 2283 auctoris
1406 2222 1485 2283 sit
1513 2241 1686 2302 opus.
1740 2223 1833 2283 Ex
1861 2240 1984 2301 quo
2012 2223 2175 2283 facto

607 2322 846 2377 constat
879 2318 1124 2377 Petrum
1162 2316 1550 2395 conjunxisse
1579 2316 1950 2395 dignitatem
1972 2315 2176 2395 ponti-

607 2406 812 2468 ficiam
841 2426 983 2469 cum
1005 2408 1354 2488 episcopatu
1385 2409 1686 2484 Romane,
1719 2408 1933 2469 eodem
1964 2414 2176 2470 autem

605 2501 793 2561 modo
843 2519 968 2580 quo
1013 2503 1192 2563 Petro
1244 2503 1528 2562 successit
1579 2501 1882 2577 ClemenS,
1937 2503 2067 2563 sive
2114 2501 2176 2562 id

603 2594 792 2654 fuerit
819 2594 1198 2669 immediate,
1223 2594 1350 2655 sive
1374 2601 1510 2674 post
1537 2595 1760 2655 Linum
1781 2594 1878 2656 vel
1905 2595 2173 2671 Cletum,

603 2686 679 2747 de
706 2705 828 2766 quo
855 2687 1178 2766 opiniones
1205 2688 1724 2749 circumferuntur
1753 2704 1772 2765 3
1801 2688 2042 2762 eodem,
2072 2688 2167 2748 in·

604 2798 813 2859 quam,
861 2782 1043 2841 modo
1071 2780 1371 2843 Clementi
1399 2783 1684 2843 successit
1711 2782 2065 2857 Anacletus,
2104 2787 2168 2843 et

603 2874 751 2934 huic
765 2874 1099 2948 EvaristuS,
1128 2883 1190 2936 et
1211 2877 1296 2936 sic
1315 2876 1390 2937 de
1412 2878 1669 2952 caeteris,
1696 2895 1850 2956 quos
1871 2878 2163 2952 lrenaeuS,

601 2966 758 3027 libro
784 2968 1070 3043 secundo,
1101 2968 1285 3047 capit.
1315 2971 1416 3043 30,
1443 2988 1638 3048 usque
1657 2971 1732 3031 ad
1757 2989 1868 3031 sua
1886 2977 2166 3049 tempora

601 3059 930 3121 duodecim
975 3062 1296 3123 numerat.
1348 3062 1424 3123 Et
1462 3063 1866 3142 Augustinus,
1923 3062 2161 3143 epistol.

606 3154 746 3227 165,
785 3172 978 3232 usque
1009 3153 1088 3214 ad
1121 3172 1234 3215 sua
1267 3161 1545 3216 recenset
1575 3156 2017 3235 quadraginta,
2054 3172 2167 3217 nos

607 3262 754 3306 vero
779 3247 899 3307 230
929 3264 1255 3308 numerare
1285 3266 1611 3327 possumus
1639 3266 1660 3327 3
1701 3268 1854 3328 quos
1876 3249 2167 3313 habuisse

602 3356 844 3419 semper
861 3340 1153 3403 eumdem
1166 3343 1587 3422 episcopatum
1605 3343 2017 3422 eumdemque
2038 3360 2170 3404 mo·

603 3432 754 3493 dum
784 3432 1125 3511 dignitatis,
1172 3434 1576 3499 conffimatur
1601 3454 1639 3497 a
1668 3436 1868 3515 sign0,
1921 3455 1994 3496 ex
2026 3436 2170 3499 fidei

599 3526 836 3587 scilicet
887 3527 1242 3605 integritate
1297 3546 1436 3607 quae
1481 3547 1725 3608 semper
1771 3531 1838 3590 in
1889 3530 2171 3590 Romana

607 3619 762 3679 Sede
787 3620 1075 3697 perstitit,
1099 3620 1176 3681 ad
1198 3638 1386 3699 quam
1409 3639 1730 3700 nunquam
1748 3623 1950 3701 potuit
1974 3641 2170 3683 acces-

607 3730 743 3773 sum
770 3712 998 3774 habere
1021 3714 1301 3793 perfidia,
1331 3722 1402 3775 ut
1429 3714 1720 3796 Cyprian.
1747 3718 1835 3777 ait
1860 3716 2019 3777 libro
2048 3717 2173 3798 pri·

606 3807 1002 3886 m0,epistola
1021 3808 1083 3884 3;
1106 3808 1210 3869 sed
1240 3809 1662 3889 incorruptam
1693 3827 1937 3889 semper
1968 3829 2173 3873 serva-

607 3901 699 3960 vit
741 3900 991 3961 Petrum
1034 3903 1471 3963 auctoritatem
1515 3909 1576 3963 et
1630 3904 2055 3981 traditionem,
2105 3909 2176 3965 ut

610 3994 698 4053 ait
745 3994 1159 4073 Hieronymus
1201 3994 1280 4055 ad
1322 3996 1568 4056 DamaS.
1621 3994 1775 4058 Aliae
1815 4015 1963 4058 vcro
2004 3997 2177 4059 sedes

607 4087 738 4147 iere
774 4104 991 4149 omnes
1035 4088 1364 4151 baeresibus
1391 4088 1627 4151 raedatae
1662 4096 1830 4166 sunt,
1871 4090 2177 4171 praecipue

610 4181 1094 4261 patriarchales;
1141 4189 1204 4243 et
1249 4184 1520 4245 maxime
1569 4184 1983 4262 Constantia„
2032 4202 2174 4265 quae

607 4274 684 4335 de
727 4276 998 4355 primatu
1039 4277 1407 4338 contendere
1445 4296 1594 4339 ausa
1631 4278 1770 4340 fuit.
1818 4280 1946 4340 Hoc
1986 4279 2174 4340 nimi·

611 4386 753 4429 rum
778 4368 957 4447 signo
980 4368 1158 4429 facile
1178 4370 1550 4449 intelligitur
1572 4370 1971 4451 privilegium
1996 4374 2175 4435 Petro

609 4480 963 4523 concessum
999 4484 1012 4522 :
1049 4462 1198 4529 Non
1221 4464 1446 4543 deficiet
1463 4466 1615 4544 fides
1643 4471 1772 4537 tua,
1799 4467 1868 4527 in
1890 4467 2051 4529 hauc
2082 4484 2175 4528 se-

609 4556 753 4615 dem
775 4555 960 4617 fuisse
986 4556 1374 4630 translatum,
1407 4558 1553 4636 quia
1581 4559 1880 4620 nimirum
1905 4559 2001 4621 illi
2031 4578 2175 4621 con-

605 4646 820 4724 juncta
845 4654 938 4709 est
960 4667 1034 4710 ea
1061 4649 1331 4727 dignitas
1358 4651 1454 4711 cui
1485 4651 1606 4712 tale
1638 4653 2037 4733 privilegium
2068 4654 2176 4715 de-

611 4740 894 4802 bebatur.
925 4740 1197 4804 Tandem
1228 4742 1386 4804 ratio
1410 4742 1618 4805 afferri
1643 4752 1864 4825 potest,
1901 4748 2048 4826 quia
2072 4764 2177 4808 ex·

607 4835 894 4914 pediebat
933 4837 1188 4899 Summo
1236 4838 1519 4899 Pontifici
1555 4844 1786 4901 certam
1837 4841 2172 4921 quamdam

607 4932 672 4989 et
720 4935 942 4990 statam
1001 4930 1228 4993 habere
1275 4930 1509 5008 sedem,
1568 4937 1640 4992 ut
1685 4950 1832 4994 mox
1871 4934 2169 4995 dicemus.

608 5021 795 5101 Atqui
819 5022 1086 5085 dubitari
1109 5042 1236 5085 non
1259 5029 1459 5105 potest
1482 5026 1634 5105 quin
1661 5026 1892 5101 Petrus,
1925 5033 2000 5086 ut
2022 5042 2176 5106 pon-

607 5114 764 5174 tifex
823 5116 1114 5178 Summus
1153 5162 1175 5192 ,
1237 5133 1379 5179 eam
1449 5118 1775 5198 designare
1834 5119 2105 5199 potuerit
2148 5132 2171 5195 ;

612 5226 784 5286 erge,
818 5217 932 5273 etc.

690 5396 707 5429 ¹
740 5389 894 5452 Vide
936 5389 1003 5452 in
1043 5390 1288 5453 Defens.
1331 5392 1437 5455 fid.
1470 5392 1512 5456 l.
1551 5395 1614 5469 3,
1645 5412 1696 5457 c.
1733 5394 1810 5454 13
1829 5410 1850 5472 ;
1883 5392 2170 5473 Salmer.,

605 5488 760 5544 tom.
793 5485 855 5558 4,
889 5502 951 5563 p.
979 5488 1040 5561 3,
1073 5491 1251 5546 tract.
1287 5486 1344 5547 5.

1693 348 1933 402 DISPUT.
1968 349 2032 401 X.
2068 346 2149 401 DE
2182 344 2391 399 Smffli)
2420 346 2762 401 PoNTmcs.

2348 449 2409 509 9.
2448 447 2791 511 Secundum
2812 444 3058 509 dubium
3084 444 3151 507 in
3174 446 3279 510 hac
3302 450 3615 517 suctim-
3636 460 3729 523 Sed

2261 539 2397 618 jam
2440 542 2703 603 occurrit
2745 538 3015 601 secunda
3061 541 3323 617 quaestio,
3366 562 3521 607 num.
3572 554 3596 611 1
3644 554 3729 615 ad.

2268 634 2478 708 ducta,
2510 650 2592 695 an
2644 633 2911 695 annexio
2950 632 3091 693 hoec
3129 633 3481 713 principatus
3506 642 3639 705 Petri
3670 647 3731 707 ad

2266 727 2489 788 Sedem
2518 726 2886 800 Romanam,
2910 742 3099 805 quam
3127 742 3163 785 a
3186 726 3351 789 Petro
3372 727 3600 793 dicimus
3616 736 3731 797 fuis·

2268 836 2336 882 se
2364 825 2589 895 ortam,
2615 820 2703 880 ita
2726 819 2805 881 sit
2832 817 3191 879 auctoritate
3216 818 3343 897 ejus
3360 824 3660 901 constituta,
3682 840 3735 893 ut

2268 912 2348 973 ab
2396 913 2531 992 ipso
2561 910 2691 973 solo
2730 911 3109 986 manaverit3
3159 929 3236 972 an
3281 930 3418 974 vero
3450 932 3517 977 ex
3560 918 3733 983 Christi

2268 1013 2571 1085 praecepto
2600 1010 2662 1067 et
2703 1004 3067 1067 auctoritate
3104 1003 3167 1063 id
3208 1006 3423 1083 egerit;
3452 1027 3581 1071 cum
3606 1015 3734 1077 enim

2265 1099 2341 1159 de
2370 1098 2487 1160 hoc
2517 1099 2676 1161 nihil
2718 1099 2796 1160 de
2824 1098 2945 1159 fide
2982 1103 3219 1159 certum
3248 1098 3576 1177 habeamus,
3608 1108 3735 1167 varia

2264 1194 2605 1272 opinantur
2650 1192 2969 1271 Theologi.
3014 1191 3250 1267 Scotus,
3288 1194 3343 1267 t,
3380 1192 3439 1255 d.
3478 1197 3569 1270 24,
3606 1216 3655 1276 q.
3689 1203 3736 1274 Ξ,

2262 1293 2380 1347 art.
2414 1288 2477 1363 5,
2504 1286 2663 1348 dixit
2690 1292 2887 1347 totum
2916 1284 3035 1346 boc
3062 1286 3371 1362 negotium
3394 1304 3512 1347 esse
3548 1290 3613 1349 de
3632 1292 3737 1368 jure

2263 1377 2563 1454 humano,
2595 1384 2779 1458 atque
2810 1378 2963 1439 adeo
2992 1378 3057 1439 in
3081 1383 3371 1456 potestate
3396 1379 3607 1441 Summi
3622 1384 3739 1445 Pon-

2261 1471 2444 1533 tificis
2498 1473 2689 1533 situm
2744 1471 3099 1551 disjungere
3158 1470 3504 1549 dignitatem
3549 1477 3741 1553 pontifi-

2262 1566 2420 1627 ciam
2448 1566 2529 1627 ab
2558 1566 2913 1646 episcopatu
2943 1564 3251 1639 Romano,
3280 1564 3427 1625 sicut
3458 1573 3628 1644 potest
3654 1570 3743 1629 eri-

2262 1676 2407 1739 gere
2444 1658 2779 1720 Ecclesiam
2822 1658 3167 1738 quamlibet
3212 1658 3277 1717 in
3318 1659 3739 1738 patriarchalem,

2260 1752 2470 1830 etjam
2508 1758 2777 1814 erectam
2798 1769 2912 1813 sua
2940 1752 3243 1830 dignitate
3264 1751 3514 1829 privare,
3542 1753 3587 1813 si
3605 1770 3743 1833 cxpe-

2259 1845 2525 1923 diverit3
2558 1846 2731 1925 cujus
2758 1846 3078 1905 sententiae
3110 1862 3245 1905 esse
3280 1842 3508 1907 videtur
3542 1845 3746 1907 Paluda-

2258 1956 2397 2015 nuS,
2432 1944 2703 2000 tractatu
2732 1938 2811 1999 de
2856 1938 3179 2003 Potestate.
3202 1938 3398 2016 Papae,
3429 1944 3535 1999 art.
3562 1940 3596 1999 9.
3618 1946 3669 1999 et
3686 1942 3742 2016 43

2256 2030 2577 2105 Armach.,
2606 2030 2648 2093 l.
2693 2032 2755 2106 2,
2804 2047 2859 2091 c.
2913 2032 2990 2091 13
3036 2036 3099 2091 et
3148 2030 3246 2104 14,
3296 2037 3357 2091 et
3394 2030 3493 2091 alii
3522 2031 3743 2109 quidam.

2256 2122 2643 2188 Contrariam
2658 2123 3025 2185 sententiam
3043 2129 3263 2185 tenent
3278 2122 3598 2201 CajctanuS,
3610 2141 3749 2202 opus-

2256 2218 2396 2279 culo
2440 2217 2525 2278 ‘de
2574 2218 2879 2279 Potestate
2920 2218 3123 2296 Papae,
3172 2235 3230 2277 c.
3281 2218 3355 2277 13
3386 2222 3447 2277 et
3484 2220 3585 2294 113
3614 2220 3748 2289 Can..

2256 2314 2301 2376 1.
2336 2316 2375 2375 6
2402 2316 2479 2376 de
2506 2314 2701 2390 Locis,
2746 2333 2799 2375 c.
2844 2316 2907 2390 4,
2954 2320 3097 2375 etc.
3135 2313 3277 2387 ult.,
3320 2313 3397 2373 ad
3433 2316 3531 2389 103
3578 2316 3747 2375 Turre-

2256 2426 2473 2483 crem.,
2496 2426 2632 2486 cap.
2672 2405 3109 2479 Saea-osanam,
3143 2405 3209 2466 d.
3240 2408 3343 2467 22.

2340 2506 2437 2563 10.
2468 2501 2681 2565 Tertia
2700 2502 2953 2565 assertio
2976 2498 3299 2582 bipartita,
3322 2502 3391 2563 do
3408 2518 3516 2581 qua
3536 2500 3748 2575 Bellon,

2255 2594 2301 2656 l.
2330 2598 2369 2655 4
2396 2597 2466 2657 de
2491 2595 2757 2672 Pontis„
2789 2612 2841 2657 c.
2876 2596 2937 2654 4.
2958 2626 3043 2641 -
3072 2592 3306 2658 Suasio
3332 2592 3551 2675 prioris
3574 2596 3751 2675 partis.

2252 2720 2335 2735 -
2382 2688 2613 2752 Suasio
2654 2689 3012 2771 posterioris
3056 2687 3451 2767 insufficiens.
3481 2718 3553 2732 —
3579 2686 3755 2747 Melior

2245 2782 2469 2845 suasio.
2502 2814 2585 2827 —
2612 2782 2759 2842 Dico
2802 2780 3219 2841 nihilominus
3264 2780 3443 2841 tertio
3482 2796 3499 2839 ε
3530 2778 3755 2859 quamvis

2246 2876 2599 2955 conjunctio
2646 2875 2873 2937 summi
2918 2874 3319 2954 pontificatus
3355 2891 3493 2935 cum
3528 2874 3752 2934 Romana

2248 2970 2400 3031 Sede
2433 2970 2511 3030 ad
2543 2970 2904 3049 primariam
2928 2969 3113 3047 hujus
3137 2968 3458 3047 dignitatis
3482 2967 3753 3027 institutio-

2246 3082 2391 3125 nem
2421 3082 2551 3124 non
2590 3066 2918 3143 pertineat,
2958 3080 3160 3143 neque
3200 3062 3483 3123 videatur
3508 3077 3542 3121 a
3566 3060 3752 3122 Christo

2248 3157 2507 3218 Domino
2534 3162 2681 3219 ante
2710 3156 3129 3218 ascensionem
3157 3156 3231 3216 in
3258 3154 3479 3216 caelum
3506 3154 3745 3227 ordinata,

2249 3249 2634 3330 probabilius
2690 3256 2901 3311 tamen
2950 3255 3013 3310 et
3080 3250 3285 3329 magis
3337 3249 3505 3328 pium
3544 3247 3747 3319 videtin,

2251 3344 2501 3409 Petrum
2530 3360 2604 3404 ex
2649 3344 2843 3423 ipsius
2879 3342 3099 3403 Christi
3144 3344 3399 3404 Domini
3430 3344 3694 3423 praecepto
3712 3344 3759 3398 et

2249 3436 2570 3498 voluntate
2619 3436 2793 3497 illam
2843 3436 3203 3497 instituisse.
3258 3436 3435 3496 Prior
3466 3452 3594 3515 pars
3626 3438 3677 3493 et
3702 3448 3759 3491 cx

2250 3529 2429 3590 dictis
2468 3534 2533 3590 et
2560 3547 2673 3608 per
2700 3547 2765 3590 se
2796 3528 3043 3589 videtur
3074 3530 3229 3590 satis
3270 3527 3587 3591 manifesta
3597 3542 3614 3605 ;
3652 3542 3762 3585 con·

2254 3627 2379 3682 stat
2418 3622 2589 3683 enim
2630 3622 2905 3683 accidere
2950 3621 3097 3683 huic
3138 3622 3456 3701 dignitati,
3492 3638 3595 3701 per
3626 3636 3679 3678 se
3702 3616 3767 3675 lo-

2255 3715 2523 3794 quendo,
2556 3732 2685 3776 esse
2712 3732 2856 3775 cnm
2883 3714 2999 3776 boc
3039 3714 3139 3776 vel
3171 3716 3283 3776 illo
3316 3717 3649 3795 episcopatu
3672 3708 3770 3789 pri·

2254 3815 2396 3870 vato
2424 3816 2612 3889 atque
2636 3810 2766 3870 loco
2791 3810 3185 3888 conjunctam
3214 3830 3230 3887 3
3264 3828 3394 3872 non
3418 3810 3574 3871 enim
3588 3808 3770 3883 exiguo

2256 3909 2535 3982 tempore
2568 3902 2723 3966 vixit
2770 3902 2981 3964 Petrus
3029 3903 3327 3965 Summus
3370 3900 3635 3965 Pontifex
3670 3899 3773 3959 sinc

2256 4003 2426 4058 certa
2452 3996 2597 4060 sede
2618 4018 2635 4073 3
2664 3997 2836 4076 atqui
2860 3996 2915 4058 si
2934 3996 3215 4073 interim,
3242 3998 3627 4078 permittente
3646 3994 3744 4053 Deo
3752 4007 3770 4067 3

2255 4089 2335 4152 ab
2364 4090 2607 4151 Herode
2643 4089 2861 4151 fuisset
2892 4091 3151 4166 occisus,
3190 4090 3510 4153 habuisset
3548 4086 3775 4168 profecto

2256 4200 2694 4260 successorem,
2759 4184 2867 4265 qui
2904 4191 3117 4246 tamen
3177 4202 3257 4246 ex
3320 4185 3385 4247 vi
3440 4179 3779 4245 successionis

2254 4278 2587 4358 Episcopus
2616 4279 2931 4339 Romanus
2948 4296 3073 4340 non
3099 4286 3277 4341 esset.
3304 4277 3480 4353 Quod
3506 4292 3642 4337 vero
3664 4278 3779 4334 ante

2254 4373 2679 4433 ascensionem
2726 4370 3001 4432 Christus
3047 4372 3351 4433 Dominus
3378 4371 3534 4433 nihil
3582 4368 3651 4429 de
3688 4366 3779 4425 hoc

2255 4464 2655 4541 ordinaverit,
2688 4471 2880 4544 patet,
2916 4470 3051 4525 tum
3096 4465 3247 4544 quia
3287 4464 3449 4526 nihil
3482 4465 3601 4526 tale
3626 4460 3779 4521 habe-

2254 4576 2396 4619 mus
2424 4576 2500 4619 cx
2532 4558 2850 4637 Scriptura
2891 4556 2990 4619 vel
3036 4557 3419 4637 traditione3
3460 4565 3587 4619 tum
3626 4572 3693 4616 ex
3726 4570 3783 4613 co

2256 4651 2421 4731 quod
2450 4650 2665 4711 Petrus
2684 4650 2894 4711 sedem
2912 4649 3051 4711 fixit
3072 4650 3351 4730 primum
3378 4654 3446 4713 in
3474 4668 3595 4711 una
3616 4646 3783 4709 Eccle-

2257 4746 2373 4821 sia,
2422 4744 2814 4825 postmodum
2864 4744 2930 4804 in
2975 4743 3205 4822 altera3
3258 4751 3397 4806 tum
3452 4746 3627 4806 tertio
3666 4740 3787 4820 quia

2254 4837 2427 4899 nulla
2483 4842 2741 4917 apparet
2795 4838 2928 4917 ejus
2968 4836 3060 4899 rei
3110 4840 3466 4901 necessitas.
3525 4834 3787 4897 Posterior

2259 4932 2488 4993 deinde
2531 4948 2675 5011 pars
2710 4930 3065 4993 assertionis
3108 4932 3471 4993 confirmari
3510 4932 3657 4993 solet
3692 4926 3789 4987 illis

2258 5024 2631 5086 Pontificum
2658 5024 3052 5099 testimoniis,
3094 5025 3321 5103 quibus
3354 5024 3669 5086 conficitur
3694 5021 3787 5080 Ro·

2256 5136 2512 5180 manum
2554 5116 2915 5179 Pontificem
2940 5116 3083 5196 jure
3124 5116 3363 5195 divino,
3396 5125 3461 5181 et
3496 5135 3573 5180 ex
3601 5108 3796 5177 Christi

2256 5210 2503 5273 Domini
2536 5210 2947 5286 institutione,
2989 5207 3221 5272 habere
3245 5211 3591 5291 primatum
3622 5205 3791 5269 Eccle-

2256 5304 2382 5365 siae.
2427 5305 2658 5366 Verum
2694 5321 2833 5383 quae
2862 5303 2981 5365 hoc
3010 5308 3255 5364 tantum
3294 5304 3670 5383 exprimunt,
3698 5296 3794 5379 mi-¹

2254 5397 2423 5458 nime
2468 5403 2728 5476 urgent,
2787 5414 2991 5477 neque
3048 5396 3211 5457 hanc
3264 5396 3712 5457 conclusionem
3756 5384 3795 5451 ii

2254 5488 2570 5569 pontifices
2594 5490 2952 5566 intendunt,
2980 5488 3085 5551 sed
3107 5488 3379 5570 primam
3416 5494 3677 5561 tantum,
3708 5500 3795 5545 cu·
