3900 6217
567 335 686 400 578

1275 329 1518 384 msPU'r.
1549 326 1726 379 xxm.
1761 323 1842 377 BE
1875 315 2083 372 Pul-:ms
2117 314 2579 374 conronALmus
2610 319 3085 374 nfflmicouuu.

571 444 661 517 ni,
693 459 826 522 cap.
862 439 964 512 10,
987 440 1051 496 et
1076 432 1188 494 lib.
1217 433 1258 491 2
1279 435 1492 491 contra
1511 424 1846 494 Gaudent„
1867 439 2007 500 cap.
2035 422 2135 494 17,
2219 419 2613 492 Testamento
2640 421 2823 482 falsos
2843 420 3171 501 prophetas
3186 419 3378 484 occidi
3388 423 3567 502 jussit,
3588 427 3721 490 Deu-

573 545 634 598 et
665 535 767 608 26,
795 538 856 592 et
883 530 1061 609 epist.
1095 527 1197 596 18,
1229 526 1329 598 50,
1363 527 1428 583 et
1451 520 1586 582 aliis
1621 522 1879 578 constat.
1931 515 2002 574 In
2036 529 2142 574 eo-
2220 517 2336 574 ter.
2373 516 2446 575 13
2472 520 2536 576 et
2568 515 2645 575 18
2672 537 2691 590 ;
2722 514 2875 590 imo,
2914 532 3049 592 cap.
3076 516 3173 590 17,
3214 514 3483 576 eamdem
3514 535 3725 595 poenam

573 631 712 690 dem
743 641 947 686 errore
983 620 1106 680 fuit
1126 615 1435 694 Wicleph,
1466 619 1536 673 ut
1559 610 1826 672 refertur
1867 608 1932 667 in
1986 607 2141 666 Con-

577 722 718 784 cilio
741 711 1216 784 Constantiensi,
1248 727 1395 768 3053.
1433 707 1527 780 15,
1571 705 1636 764 in
1663 705 1836 764 artic.
1873 700 2009 780 ejus
2038 699 2138 760 14.

576 817 744 877 Idem
770 809 1029 872 asseruit
1055 803 1402 874 LutheriuS‚
1427 807 1546 861 art.
1567 801 1642 860 33
1669 816 1778 877 per
1796 796 2067 856 Leonem
2089 791 2145 852 X

578 909 904 980 damuat03
936 907 998 962 et
1050 897 1436 976 Augustinus
1483 892 1798 954 interdum
1825 889 1903 949 de
1934 887 2053 948 hac
2077 904 2145 948 re

577 1000 696 1060 fuit
724 995 970 1066 dubius,
1001 1010 1126 1052 non
1147 989 1398 1069 quidem
1442 1005 1522 1046 an
1560 985 1760 1058 liceat,
1802 980 1906 1042 sed
1935 999 2017 1040 an
2043 997 2146 1040 ex-

581 1091 790 1173 pediat
811 1089 905 1147 uti
929 1085 1046 1145 hac
1077 1100 1258 1160 poena
1283 1086 1498 1140 contra
1528 1075 1871 1138 haereticos.
1902 1071 2148 1132 Funda-

583 1187 810 1246 bantur
848 1176 1146 1250 haeretici,
1179 1174 1328 1252 quia
1351 1173 1654 1246 ChristuS,
1691 1166 1963 1230 Matthaei
1995 1167 2055 1236 7,
2087 1169 2151 1225 et

584 1279 758 1338 Lucae
777 1275 878 1347 20,
905 1271 1114 1330 docuit
1135 1268 1384 1346 quidem
1407 1263 1750 1326 cavendum
1771 1278 1900 1321 esse
1919 1277 1959 1318 a
1978 1256 2151 1318 falsis

587 1366 927 1451 prophetis,
964 1370 1026 1424 et
1077 1359 1376 1422 arcendos
1423 1376 1551 1419 esse
1579 1357 1756 1436 lupos
1773 1370 1794 1431 ;
1829 1368 2151 1431 nunquam

587 1469 797 1523 tamen
851 1457 1060 1518 docuit
1089 1473 1220 1514 esse
1257 1449 1720 1523 interimendoS,
1767 1446 1922 1526 quin
1949 1445 2153 1524 potius

593 1556 770 1616 Petro
797 1551 1114 1632 prohibuit
1152 1551 1241 1607 uti
1274 1546 1500 1626 gladio.
1551 1543 1854 1615 Secundo,
1881 1539 2153 1598 maxime

594 1654 819 1724 urgent
849 1641 1206 1724 parabolam
1227 1639 1304 1700 de
1324 1637 1593 1712 zizaniis,
1622 1633 1839 1696 Matth.
1873 1634 1975 1704 13,
2006 1649 2154 1692 nam

593 1745 663 1803 in
691 1759 764 1801 ea
790 1738 948 1798 dixit
994 1734 1267 1795 Christus
1297 1750 1422 1792 nou
1473 1748 1602 1790 esse
1654 1725 2022 1789 eradicanda
2073 1725 2149 1786 zi-

596 1833 792 1902 zania,
825 1849 903 1890 00
939 1826 1095 1887 forte
1135 1822 1320 1884 simul
1372 1823 1717 1884 eradicetur
1753 1829 1816 1880 et
1839 1819 2113 1877 triticum
2130 1832 2175 1893 3.

599 1926 850 1989 nomine
878 1928 1087 1983 autem
1113 1919 1485 1979 zizaniorum
1507 1913 1780 1975 haeretiri
1802 1909 2157 1989 significan-

596 2028 723 2088 tur,
766 2025 838 2078 ut
883 2015 970 2076 ibi
1017 2014 1291 2074 sentiunt
1335 2011 1726 2088 Hieronym.,
1776 2003 2123 2083 Theophyl.

600 2115 879 2191 Eutym.,
929 2113 990 2168 et
1017 2106 1356 2184 Chrysost„
1389 2101 1604 2162 homil.
1638 2102 1754 2177 473
1803 2104 1866 2160 et
1914 2100 2156 2176 Augus-

597 2209 742 2278 tin.‚
776 2205 843 2265 in
880 2201 987 2262 lib.
1018 2201 1160 2261 Post
1199 2196 1589 2257 collationem
1627 2199 1843 2253 contra
1881 2191 2157 2251 Donatis-

600 2309 717 2374 taS,
760 2315 894 2376 cap.
929 2293 990 2368 6,
1040 2310 1181 2353 cum
1220 2291 1536 2369 Cypriam,
1574 2285 1815 2365 epistol.
1863 2287 1967 2358 51,
2008 2281 2159 2343 alias

601 2391 760 2454 libro
789 2389 994 2459 tertio,
1032 2383 1289 2464 epistola
1331 2381 1534 2441 tertia.
1585 2379 1792 2440 Tertio
1833 2395 2164 2456 argumen-

603 2492 816 2546 tantur
843 2501 921 2542 ex
958 2481 1214 2557 antiqua
1243 2473 1686 2536 consuetudine
1715 2470 2014 2546 Ecclesiae,
2046 2468 2167 2528 sal-

603 2587 732 2639 tem
759 2576 1072 2652 negativa,
1101 2571 1248 2648 quia
1274 2585 1594 2647 nunquam
1626 2583 1737 2624 usa
1781 2571 1874 2624 est
1901 2561 2014 2622 tali
2034 2579 2163 2642 poe-

607 2691 714 2746 na,
772 2671 876 2730 sed
933 2666 1010 2726 ad
1057 2679 1372 2724 summum
1423 2659 1615 2731 exilii,
1659 2664 1728 2717 ut
1771 2675 1848 2717 ex
1889 2655 2163 2734 antiquis

605 2762 890 2830 conciliis
913 2763 1171 2833 constat,
1197 2773 1336 2834 quoe
1365 2752 1741 2815 consuetudo
1769 2750 2027 2810 fundata
2044 2747 2166 2807 fuit

607 2862 674 2923 in
710 2853 1184 2918 mansuetudine
1209 2849 1514 2920 Ecclesioe‚
1562 2845 1662 2906 cui
1689 2843 1828 2904 talis
1852 2860 2041 2922 poena
2069 2859 2165 2901 re-

609 2957 868 3034 pugnat.
912 2949 1163 3021 Quarto,
1192 2941 1336 3022 quia
1361 2939 1630 3000 Ecclesia
1658 2955 1785 2997 non
1810 2937 2009 2995 utitur
2045 2932 2165 2993 hac

613 3061 795 3125 poena
832 3045 1048 3102 contra
1075 3037 1228 3098 alios
1255 3032 1560 3108 infideles,
1599 3031 1704 3092 sed
1729 3028 1950 3090 tolerat
1978 3028 2167 3088 etiam

610 3137 887 3211 Judoeos3
915 3149 1064 3210 ergo
1093 3149 1204 3191 nec
1231 3138 1446 3189 contra
1474 3125 1786 3187 haereticos
1821 3122 1924 3183 illa
1945 3122 2039 3182 uti
2067 3121 2171 3183 de-

612 3230 718 3291 bet
736 3235 844 3288 aut
866 3231 1086 3306 potest.

693 3326 754 3384 2.
796 3322 1019 3384 Prima
1041 3317 1294 3382 assertio
1323 3314 1638 3388 catholica,
1661 3311 1819 3394 quod
1821 3329 1938 3392 pro
1962 3309 2175 3371 hoeresi

610 3435 788 3498 poma
807 3417 1021 3477 mortis
1027 3414 1209 3494 justa
1226 3411 1335 3483 sit,
1361 3413 1414 3471 et
1441 3426 1514 3470 ea
1529 3413 1822 3490 potestate
1843 3403 2167 3467 Ecclesia».

615 3543 696 3558 —-
729 3506 1142 3570 Nihilominus
1181 3503 1436 3564 assertio
1491 3499 1791 3561 catholica
1814 3505 1927 3573 est,
1973 3496 2176 3558 Eccle-

619 3605 767 3663 siam
803 3619 977 3681 posse
1000 3600 1163 3677 juste
1194 3597 1414 3678 punire
1445 3594 1768 3654 haereticos
1791 3610 1977 3672 poena
2014 3609 2178 3651 mor-

617 3699 717 3757 tis.
751 3693 923 3757 Hanc
947 3693 1262 3752 veritatem
1294 3689 1416 3748 late
1449 3687 1788 3748 defendunt
1814 3691 2027 3745 contra
2052 3683 2178 3744 hae-

615 3789 858 3863 reticos,
909 3785 1211 3860 Rofl'euS.,
1257 3783 1415 3842 dicto
1455 3780 1626 3842 artic.
1689 3781 1767 3842 33
1808 3785 2022 3840 contra
2061 3778 2178 3838 Lu-

615 3883 775 3944 thcr.
803 3905 822 3956 ;
854 3887 916 3942 et
939 3878 1183 3953 EckiuS,
1202 3885 1318 3940 art.
1343 3877 1417 3936 27
1449 3880 1662 3936 contra
1689 3873 2012 3947 eumdem3
2046 3870 2179 3931 Bel-

616 3975 894 4050 larmin„
921 3970 1029 4032 lib.
1064 3973 1101 4031 3
1120 3970 1195 4030 de
1215 3969 1433 4044 Laicis,
1455 3985 1588 4046 cap.
1623 3968 1694 4027 21
1725 3973 1787 4026 οι
1806 3967 1916 4042 22,
1945 3966 2178 4038 Castro,

570 4061 578 4068 ⁶
620 4068 730 4131 lib.
768 4073 794 4130 1
829 4068 904 4128 de
927 4067 1086 4127 Just.
1118 4063 1330 4123 haeret.
1363 4063 1590 4141 punit„
1623 4079 1756 4139 cap.
1791 4062 1853 4134 9,
1899 4065 1961 4118 et
1986 4059 2091 4118 lib.
2117 4060 2179 4132 2,

621 4181 754 4242 cap.
797 4163 908 4234 12;
937 4157 1244 4232 Valentia,
1269 4162 1439 4217 tomo
1469 4159 1530 4230 3,
1555 4155 1713 4232 disp.
1750 4158 1806 4230 1,
1835 4159 2048 4232 quoest.
2086 4155 2178 4226 11,

625 4262 833 4337 punct.
871 4257 944 4328 33
976 4253 1175 4326 OsiuS,
1200 4251 1308 4310 lib.
1345 4252 1369 4308 1
1399 4255 1611 4309 contra
1631 4250 1837 4308 Brent.
1857 4262 1876 4322 ;
1897 4252 1960 4306 et
1984 4263 2061 4306 ex
2084 4247 2182 4324 ju-

623 4347 943 4428 risperitiS,
984 4346 1261 4420 Covarr„
1292 4342 1403 4403 lib.
1439 4343 1478 4401 2
1505 4341 1773 4413 Variar„
1800 4358 1933 4418 cap.
1984 4341 2082 4414 10,
2115 4357 2179 4398 n.

627 4444 742 4517 103
801 4450 862 4501 et
906 4439 1203 4511 Simanc.,
1232 4437 1330 4496 tit.
1377 4435 1480 4509 ⁴6,
1537 4451 1575 4493 a
1620 4451 1796 4493 num.
1838 4435 1951 4506 443
1984 4438 2046 4492 et
2078 4431 2185 4492 alii

625 4534 896 4596 sectione
929 4530 1214 4610 sequenti
1238 4527 1566 4590 referendi.
1604 4527 1680 4586 Et
1719 4525 2013 4605 probatur
2040 4525 2183 4584 bre-

629 4629 812 4704 viter,
848 4627 1017 4706 quia,
1062 4629 1134 4684 ut
1179 4622 1390 4701 aliqua
1425 4639 1610 4701 poena
1652 4620 1813 4700 juste
1840 4618 2183 4695 infligatur,

626 4721 750 4782 duo
779 4723 1024 4780 tantum
1051 4716 1392 4776 necessaria
1423 4720 1602 4774 sunt:
1631 4713 1926 4792 primum,
1960 4718 2031 4770 ut
2058 4728 2186 4789 poe-

623 4833 706 4875 na
753 4813 832 4874 sit
874 4809 1334 4892 proportionata
1357 4807 1647 4886 gravitati
1687 4805 1924 4884 culpae;
1972 4822 2186 4864 secun-

625 4910 800 4981 dum,
846 4921 912 4964 ut
935 4903 1016 4964 ab
1040 4902 1304 4963 habente
1329 4906 1690 4979 potestatem
1725 4903 1788 4958 et
1812 4897 2188 4976 jurisdictio-

623 5018 766 5061 nem
797 4997 1130 5058 iuferatur:
1165 5001 1498 5073 utrumque
1527 4998 1737 5054 autem
1767 4991 1833 5050 in
1865 4989 1981 5050 hac
2007 5005 2187 5068 poena

627 5090 968 5154 invenitur.
1013 5087 1464 5166 Consequentia
1509 5103 1652 5146 cum
1685 5083 1906 5161 majori
1935 5079 2185 5144 eviden-

625 5195 715 5248 tes
743 5191 910 5258 suut;
938 5182 1142 5242 minor
1169 5185 1442 5259 superest
1467 5178 1808 5258 probanda.

613 5311 622 5320 ,
703 5277 762 5338 3.
809 5275 1118 5338 Probatur
1144 5271 1672 5353 quoadjustitiam
1713 5289 1787 5333 ea
1825 5269 2183 5349 Scriptura.

633 5403 716 5420 --
743 5371 914 5432 Prior
953 5385 1101 5444 ergo
1133 5384 1272 5444 pars
1299 5366 1376 5426 de
1403 5366 1691 5444 aequitate
1725 5382 1922 5446 poenoe
1941 5362 2189 5444 probari

630 5468 832 5544 potest
875 5460 1182 5542 imprimis
1215 5458 1496 5539 exemplo
1547 5459 1678 5532 Dei,
1729 5458 1836 5537 qui
1876 5457 1944 5518 in
1995 5455 2189 5518 veteri

2223 605 2365 667 tulit
2383 613 2599 668 contra
2624 626 2751 681 eos,
2776 607 2884 686 qui
2905 605 3154 668 obedire
3186 606 3415 670 nollent
3420 608 3629 688 judicio
3650 631 3728 672 sa·
3821 669 3822 672 ,

2224 699 2503 774 cerdotis,
2534 702 2879 779 praesertim
2926 701 2993 760 in
3040 701 3463 762 controversiis
3496 703 3639 764 fidei.
3667 706 3729 766 Et

2224 794 2313 855 ita
2354 795 2420 855 in
2458 794 2599 854 aliis
2652 793 2985 874 Scripturae
3032 792 3180 854 locis
3220 793 3543 856 laudantur
3562 815 3728 874 reges,

2224 887 2331 966 qui
2350 887 2515 948 hanc
2529 904 2779 968 poenam
2804 887 3151 948 executioni
3172 886 3451 948 mandari
3472 888 3729 964 fecerunt,

2226 986 2297 1040 ut
2326 982 2363 1041 3
2392 981 2546 1060 Reg.
2580 983 2681 1056 18,
2708 988 2772 1040 οι
2802 982 2845 1040 4
2874 981 3022 1058 Reg.
3056 983 3130 1041 10
3160 987 3224 1040 et
3252 981 3354 1044 23.
3387 982 3455 1042 ln
3480 999 3625 1042 novo
3648 1003 3736 1044 au-

2230 1080 2359 1136 tem
2396 1076 2813 1148 Testamento‚
2856 1075 3137 1152 quamvis
3182 1074 3453 1136 Christus
3490 1075 3737 1136 Dominus

2232 1164 2296 1225 id
2324 1183 2449 1226 non
2493 1167 2875 1246 praeceperit,
2907 1185 3019 1228 000
3064 1166 3299 1228 similes
3344 1166 3507 1244 leges
3544 1167 3735 1244 tulerit,

2232 1259 2381 1337 quia
2421 1277 2537 1320 nec
2592 1261 3071 1336 caeremouiales,
3108 1278 3227 1322 nec
3266 1261 3573 1339 judiciales
3604 1263 3741 1339 leges

2232 1351 2519 1412 Ecclesiae
2570 1371 2697 1414 suae
2751 1354 3023 1432 reliquit,
3090 1353 3197 1414 sed
3250 1354 3615 1433 dispositioni
3638 1357 3741 1434 ejus

2234 1452 2451 1506 caetera
2518 1452 2736 1524 praeter
2796 1447 3206 1512 substantiam
3273 1454 3742 1508 sacramentorum
3823 1482 3824 1502 ι

2235 1539 2583 1614 commisit,
2630 1539 3039 1601 nihilominus
3068 1540 3157 1600 ita
3184 1538 3263 1600 de
3302 1539 3589 1601 haereticis
3612 1539 3744 1602 loeu-
3823 1541 3824 1578 f

2238 1638 2335 1692 tus
2365 1638 2479 1706 est,
2512 1642 2584 1694 ut
2608 1652 2711 1694 eos
2732 1634 2847 1694 hac
2886 1651 3067 1712 poena
3096 1635 3317 1714 dignos
3354 1651 3479 1696 esse
3516 1635 3745 1696 ostende-

2235 1724 2338 1786 rit.
2370 1725 2560 1786 Vocat
2580 1727 2749 1792 enim
2776 1726 2917 1787 illos
2945 1731 3115 1805 furas
3144 1733 3200 1792 ot
3226 1728 3491 1790 latram
3510 1751 3535 1799 ,·
3560 1733 3744 1789 atvero

2236 1820 2403 1881 fures
2424 1828 2487 1882 et
2506 1821 2775 1882 latrones
2803 1841 2984 1902 poena
3008 1823 3229 1884 mortis
3254 1822 3429 1900 digni
3452 1829 3603 1882 sunt.
3628 1824 3743 1884 item

2238 1919 2419 1974 vocat
2441 1932 2543 1975 eos
2568 1915 2742 1994 lupos
2772 1933 3045 1995 rapaces,
3092 1914 3371 1976 Matthaei
3412 1916 3666 1994 septimo,
3700 1922 3747 1976 et

2238 2004 2385 2068 Luc.
2419 2006 2755 2086 vigesim03
2778 2007 2909 2086 lupi
2932 2015 3143 2068 autem
3170 2026 3299 2070 non
3326 2013 3563 2068 tantum
3580 2027 3747 2069 arcen-

2237 2098 2301 2158 di
2343 2107 2491 2160 sunt
2523 2118 2562 2161 a
2590 2119 2800 2180 grege,
2830 2101 2937 2162 sed
2970 2103 3157 2164 etiam
3204 2101 3539 2176 occidendi,
3580 2103 3622 2162 si
3646 2101 3748 2162 fieri

2237 2194 2449 2274 possit.

2323 2289 2383 2348 4.
2429 2289 2591 2350 Item
2616 2305 2689 2351 ea
2710 2305 2828 2351 usu
2852 2287 3147 2352 Eoolesioe
3170 2293 3231 2351 et
3254 2287 3562 2351 Patriam.
3586 2321 3655 2333 -
3672 2289 3750 2350 Se-

2246 2380 2451 2442 cundo
2476 2387 2671 2458 potest
2703 2381 2840 2442 haec
2868 2381 3177 2442 sententia
3202 2381 3552 2444 confirmari
3586 2384 3751 2460 positi·
3825 2377 3826 2408 ³

2245 2490 2325 2532 vo
2354 2491 2473 2532 usu
2502 2474 2781 2536 Ecclesiae
2817 2476 2965 2535 satis
2988 2475 3275 2555 antiquo,
3322 2477 3427 2553 qui
3454 2493 3527 2536 ex
3564 2475 3751 2552 legibus

2248 2567 2693 2646 imperatorum
2718 2574 2781 2628 et
2810 2567 3174 2630 Pontificum
3196 2568 3565 2630 sufficienter
3586 2569 3753 2648 proha-

2242 2666 2386 2736 tur;
2414 2677 2517 2720 eas
2544 2679 2688 2720 vero
2729 2661 2795 2720 in
2824 2663 3093 2722 sectione
3133 2664 3417 2741 sequenti
3448 2662 3748 2724 referemus.

2243 2752 2623 2830 Augustinus
2636 2757 2820 2814 etiam
2836 2755 2903 2814 in
2917 2753 3065 2814 locis
3088 2755 3295 2814 citatis
3302 2755 3593 2832 justitiam
3613 2753 3753 2832 hujus

2245 2862 2446 2926 poenae
2464 2846 2893 2922 defendit,imo
2909 2854 3095 2909 eteon
3103 2847 3479 2910 venientiam
3494 2866 3561 2908 ae
3574 2847 3754 2906 utilita-

2246 2945 2398 3014 tem,
2430 2940 2679 3018 quando
2704 2941 2831 3001 alia
2850 2940 3125 3002 remedia
3152 2941 3329 3020 prius
3352 2947 3578 3002 tentata
3604 2951 3652 3000 et
3674 2958 3755 3018 ap-

2243 3032 2473 3112 plicata
2494 3051 2621 3094 non
2641 3032 2975 3094 sufficiunt.
3008 3035 3086 3094 Et
3108 3034 3279 3098 idem
3308 3036 3495 3096 sensit
3512 3035 3755 3110 Hierony-

2252 3143 2389 3186 mus
2418 3127 2625 3188 statim
2644 3126 2949 3187 uitandus,
2982 3128 3139 3188 Sunt
3162 3129 3353 3190 etiam
3375 3127 3651 3190 nonnulla
3675 3143 3757 3185 an-

2253 3219 2427 3298 tiqua
2456 3218 2738 3298 exempla
2774 3217 2963 3301 hujiis
2990 3237 3219 3300 poenoe3
3251 3237 3451 3282 unum
3482 3220 3655 3280 videri
3674 3235 3757 3296 po·

2256 3318 2373 3372 test
2412 3313 2477 3372 in
2508 3313 2656 3372 Divo
2682 3312 3000 3392 Gregorio,
3050 3313 3119 3374 in
3164 3315 3279 3376 lib.
3332 3317 3361 3378 1
3398 3313 3755 3391 Dialogorum‚
3826 3297 3828 3312 '

2252 3423 2385 3484 cap.
2413 3408 2452 3466 4
2465 3427 2483 3481 3
2507 3404 2673 3466 aliud
2684 3407 2848 3485 apud
2869 3406 3223 3486 Nicephor.‚
3242 3407 3351 3468 lib.
3378 3409 3453 3469 18
3468 3405 3758 3479 Histoi-iar„

2255 3517 2385 3580 cap.
2421 3502 2496 3572 43
2528 3506 2591 3559 et
2616 3499 2779 3560 aliud
2808 3502 2871 3560 in
2894 3501 3219 3576 Bernard.,
3252 3520 3435 3562 serm.
3454 3502 3529 3562 66
3554 3501 3611 3562 in
3636 3502 3759 3560 Can·

2259 3595 2405 3667 tica,
2427 3593 2536 3653 ubi
2566 3594 2876 3674 improbat
2904 3595 3067 3674 quod
3096 3614 3264 3658 mors
3286 3596 3412 3657 lata
3460 3596 3628 3657 fuerit
3658 3593 3759 3653 sine

2260 3683 2581 3746 sufficienti
2619 3693 2917 3766 potestate
2930 3711 2949 3762 ;
2998 3707 3171 3750 secus
3218 3707 3391 3765 vero,
3416 3689 3619 3767 inquit,
3644 3687 3759 3746 fuis-

2260 3787 2376 3854 set,
2406 3779 2458 3840 si
2486 3778 2565 3840 ab
2589 3799 2687 3856 eo,
2720 3782 2973 3860 quinon
3004 3783 3137 3844 sine
3158 3801 3349 3845 causa
3376 3783 3624 3862 gladium
3648 3797 3759 3858 por·

2262 3878 2372 3938 tat.
2400 3871 2547 3932 data
2574 3872 2811 3936 fuisset.

2344 3967 2404 4026 5.
2452 3966 2718 4046 Denique
2744 3969 3002 4032 ratione.
3044 4001 3127 4016 -
3158 3970 3369 4032 Tertio
3408 3968 3667 4048 probatur
3686 3981 3757 4023 ra-

2261 4059 2429 4120 tione
2470 4060 2687 4120 eadem
2730 4079 2893 4139 pars.
2944 4063 3172 4136 Primo,
3226 4081 3305 4124 ex
3342 4061 3619 4140 gravitate
3654 4053 3755 4116 talis

2262 4153 2469 4214 delicti
2485 4175 2503 4228 ;
2564 4172 2710 4214 nam
2778 4155 2911 4216 siue
2956 4155 3145 4216 dubio
3200 4157 3453 4234 gravius
3492 4161 3575 4214 est
3612 4165 3755 4230 quam

2264 4246 2462 4306 multa
2498 4247 2643 4322 alia,
2696 4265 2835 4325 quae
2870 4248 3209 4325 justissime
3257 4249 3473 4310 ultimo
3521 4241 3755 4324 supplicio

2268 4341 2637 4418 puniuntur.
2674 4341 2973 4415 Secundo,
3005 4359 3082 4402 ex
3104 4341 3399 4421 qualitate
3418 4340 3548 4402 talis
3574 4334 3754 4406 delicti,

2265 4434 2428 4512 quod
2474 4433 2745 4496 maxime
2794 4436 3085 4496 nocivum
3118 4442 3212 4496 est
3248 4435 3578 4497 christianae
3600 4430 3758 4506 reipu-

2266 4525 2465 4600 blicoe,
2496 4543 2757 4605 eamque
2790 4528 2963 4588 valde
2992 4529 3335 4608 perturbat,
3364 4535 3433 4588 ut
3454 4545 3523 4590 ex
3546 4523 3699 4586 Paulo
3712 4529 3758 4578 et

2266 4637 2343 4680 ex
2364 4620 2602 4680 Sanctis
2624 4621 2902 4680 Patribus
2924 4639 3111 4700 supra
3135 4623 3529 4694 ostendimus,
3552 4625 3603 4680 et
3618 4631 3757 4693 cxpe-

2267 4713 2492 4774 rieutia
2548 4715 2681 4793 ipsa
2728 4715 2877 4775 satis
2938 4715 3136 4776 docet.
3206 4716 3379 4778 Unde
3430 4709 3757 4776 Innocentius

2268 4807 2454 4886 Papa,
2486 4807 2740 4886 epistola
2765 4809 2865 4878 25,
2906 4808 3259 4887 exemplum
3298 4808 3533 4870 adducit
3568 4803 3632 4864 (le
3654 4816 3758 4860 me-

2266 4897 2404 4958 dico
2433 4918 2541 4958 seu
2569 4899 2883 4978 chirurgo,
2924 4900 3035 4978 qui
3078 4901 3244 4980 prius
3284 4898 3515 4960 vulneri
3558 4890 3763 4956 adhibet

2268 4992 2565 5068 fomenta,
2598 4999 2711 5054 etc.
2750 5015 2765 5053 z
2804 4992 2910 5070 At,
2960 4995 3187 5073 inquit,
3231 4995 3287 5057 si
3326 4995 3395 5056 id
3434 5005 3655 5054 manens
3690 5001 3765 5048 sa·

2266 5087 2412 5148 nari
2462 5103 2581 5148 non
2624 5092 2854 5166 potest,
2906 5091 3077 5164 ferro
3130 5093 3421 5166 amputat,
3476 5103 3541 5148 ne
3590 5094 3765 5158 corpvs

2269 5180 2569 5260 reliquum
2592 5197 2706 5242 ma
2736 5181 2862 5242 tabe
2885 5185 3249 5262 corrumpat.
3272 5179 3437 5254 Quod
3466 5173 3763 5252 exemplum

2270 5272 2455 5333 latius
2491 5279 2716 5334 tractat
2754 5272 3169 5352 Hieronymus
3196 5273 3275 5334 ad
3308 5271 3536 5336 Galatas
3560 5269 3613 5340 5,
3636 5267 3765 5324 circa

2268 5364 2372 5424 iila
2392 5364 2579 5426 verba
2605 5381 2621 5425 ε
2654 5367 2959 5428 Modicam
2975 5371 3328 5442 fermentum
3356 5367 3529 5429 totam
3544 5371 3763 5422 massam

2270 5459 2640 5540 corrumpit;
2668 5477 2933 5538 quorum
2963 5477 3211 5522 sensum
3240 5475 3365 5521 esse
3394 5455 3550 5530 dicit,
3582 5465 3761 5536 pauco‘
