3900 6217
727 370 894 425 SECT.
914 350 990 423 'V-
1027 372 1106 425 BE
1137 370 1438 425 SUBJEGTO
1471 368 1764 434 nAEREStS,
1801 372 1880 423 ΕΤ
1911 372 2058 435 Qum
2090 372 2343 425 TANDEM
2376 371 2668 433 nAEREsls,
2704 372 2840 426 ETC.

209 490 320 535 non
351 471 544 535 solum
567 472 802 551 opinio,
829 473 935 534 sed
961 474 1150 535 etiam
1185 474 1491 535 certitudo
1516 488 1538 551 ;
1589 490 1732 554 sup-

209 568 472 648 ponimus
517 566 684 627 enim
714 567 992 629 Ecclesiae
1031 566 1410 629 sufficienter
1453 574 1734 629 constare

207 662 273 721 de
305 659 578 721 nullitate
605 659 938 739 baptismi;
967 661 1194 723 hahere
1234 678 1381 723 vero
1419 668 1620 741 posset
1645 661 1736 722 lo·

208 771 331 815 cum
360 751 518 813 dicta
541 752 775 831 opini0‚
815 754 1064 833 quando
1091 754 1362 815 defectus
1388 754 1737 817 'essentialis

205 845 470 925 baptismi
493 862 619 907 non
649 852 806 907 esset
845 847 912 907 in
943 848 1202 909 materia
1243 847 1341 909 vel
1373 848 1574 909 forma
1601 865 1738 927 quse

205 938 460 1005 sensibus
502 938 734 1019 percipi
779 954 1054 1019 possunt,
1082 940 1186 1001 sed
1225 942 1292 1001 in
1336 940 1608 1017 fictione,
1639 941 1740 1003 vel

204 1052 271 1095 ex
313 1037 482 1112 parte
527 1032 792 1095 ministri
840 1034 946 1113 qui
997 1033 1407 1097 intentionem
1452 1054 1582 1098 non
1629 1035 1740 1097 ha-

203 1128 346 1201 buit,
379 1123 475 1187 vel
517 1144 594 1187 ex
631 1126 823 1188 simili
863 1127 1110 1191 fictione
1149 1128 1545 1208 recipientis3
1590 1147 1738 1191 nam

205 1238 326 1283 cum
361 1218 462 1281 hic
491 1219 762 1283 defectus
801 1221 1066 1301 pendeat
1118 1240 1196 1283 ex
1234 1232 1376 1283 actu
1427 1240 1598 1284 mere
1641 1223 1739 1285 in·

204 1323 382 1387 terno,
423 1313 532 1393 qui
573 1313 854 1377 Ecclesiae
885 1334 1014 1377 non
1045 1316 1193 1379 satis
1219 1316 1596 1379 innotescere
1633 1334 1740 1397 po-

205 1414 326 1478 test,
365 1412 516 1467 tunc
565 1408 629 1467 in
679 1408 812 1471 foro
861 1408 1142 1471 Ecclesiae
1188 1410 1292 1471 ille
1342 1410 1742 1491 praesumitur

205 1501 550 1580 baptizatus,
581 1507 644 1561 et
671 1501 814 1562 ideo
839 1502 1049 1581 puniri
1088 1508 1316 1583 potest;
1355 1504 1458 1565 sed
1493 1504 1610 1565 hoc
1631 1522 1744 1583 per

203 1592 466 1655 accidens
510 1600 644 1669 est,
691 1602 754 1657 et
795 1595 934 1657 ideo
979 1596 1047 1657 in
1089 1598 1422 1658 assertione
1455 1596 1610 1674 dixi,
1630 1614 1746 1677 per

204 1708 256 1751 so
287 1689 587 1767 loquendo.
621 1690 774 1749 Item
804 1688 922 1749 hoc
951 1688 1104 1763 dixi,
1134 1690 1283 1769 quia
1309 1689 1626 1769 loquimur
1665 1690 1743 1752 de

203 1781 510 1863 punitione
540 1787 789 1861 propter
815 1782 1104 1843 haeresim
1135 1804 1150 1842 τ
1185 1801 1329 1843 nam
1365 1783 1418 1843 si
1446 1783 1596 1845 dicti
1621 1784 1743 1845 hm-

205 1875 362 1937 retici
405 1874 528 1937 alia
569 1876 810 1937 ratione
845 1881 1063 1938 contra
1105 1878 1438 1942 Ecclesiam
1473 1876 1743 1957 delique-

205 1972 338 2045 rint,
363 1970 688 2050 sacrilegia
731 1972 1178 2034 committendo
1205 1978 1420 2035 contra
1463 1973 1598 2051 ejus
1649 1991 1742 2033 sa-

207 2068 522 2139 cramenta,
559 2064 662 2125 vel
695 2064 820 2127 alio
862 2064 1050 2125 simili
1082 2065 1290 2140 modo,
1321 2072 1470 2127 tunc
1505 2065 1613 2126 illo
1664 2067 1744 2126 ti-

209 2156 322 2217 tulo
355 2156 614 2221 fortasse
643 2158 854 2239 puniri
893 2164 1186 2239 poterunt
1231 2158 1471 2220 ratione
1507 2159 1740 2237 delicti,

208 2271 315 2315 non
341 2254 582 2315 ratione
625 2254 936 2333 baptismi.
987 2256 1063 2315 Et
1099 2254 1354 2315 fortasse
1396 2254 1514 2316 hoc
1559 2256 1742 2318 modo

205 2352 382 2424 potest
409 2346 726 2409 interdum
770 2346 1033 2409 Ecclesia
1080 2364 1300 2426 cogere
1349 2347 1620 2427 aliquem
1661 2349 1743 2410 ad

207 2439 584 2517 baptismum,
622 2441 700 2503 de
740 2458 864 2520 quo
891 2440 1088 2501 videri
1129 2448 1385 2519 possunt
1413 2460 1551 2521 quae
1584 2442 1742 2505 dixi-

206 2550 326 2591 mus
351 2538 496 2593 tom.
535 2534 578 2594 3
616 2577 636 2606 ,
679 2534 748 2594 in
795 2536 834 2595 3
873 2551 965 2613 p.,
999 2533 1156 2614 disp.
1187 2534 1308 2611 24,
1361 2542 1505 2596 sect.
1541 2540 1613 2612 1,
1660 2536 1742 2597 ad

205 2624 446 2699 ealcem3
483 2625 690 2687 videri
745 2626 934 2687 etiam
978 2632 1177 2707 potest
1203 2628 1386 2689 Sanc.
1418 2646 1560 2690 cum
1605 2630 1742 2691 aliis

205 2734 336 2797 quos
371 2718 542 2791 citat,
573 2737 783 2798 supra,
815 2736 1076 2782 numero
1115 2720 1434 2799 trigesimo
1461 2728 1655 2783 sexto.

275 2812 360 2871 10.
387 2811 604 2875 Tertia
619 2814 900 2889 conditio,
921 2818 994 2877 ut
1013 2814 1182 2876 homo
1202 2830 1324 2876 non
1350 2820 1508 2879 met
1528 2816 1596 2878 in
1614 2821 1743 2881 tota

213 2902 434 2967 mater-ia
454 2902 720 2983 fidei.-
749 2904 950 2970 Castr.
993 2906 1120 2969 solo
1161 2906 1396 2971 nomine
1421 2910 1644 2973 recedit
1669 2910 1742 2972 ab

219 2996 307 3059 bac
344 2998 699 3061 conditione.
719 3030 796 3045 —
835 3000 1043 3060 Tertia
1091 3000 1362 3061 conditio
1413 3008 1525 3077 est,
1577 3008 1649 3063 ut
1687 3002 1742 3063 is

215 3089 306 3167 qui
325 3094 504 3164 errat,
565 3108 698 3151 non
749 3091 816 3153 in
863 3098 990 3153 tota
1025 3093 1284 3153 materia
1338 3092 1506 3169 fidei,
1537 3094 1742 3157 sedin

209 3182 390 3260 aliqua
415 3184 552 3261 ejus
573 3190 748 3264 parte
777 3184 938 3246 male
963 3187 1210 3247 sentiat.
1241 3188 1418 3247 Hanc
1445 3187 1745 3250 conditio·

210 3293 332 3335 nem
357 3282 602 3355 ponunt
619 3278 896 3341 Turrecr.
927 3280 994 3340 in
1021 3280 1208 3357 ‚Sum.
1245 3278 1322 3341 de
1345 3279 1602 3357 Eccles.,
1629 3281 1736 3345 lib.

211 3368 261 3441 4,
288 3375 433 3446 part.
463 3370 523 3441 2,
541 3388 686 3449 cap.
719 3373 832 3445 133
861 3378 924 3433 et
949 3374 1140 3447 Cano,
1173 3372 1318 3433 dict.
1344 3372 1450 3434 lib.
1479 3376 1578 3450 12,
1605 3392 1739 3455 cap.

209 3462 273 3535 ⁹3
299 3466 357 3521 et
379 3462 588 3540 RnJ‘as,
617 3462 696 3525 de
742 3464 1078 3538 Haereticis,
1110 3482 1170 3543 p.
1205 3466 1264 3541 1,
1291 3482 1467 3529 num.
1509 3469 1652 3542 484,
1681 3472 1745 3529 et

209 3556 608 3631 sequentibus,
659 3556 769 3617 ubi
821 3556 978 3617 alios
1029 3557 1235 3619 refert.
1287 3558 1577 3638 Sequitur
1611 3561 1744 3621 haec

211 3648 452 3709 conditio
486 3668 562 3711 ex
600 3650 1110 3729 prmo-edentibus,
1143 3669 1290 3714 nam
1343 3653 1567 3715 hoeoesi
1594 3654 1746 3715 sub-

211 3740 412 3819 jectum
441 3742 545 3805 ille
575 3750 693 3820 est,
727 3745 838 3823 qui
863 3744 1074 3823 aliquo
1115 3746 1296 3807 modo
1345 3764 1410 3807 se
1455 3746 1745 3809 Christia-

213 3852 342 3895 num
369 3836 692 3915 profitetur
707 3851 728 3914 ;
757 3837 862 3899 sed
892 3844 964 3899 ut
985 3856 1050 3899 se
1077 3838 1438 3919 profiteatur
1456 3839 1746 3903 Christia-

213 3944 364 4003 num,
399 3946 650 3991 necesse
675 3940 768 3991 est
789 3937 856 3991 ut
893 3930 1104 4011 aliquo
1131 3932 1315 3992 modo
1336 3932 1406 3992 in
1432 3932 1746 3995 Christum

215 4022 423 4099 credat;
450 4040 602 4102 ergo
635 4031 1082 4105 consequenter
1110 4043 1356 4087 necesse
1399 4031 1490 4087 est
1525 4033 1597 4086 ut
1619 4044 1746 4088 non

215 4119 384 4177 totam
432 4118 566 4195 ejus
615 4116 805 4178 fidem
844 4117 1131 4197 abneget,
1175 4118 1282 4180 sed
1335 4126 1578 4199 partem
1616 4138 1746 4181 cor-

215 4216 454 4289 rumpat.
490 4212 667 4273 Hanc
690 4230 840 4273 vero
865 4214 1284 4274 conditionem
1309 4221 1498 4291 negat
1511 4215 1744 4290 Castro,

215 4300 339 4362 dict.
371 4303 476 4365 lib.
514 4308 574 4381 1,
601 4324 659 4367 c.
686 4307 757 4380 93
785 4304 916 4381 sed,
937 4312 1008 4366 ut
1034 4306 1193 4367 bene
1219 4308 1459 4368 notavit
1479 4308 1746 4385 Siman.,

217 4394 342 4456 diet.
379 4398 474 4457 tit.
506 4401 611 4473 3¹,
655 4416 832 4459 num.
861 4402 962 4475 13,
1006 4399 1206 4461 solum
1232 4400 1310 4461 de
1339 4400 1594 4461 nomine
1627 4400 1748 4460 dis-

218 4494 390 4565 putat,
425 4492 574 4552 etin
605 4510 680 4552 eo
719 4492 1026 4565 dissentit,
1053 4494 1198 4572 quia
1225 4512 1350 4553 non
1381 4494 1578 4553 utitur
1627 4493 1750 4553 dis·

218 4582 482 4646 tinctione
540 4585 686 4646 data
747 4585 826 4647 de
862 4584 1176 4661 haeretico,
1213 4586 1416 4666 quoad
1473 4584 1744 4664 culpam,

221 4675 302 4737 vel
327 4679 522 4757 quoad
575 4696 792 4759 poenas
837 4679 1124 4741 Ecclesiae
1139 4694 1162 4757 3
1205 4696 1316 4739 nos
1367 4696 1513 4739 vero
1561 4678 1751 4759 priori

221 4770 380 4831 modo
405 4771 744 4853 loquimur,
759 4789 904 4833 nam
935 4772 1256 4852 posteriori
1287 4771 1494 4847 mode,
1513 4778 1750 4833 certum

219 4867 298 4922 est
319 4864 641 4927 Ecclesiam
669 4867 892 4946 punire
923 4870 992 4924 ut
1037 4864 1380 4939 haereticoS,
1416 4863 1752 4945 baptizatos

220 4953 476 5019 homines
499 4964 918 5039 spectat-intes
959 4974 998 5019 a
1023 4963 1156 5018 tota
1197 4956 1321 5018 fide
1343 4956 1589 5029 Christi,
1621 4956 1749 5017 sive

221 5064 314 5125 per
332 5050 728 5129 judaismum,
779 5052 906 5113 sive
948 5068 1057 5130 per
1095 5050 1554 5129 paganismum,
1611 5064 1743 5125 cap.

225 5141 423 5207 Contra
451 5144 856 5219 Christianos,
895 5145 970 5205 de
999 5144 1338 5217 Haereticis,
1364 5143 1432 5203 in
1469 5144 1510 5202 6
1526 5174 1544 5217 ,
1583 5140 1750 5220 quud

223 5237 386 5297 etiam
406 5238 636 5299 habent
665 5241 806 5319 jura
842 5238 1051 5299 civilia
1065 5254 1086 5314 ;
1117 5243 1180 5298 et
1207 5244 1298 5299 est
1331 5236 1750 5297 indubitatum

224 5330 361 5407 apud
391 5338 670 5393 auctores
682 5376 702 5408 ,
737 5338 810 5394 ut
835 5331 1033 5393 videri
1063 5336 1266 5411 potest
1293 5330 1457 5410 apud
1509 5330 1754 5391 Heime·

225 5420 424 5498 risum,
456 5424 524 5485 in
565 5425 788 5487 Direct.
833 5424 1301 5505 Inquisitorum,
1340 5426 1378 5483 2
1417 5438 1503 5502 p.,
1535 5426 1751 5503 quaest.

231 5514 298 5573 tt
320 5522 378 5576 et
405 5518 505 5593 15,
537 5516 649 5579 ubi
670 5519 880 5581 Penne
905 5518 1116 5601 plures
1139 5516 1390 5597 allegat.

3264 368 3381 429 489

1894 476 1994 535 11.
2038 471 2137 537 An
2192 474 2298 556 qui
2339 492 2495 537 veroe
2544 474 2899 538 revelationi
2934 474 3203 555 privatoe
3264 494 3385 539 non

1813 569 2029 642 credit,
2075 566 2161 630 sit
2211 568 2547 631 lcoeretim.
2582 599 2663 614 —
2701 568 2863 631 Esse
2912 568 3095 632 talem
3143 570 3211 630 in
3250 573 3383 647 foro

1814 661 1929 723 Dei
1940 661 2258 741 probatur.
2285 692 2367 707 --
2394 662 2599 723 Unum
2631 678 2778 722 vero
2806 667 3082 743 superest
3118 661 3381 723 dubium

1817 756 1982 817 circa
2006 754 2167 817 hanc
2208 754 2651 829 conditionem,
2694 754 2841 835 quia
2886 756 3200 819 interdum
3242 756 3381 818 fieri

1815 855 2019 930 potest
2048 849 2372 911 haereticus
2414 849 2575 912 nihil
2614 849 2691 911 de
2737 856 2867 911 tota
2902 850 3026 913 fide
3081 850 3384 914 catholica

1819 943 2141 1021 negand03
2168 944 2255 1003 ita
2282 944 2450 1005 enim
2482 944 2841 1022 contingere
2864 950 3063 1025 potest
3084 944 3150 1006 in
3179 962 3253 1007 eo
3274 946 3383 1025 qui

1819 1038 2122 1116 privatam
2146 1036 2585 1098 revelationem
2622 1038 2866 1117 accipit,
2896 1043 2958 1099 et
2986 1037 3226 1099 illinon
3254 1056 3384 1101 cre-

1821 1131 1912 1192 dit
1926 1147 1947 1209 ;
1978 1148 2127 1191 nam
2151 1130 2417 1192 retinere
2446 1136 2642 1211 potest
2674 1136 2868 1192 totam
2896 1131 3084 1193 fidem
3116 1132 3383 1194 catholi-

1821 1242 1979 1299 cam,
2012 1236 2073 1285 et
2097 1225 2402 1305 privatam
2428 1243 2555 1285 non
2591 1225 2903 1305 amplecti,
2932 1226 3094 1306 quod
3118 1227 3265 1287 satis
3294 1232 3385 1289 est

1819 1324 1892 1379 ut
1932 1318 2256 1379 haereticus
2282 1317 2413 1379 fiat.
2466 1319 2535 1378 In
2586 1334 2708 1397 quo
2760 1317 2946 1379 dubio
2994 1318 3119 1379 duo
3168 1336 3385 1381 sensus

1821 1428 2011 1492 supra
2054 1411 2250 1472 notati
2282 1410 2705 1490 distinguendi
2750 1416 2897 1472 sunt
2926 1433 2941 1471 ε
2976 1429 3139 1474 unus
3182 1422 3276 1475 est
3307 1413 3383 1476 de

1822 1504 2043 1567 haeresi
2104 1504 2311 1585 quoad
2356 1505 2627 1586 culpam,
2658 1510 2723 1567 et
2774 1506 2841 1565 in
2880 1506 3016 1567 foro
3044 1506 3187 1583 Dei3
3224 1506 3384 1569 alius

1823 1598 1890 1659 in
1917 1600 2053 1660 foro
2080 1598 2386 1661 Ecclesioe.
2420 1600 2491 1660 In
2530 1598 2732 1677 primo
2764 1616 2974 1675 sensu,
3002 1600 3231 1679 pendet
3252 1601 3387 1663 haec

1821 1692 2078 1771 quoestio
2100 1710 2174 1753 ex
2204 1692 2350 1768 alia,
2380 1710 2461 1754 an
2484 1694 2723 1772 privata
2746 1691 3039 1753 revelatio
3068 1687 3179 1772 pe'r
3194 1694 3384 1755 fldem

1821 1784 2090 1846 infusam
2121 1784 2553 1865 Theologicam
2592 1784 2879 1846 credatur
2924 1802 3031 1845 seu
3080 1784 3387 1846 credenda

1823 1878 1923 1955 sit,
1952 1896 2141 1958 quam
2166 1879 2425 1940 tractavi
2448 1896 2656 1959 supra,
2688 1878 2915 1958 disput.
2946 1880 3005 1949 3,
3024 1884 3173 1939 sect.
3198 1880 3296 1953 10,
3322 1883 3387 1939 et

1822 1979 2035 2033 contra
2065 1972 2193 2033 Sot.
2237 1976 2301 2033 et
2346 1971 2521 2049 alios,
2551 1971 2723 2034 illam
2752 1971 2941 2032 fidem
2986 1980 3386 2051 surpernatu-

1821 2065 2042 2141 ralem,
2074 2070 2136 2127 et
2167 2065 2437 2126 infusam
2482 2082 2635 2141 esse,
2689 2071 2751 2127 et
2797 2064 2877 2125 ab
2924 2065 3141 2127 eodem
3168 2064 3387 2126 habitu

1821 2158 1963 2219 elici
2028 2157 2212 2219 docui
2232 2204 2254 2235 ,
2304 2159 2464 2221 sicut
2524 2165 2618 2219 est
2670 2158 2851 2219 valde
2902 2166 3385 2219 consentaneum

1823 2251 2095 2313 Concilio
2128 2252 2512 2328 Tridentino,
2540 2270 2686 2313 sess.
2722 2254 2784 2324 6,
2810 2251 3040 2312 dicenti
3068 2268 3245 2332 posse
3273 2252 3385 2313 ali-

1822 2362 2007 2425 quem
2034 2362 2145 2424 per
2184 2346 2491 2425 privatam
2520 2344 2985 2420 revelationem,
3016 2345 3387 2408 certitudine

1821 2438 1970 2501 fidei
1992 2438 2241 2499 credere
2268 2457 2333 2499 se
2368 2456 2499 2500 esse
2517 2440 2784 2518 justum.
2830 2440 2960 2500 Hoc
2987 2457 3135 2517 ergo
3160 2458 3387 2519 suppo-

1823 2532 1966 2607 sito,
1998 2536 2237 2592 certum
2261 2538 2357 2593 est
2396 2532 2703 2593 committi
2744 2538 3063 2611 peccatum
3112 2532 3383 2608 haeresis,

1821 2625 2219 2704 pertinaciter
2244 2624 2583 2686 resistendo
2604 2624 2967 2686 revelationi
3008 2626 3238 2688 divinae
3262 2626 3389 2687 suf·

1821 2718 2105 2779 ficienter
2145 2718 2493 2797 propositae,
2530 2718 2775 2780 etiamsi
2803 2718 3043 2797 privata
3088 2718 3189 2779 sit.
3242 2719 3387 2781 Pro-

1820 2810 2028 2885 batur,
2085 2811 2233 2891 quia
2282 2811 2737 2873 contrariorum
2784 2810 3000 2873 eadem
3054 2816 3145 2873 est
3190 2813 3383 2888 ratio;

1821 2922 1971 2983 ergo
2011 2905 2063 2965 si
2115 2904 2409 2965 revelatio
2446 2903 2557 2965 illa
2585 2905 2671 2965 sic
2721 2906 3032 2985 proposita
3058 2905 3284 2967 sufficit
3309 2905 3387 2967 ad

1823 2996 2253 3075 obligandum,
2304 3006 2377 3057 ut
2422 2997 2586 3076 quod
2632 2997 3017 3077 proponitur,
3072 3003 3236 3058 certa
3264 2996 3387 3059 fide

1823 3090 2130 3165 credatur,
2175 3090 2391 3153 eadem
2417 3090 2643 3151 sufficit
2669 3096 2740 3151 ut
2782 3092 3127 3152 contrarius
3158 3090 3388 3151 dissen-

1823 3200 1930 3243 sus
1966 3184 2049 3244 sit
2096 3183 2425 3245 haereticus
2441 3199 2462 3261 ;
2510 3201 2658 3245 nam
2710 3184 3014 3245 contrarie
3052 3186 3387 3263 opponitur

1825 3275 1995 3350 fidei,
2044 3283 2107 3339 et
2152 3276 2219 3337 in
2246 3277 2501 3339 homine
2528 3276 2864 3337 christiano
2892 3276 3121 3351 existit,
3150 3281 3221 3336 ut
3244 3294 3387 3356 sup-

1823 3372 2133 3450 ponimus.
2186 3370 2623 3446 Confirmatur,
2672 3370 2819 3449 quia
2871 3369 3024 3430 illud
3072 3374 3389 3448 peccatum

1823 3462 2049 3523 sufficit
2072 3462 2379 3543 expellere
2397 3462 2583 3524 fidem
2602 3485 2620 3538 ;
2650 3480 2799 3541 ergo
2820 3468 2914 3523 est
2934 3460 3271 3522 infidelitas
3292 3461 3387 3521 illi

1825 3556 2162 3633 contraria;
2192 3560 2257 3618 et
2280 3564 2374 3618 est
2394 3555 2461 3617 in
2486 3556 2741 3617 homine
2768 3554 3129 3631 christiano,
3158 3560 3230 3615 ut
3254 3555 3388 3633 jam

1825 3649 1955 3711 dixi
1971 3666 1991 3727 3
2024 3668 2172 3730 ergo
2208 3656 2300 3713 est
2343 3649 2611 3725 haeresis,
2638 3654 2708 3711 ut
2736 3666 2895 3729 saepe
2924 3647 3283 3709 conclusum
3324 3652 3391 3707 et

1824 3743 2153 3823 probatum
2191 3750 2305 3805 est.

1908 3838 2007 3897 12.
2052 3838 2142 3900 De
2185 3842 2317 3915 soro
2368 3836 2667 3899 Ecclesia
2720 3833 3031 3898 sententiae
3084 3832 3267 3897 Azor.
3331 3838 3390 3898 et

1829 3929 2023 3995 Sanc.
2062 3932 2489 4013 discrepantes.
2520 3962 2603 3977 --
2624 3926 2910 3992 Auctoris
2950 3928 3277 4009 judicium.
3308 3960 3390 3975 -

1825 4025 1907 4086 At
1945 4042 2093 4085 vero
2142 4024 2453 4103 loquendo
2498 4023 2565 4083 in
2607 4023 2801 4083 altero
2850 4038 3035 4083 sensu
3063 4021 3141 4082 de
3166 4019 3392 4083 haercsi

1825 4117 2091 4197 punibili
2113 4116 2193 4177 ab
2216 4117 2507 4191 Ecclesia,
2532 4115 2787 4197 quidam
2815 4114 3090 4175 absolute
3130 4118 3385 4193 negant.

1825 4212 1918 4273 Ita
1940 4216 2113 4271 tenet
2138 4212 2341 4286 Azor„
2390 4210 2553 4271 dicto
2598 4228 2734 4288 cap.
2766 4211 2829 4283 9,
2859 4213 3074 4288 quaest.
3118 4210 3195 4284 4,
3246 4206 3393 4287 quia

1827 4303 2098 4367 Ecclesia
2126 4322 2253 4363 non
2283 4304 2463 4383 punit
2492 4303 2609 4363 nisi
2630 4307 2936 4383 apostatas
2964 4318 3001 4361 a
3029 4300 3151 4361 tide
3182 4299 3393 4361 catho-

1827 4398 1944 4458 lica
1962 4413 1983 4475 ;
2016 4396 2119 4457 ille
2153 4402 2363 4457 autem
2414 4413 2541 4457 non
2576 4395 2808 4457 recedit
2852 4413 2889 4456 a
2915 4394 3037 4455 fide
3070 4393 3389 4468 catholica,

1829 4491 1937 4553 sed
1986 4508 2025 4550 a
2078 4488 2201 4550 fide
2242 4488 2503 4567 privata.
2548 4486 2939 4549 Contrarium
2982 4493 3155 4551 tenet
3206 4488 3387 4549 Sanc.

1830 4602 2040 4663 supra,
2092 4601 2156 4642 n.
2209 4584 2307 4655 32,
2360 4583 2507 4661 quia
2560 4581 2673 4642 etsi
2718 4580 2823 4643 ille
2871 4582 2939 4642 in
2980 4581 3239 4643 materia
3265 4598 3395 4641 non

1832 4682 1994 4738 erret
2042 4676 2200 4736 circa
2256 4674 2601 4736 doctrinam
2656 4672 3049 4748 catholicam,
3092 4673 3239 4752 quia
3286 4672 3395 4733 Ec·

1831 4770 2018 4841 clesia
2044 4769 2119 4831 de
2166 4768 2273 4829 illa
2301 4768 2561 4829 veritate
2596 4766 2889 4847 privatim
2938 4767 3209 4829 revelata
3236 4763 3395 4826 nihil

1831 4862 2073 4938 definit,
2123 4862 2529 4923 nihilominus
2561 4866 2865 4940 quatenus
2909 4860 3123 4939 primas
3148 4858 3396 4922 veritati

1831 4956 2131 5018 revelanti
2163 4974 2290 5017 non
2331 4954 2550 5029 credit,
2590 4954 2819 5015 virtute
2848 4952 3105 5014 discedit
3150 4952 3229 5014 ab
3268 4952 3395 5013 alio

1829 5049 2138 5132 principio
2192 5048 2518 5123 catholic0‚
2556 5047 2721 5127 quod
2764 5047 2975 5129 prima
3014 5047 3242 5109 veritas
3304 5050 3395 5109 est

1829 5142 2204 5223 infallibilis,
2262 5162 2371 5203 seu
2410 5142 2573 5222 quod
2613 5140 2830 5219 primae
2882 5138 3128 5199 veritati
3182 5138 3397 5199 testifi-

1831 5238 2019 5312 canti,
2052 5252 2295 5315 semper
2318 5242 2379 5297 et
2408 5236 2473 5297 in
2520 5233 2809 5295 omnibus
2852 5230 3231 5295 credendum
3276 5237 3391 5293 est.

1831 5330 1963 5407 Ego
1994 5346 2143 5390 vero
2168 5328 2453 5391 existimo
2484 5326 2651 5388 idem
2678 5343 2809 5387 esse
2836 5325 2901 5387 in
2933 5325 3051 5387 hoc
3092 5324 3281 5385 dubio
3304 5324 3397 5385 di·

1832 5420 2125 5497 cendum,
2146 5420 2309 5501 quod
2336 5420 2403 5481 in
2432 5418 2554 5481 alio
2573 5418 2703 5481 fere
2722 5417 2910 5479 simili
2930 5417 3211 5497 superius
3240 5417 3392 5494 dixi,

1837 5513 2137 5577 nimirum
2172 5510 2360 5573 talem
2404 5511 2753 5587 hominem,
2778 5516 3031 5593 propter
3056 5509 3397 5573 dissensum
