3900 6217
583 324 704 389 5¹8

583 433 781 495 tentia
805 452 1052 513 poenam
1082 436 1332 509 mortis3
1367 452 1512 495 nam
1541 432 1842 509 diffidare,
1885 436 1955 495 in
1978 436 2143 512 jure,

586 527 744 589 nihil
767 527 936 588 aliud
961 534 1052 588 est
1079 548 1266 606 quam
1289 536 1648 607 potestatem
1665 529 1957 589 omnibus
1973 530 2143 601 dare,

584 626 656 680 ut
683 636 1005 696 personam
1045 621 1385 682 diffidatam
1416 622 1580 683 licite
1619 628 1681 682 et
1722 623 1981 701 impune
2006 640 2150 701 pos-

588 714 722 773 sint
739 712 1033 783 occidere,
1065 720 1139 774 ut
1177 713 1446 776 declarat
1491 734 1634 776 cum
1676 715 1834 791 aliis,
1871 734 2026 794 quos
2054 732 2148 777 re-

588 805 734 882 fert,
767 806 1037 867 Renatus
1076 808 1365 883 Castald.,
1396 810 1463 869 in
1488 811 1732 870 tra‘ctat.
1766 810 1843 869 de
1878 810 2149 887 Impera-

583 902 740 972 tore,
767 906 980 977 quaest.
1009 901 1148 976 108,
1191 919 1452 963 numero
1493 920 1681 975 nono,
1715 908 1777 963 et
1807 902 1890 963 ita
1917 902 2149 981 ponde-

587 992 749 1052 ravit
767 992 830 1053 C.
854 991 1006 1053 illud
1033 994 1276 1069 Covar.,
1306 995 1414 1057 lib.
1447 999 1485 1057 2
1507 995 1834 1056 variarum
1865 995 2148 1069 resolut.,

588 1102 722 1162 cap.
773 1087 874 1159 20,
913 1103 1092 1147 num.
1147 1088 1252 1160 10,
1295 1105 1436 1148 cum
1489 1089 1628 1148 aliis
1667 1106 1820 1167 quos
1848 1088 2059 1161 refert,
2088 1092 2151 1149 et

585 1176 758 1238 addit
771 1195 908 1237 cum
925 1178 1163 1240 Joanne
1177 1179 1422 1243 Andrea
1435 1181 1547 1257 ibi,
1561 1182 1927 1243 sententiam
1951 1181 2147 1259 illam,

587 1269 775 1328 etiam
810 1270 1247 1348 imperatorem
1279 1273 1836 1351 comprehenderet,
1869 1274 2036 1351 quod
2058 1281 2152 1335 est

591 1364 738 1423 satis
789 1364 1135 1441 rigorosum
1176 1363 1488 1445 loquendo
1514 1367 1589 1427 de
1637 1367 1823 1443 facto,
1859 1374 1921 1428 et
1968 1386 2044 1429 ex
2084 1369 2148 1429 vi

581 1454 834 1515 illorum
888 1456 1220 1517 verborum
1269 1459 1714 1521 universalium
1731 1482 1748 1531 ;
1797 1466 1892 1521 est
1935 1467 2147 1522 tamen

582 1554 802 1609 notatu
868 1548 1133 1627 dignum
1187 1551 1265 1613 ad
1333 1553 1774 1615 ostendendam
1833 1555 2147 1617 Pontificis

584 1646 973 1720 potestatem.

661 1740 760 1799 24.
825 1738 1230 1819 From-editur
1293 1741 1490 1804 eadem
1540 1743 1822 1823 probatio
1892 1762 1967 1807 σω
2032 1762 2151 1807 usu

582 1836 847 1910 sumpta.
877 1862 958 1877 —-
993 1830 1250 1911 Satisfit
1279 1840 1635 1915 aryumento
1655 1838 1860 1918 posito
1889 1856 1954 1898 n.
1986 1839 2045 1898 4.
2070 1869 2151 1884 —-

583 1923 694 1983 His
721 1924 980 1984 decretis
1032 1923 1174 1985 addi
1219 1933 1476 2005 possunt
1513 1928 1721 2008 plures
1766 1929 1934 2009 leges
1962 1949 2151 1991 cano-

584 2016 765 2090 nicae,
797 2018 862 2077 in
887 2017 1114 2095 quibus
1153 2018 1423 2081 Concilia
1473 2028 1534 2082 et
1573 2023 1903 2085 Pontifices
1939 2042 2154 2104 poenas

588 2109 958 2186 temporales
1011 2110 1111 2171 vel
1165 2114 1509 2193 corporales
1557 2114 1842 2178 fidelibus
1903 2124 2156 2197 propter

591 2202 766 2261 varia
794 2201 1013 2263 delicta
1047 2202 1401 2283 imponunt,
1441 2208 1547 2286 qui
1585 2227 1733 2271 usus
1757 2211 2024 2272 ostendit
2047 2229 2157 2292 po-

588 2299 912 2373 testatem3
957 2302 1018 2357 et
1045 2298 1253 2358 nullus
1279 2299 1550 2379 prudens
1589 2302 1750 2365 dicet
1783 2304 2015 2367 habere
2040 2307 2156 2366 Ec-

585 2387 836 2448 clesiam
891 2393 1254 2467 potestatem
1310 2391 1474 2454 hanc
1527 2394 1690 2457 circa
1727 2396 1850 2457 alia
1903 2404 2154 2476 peccata

585 2480 901 2556 fidelium,
961 2487 1023 2542 et
1066 2500 1194 2543 non
1253 2483 1414 2547 circa
1453 2487 1686 2549 crimen
1726 2486 1973 2551 haeresis
1986 2512 2004 2565 3
2060 2508 2153 2551 er-

584 2591 690 2652 gc,
741 2581 860 2635 etc.
915 2576 1112 2655 Major
1164 2583 1404 2638 constat
1443 2596 1520 2639 ex
1565 2598 1698 2661 cap.
1745 2582 1828 2645 Si
1875 2600 2002 2657 vos,
2046 2585 2147 2658 23,

585 2673 799 2745 quaest.
851 2669 912 2742 5,
945 2674 1192 2747 sumpto
1220 2686 1296 2728 ex
1323 2670 1692 2749 Augustino,
1731 2673 1842 2734 lib.
1877 2674 1954 2735 (10
2000 2675 2148 2736 Uni·

583 2763 711 2818 tate
729 2759 1038 2836 Ecclesiae,
1069 2779 1204 2840 cap.
1237 2765 1299 2837 7,
1329 2762 1438 2822 ubi
1458 2766 1802 2843 specialiter
1819 2766 2151 2845 designan-

581 2856 690 2911 tur
723 2870 922 2931 poenae
955 2854 1350 2932 pecuniariae,
1386 2862 1445 2917 et
1472 2858 1668 2933 exilii,
1698 2866 1761 2920 et
1786 2860 2151 2938 privationis

583 2942 916 3020 honorum,
943 2952 1006 3007 et
1052 2945 1138 3005 ibi
1167 2947 1378 3008 Glossa
1407 2947 1528 3011 alia
1552 2952 1694 3031 jura
1731 2953 1942 3013 refert.
1981 2955 2151 3015 Idem

584 3032 852 3097 habetur
879 3055 956 3098 ex
995 3055 1127 3116 cap.
1158 3042 1200 3101 2
1245 3042 1315 3103 de
1337 3040 1573 3118 Poenis,
1605 3051 1668 3105 et
1695 3050 1873 3106 notat
1901 3046 2148 3122 Covar.,

586 3126 694 3190 lib.
719 3131 759 3190 2
787 3129 1054 3207 Variar„
1077 3149 1210 3212 cap.
1244 3135 1304 3204 9,
1335 3152 1510 3195 num.
1539 3137 1616 3198 18
1637 3141 1702 3199 et
1729 3137 2148 3216 sequentibus,

587 3218 697 3279 uhi
720 3220 844 3283 alia
878 3222 1087 3284 refert.
1119 3224 1288 3286 Idem
1311 3232 1551 3288 constat
1572 3245 1647 3290 ex
1681 3228 1951 3291 Concilio
1974 3229 2152 3290 Tole-

585 3319 735 3375 tano
761 3314 860 3389 IV,
895 3334 1030 3394 cap.
1085 3320 1186 3393 59,
1237 3336 1348 3399 per
1376 3319 1558 3401 plura
1598 3322 1920 3403 sequentia
1956 3340 2155 3403 usque

589 3408 667 3469 ad
697 3408 798 3483 64,
829 3413 893 3468 et
923 3409 1188 3472 refertur
1215 3412 1280 3472 in
1309 3430 1444 3492 cap.
1481 3412 1684 3496 Soepe,
1717 3416 1821 3490 28,
1852 3434 1912 3495 q.
1945 3418 2005 3490 1,
2043 3414 2153 3475 ubi

591 3501 778 3563 etiam
817 3499 1028 3563 Glossa
1055 3503 1236 3582 plura
1281 3504 1505 3580 refert3
1545 3526 1616 3568 ac
1668 3508 1931 3587 denique
1988 3508 2153 3569 idem

591 3594 860 3654 sumitur
892 3610 969 3655 ex
1001 3613 1132 3674 cap.
1165 3595 1386 3673 Novit,
1424 3599 1501 3660 de
1528 3599 1811 3674 Judiciis,
1835 3599 1943 3661 ubi
1973 3601 2153 3661 Inno-

590 3686 827 3747 centius
881 3686 960 3747 111
1005 3688 1203 3748 multa
1264 3689 1341 3750 de
1388 3689 1506 3752 hac
1549 3696 1846 3770 potestate
1896 3698 2119 3753 tractat
2130 3710 2150 3770 ;

593 3778 800 3839 minor
826 3784 1036 3839 autem
1064 3782 1420 3860 propositio,
1473 3784 1780 3861 videlicet,
1816 3802 1945 3845 non
1982 3804 2157 3865 posse

591 3870 710 3931 hoc
731 3870 976 3932 admitti
1003 3872 1072 3933 in
1122 3873 1259 3934 aliis
1291 3874 1530 3937 delictis
1557 3883 1620 3938 et
1661 3878 1737 3939 de
1765 3878 1989 3939 haeresi
2042 3896 2155 3940 ne-

592 3964 752 4042 gari,
783 3965 1033 4027 evidens
1056 3973 1247 4027 estex
1273 3968 1452 4029 dictis
1465 3986 1486 4047 3
1525 3971 1674 4049 quia
1699 3971 1935 4033 crimen
1963 3970 2158 4035 111010·-

596 4057 679 4119 sis
715 4056 965 4136 gravius
1006 4064 1120 4133 est,
1164 4064 1228 4120 et
1265 4062 1552 4123 Ecclesiae
1604 4064 1804 4142 magis
1849 4065 2159 4143 pernicio·

594 4169 754 4211 sum.
788 4152 997 4231 Neque
1040 4170 1190 4212 vero
1217 4152 1457 4215 obstare
1501 4160 1702 4235 potest
1752 4157 1918 4235 quod
1958 4158 2025 4218 in
2069 4176 2163 4221 se·

597 4242 797 4303 mindo
815 4250 1206 4320 argumento,
1233 4244 1302 4305 in
1331 4263 1596 4307 numero
1617 4254 1863 4326 quarto,
1903 4247 2157 4329 objicie-

597 4336 803 4409 batur,
833 4337 1087 4414 scilicet,
1135 4356 1250 4417 per
1302 4336 1588 4400 haeresim
1642 4341 1913 4419 separari
1959 4340 2159 4403 homi-

596 4446 741 4489 nem
777 4430 857 4490 ab
891 4430 1181 4505 Ecclesia,
1211 4437 1273 4491 et
1301 4432 1558 4511 proinde
1586 4434 1750 4494 inter
1773 4452 1876 4495 eos
1905 4453 2160 4514 compu-

597 4523 719 4581 tari
769 4522 876 4601 qui
929 4522 1079 4584 foris
1129 4532 1300 4596 sunt,
1345 4524 1512 4603 quod
1572 4544 1697 4585 non
1744 4526 1818 4586 fit
1875 4546 1987 4606 per
2037 4527 2160 4589 alia

595 4614 854 4688 delicta3
901 4616 1018 4677 11οο
1048 4616 1330 4696 inquam,
1385 4636 1512 4678 non
1555 4620 1780 4694 obstat,
1813 4622 1985 4698 quia,
2017 4620 2161 4681 licet

596 4704 922 4768 haereticus
949 4716 1264 4787 separetur
1315 4710 1393 4770 ab
1439 4710 1708 4772 Ecclesia
1739 4713 1940 4790 quoad
1981 4713 2158 4792 spiri-

597 4798 832 4860 tualem
883 4807 947 4860 et
985 4800 1295 4861 internam
1342 4804 1677 4874 unionem,
1732 4810 1916 4883 atque
1969 4806 2157 4863 etiam

601 4891 806 4971 quoad
847 4898 1165 4953 externam
1231 4895 1891 4970 communicationem,
1929 4895 2155 4956 nihilo-

599 4984 809 5044 minus
846 5001 971 5046 non
1020 4987 1250 5046 amittit
1274 4986 1718 5064 subjectionem
1746 5006 1931 5066 quam
1971 4987 2159 5048 habet

599 5095 678 5138 ex
739 5078 797 5136 vi
852 5077 1239 5153 characteris,
1295 5081 1398 5157 qui
1447 5079 1513 5138 in
1568 5080 1702 5157 ipso
1749 5079 2161 5141 indelebiliter

598 5176 811 5230 manet
821 5185 840 5247 3
876 5176 1060 5249 atque
1087 5172 1173 5232 ita
1201 5171 1324 5231 dici
1365 5177 1563 5250 potest
1591 5190 1722 5233 esse
1759 5178 1931 5233 extra
1963 5171 2159 5233 Eccle-

599 5262 754 5323 siam
775 5262 959 5337 facto,
970 5264 1112 5341 jura
1134 5270 1342 5325 autem
1364 5265 1442 5325 ad
1463 5265 1794 5326 Ecclesiam
1817 5268 2125 5345 pertinere
2136 5281 2157 5341 ;

601 5362 665 5416 et
715 5354 854 5415 ideo
900 5373 1144 5436 semper
1203 5375 1382 5437 posse
1427 5358 1507 5419 ab
1559 5358 1824 5419 Ecclesia
1867 5358 2155 5419 coerceri.

605 5447 828 5509 Paulus
857 5453 1092 5525 autem,
1124 5466 1265 5511 cum
1299 5450 1449 5511 dicit
1472 5451 1550 5513 de
1577 5451 1675 5511 his
1698 5450 1803 5530 qui
1833 5450 1983 5513 foris
2016 5455 2162 5511 sunt

1051 332 1287 384 msrn'r.
1323 328 1426 379 XX.
1465 326 1544 378 ΠΕ
1575 326 1866 380 amanus
1896 328 2211 382 ECCLESIAE
2242 330 2485 382 CONTRA
2517 328 2815 381 nAERESEs
2847 330 2927 381 ET
2958 328 3332 382 mammeas,

2228 430 2383 491 nihil
2407 429 2483 490 ad
2506 448 2569 490 se
2596 430 2925 509 pertinere,
2956 429 3032 491 de
3060 430 3180 489 illis
3196 430 3459 510 loquitur
3479 434 3697 513 quitatio
3786 437 3788 541 l

2228 530 2291 584 et
2327 525 2469 603 jure
2494 522 2643 583 foris
2678 530 2846 599 sunt,
2876 530 2947 583 ut
2988 529 3135 583 sunt
3160 522 3430 585 infideles
3454 544 3559 587 non
3592 529 3700 611 bap·
3786 542 3788 587 l

2229 614 2421 675 tizati.

2306 711 2408 770 25.
2462 708 2697 771 Evasio
2722 709 2970 793 Roqerii
3000 711 3070 771 in
3096 710 3218 786 fine
3260 728 3325 770 π.
3369 713 3463 787 20,
3502 716 3706 790 explodi-

2231 806 2335 864 tur
2360 802 2802 883 multipliciter.
2819 836 2900 851 -·
2916 804 3129 881 Neque
3148 804 3335 865 etiam
3358 805 3621 868 audienda
3640 816 3707 871 est
3788 769 3790 897 l

2228 897 2433 957 evasio
2462 897 2731 975 Rogerii,
2756 896 3017 957 dicentis
3050 897 3381 957 Ecclesiam
3404 899 3493 957 uti
3512 898 3607 961 hac
3626 922 3706 980 pc·
3788 908 3790 913 “

2228 994 2445 1051 testate
2486 1007 2563 1050 cx
2592 990 2977 1051 concessione
3004 990 3105 1050 vel
3132 989 3513 1069 permissione
3540 994 3709 1071 princi·

2230 1099 2380 1159 pum
2424 1082 2858 1161 temporalium
2881 1096 2902 1159 3
2930 1100 3079 1143 nam
3124 1083 3427 1162 imprimis
3468 1084 3581 1145 sine
3619 1088 3711 1149 ullo

2228 1174 2637 1236 fundamento
2648 1176 2767 1237 hoc
2785 1177 3020 1238 dictum
3042 1183 3153 1251 est,
3176 1177 3257 1237 ad
3282 1179 3712 1257 complacendum

2232 1270 2609 1349 principibus
2638 1270 2971 1332 rebellibus
2998 1272 3281 1333 Eccloeioe
3296 1287 3317 1347 3
3346 1272 3557 1333 etenim
3578 1275 3631 1333 ia
3650 1276 3714 1353 ip-
3790 1320 3792 1345 ξ

2232 1364 2315 1423 sis
2339 1363 2599 1424 decretis
2620 1366 2932 1425 canonicis
2958 1364 3205 1427 nullum
3236 1372 3329 1426 est
3354 1366 3615 1427 indicium
3632 1368 3715 1428 hu·

2226 1456 2325 1534 ius
2357 1456 2829 1531 commissionis,
2872 1458 2974 1519 vel
3016 1460 3427 1519 emanationis
3447 1459 3610 1537 hujus
3642 1480 3717 1539 po-

2224 1550 2463 1610 testatis
2505 1567 2544 1610 a
2582 1550 2965 1631 principibus
2990 1551 3457 1633 temporalibus,
3484 1570 3607 1613 cum
3639 1572 3717 1634 po·
3792 1575 3794 1617 ι

2228 1644 2355 1702 tius
2378 1642 2570 1702 variis
2604 1642 2806 1703 modis
2834 1645 3213 1705 contrarium
3256 1662 3335 1705 ex
3362 1644 3499 1722 ipsis
3522 1646 3713 1723 colliga-

2230 1740 2356 1794 tur.
2390 1735 2618 1809 Primo,
2645 1735 2793 1814 quia
2816 1754 2975 1815 saepe
3008 1736 3337 1797 Pontifices
3366 1736 3563 1797 dicunt
3596 1756 3645 1797 sc
3674 1740 3717 1799 id
3794 1769 3796 1833 l

2230 1827 2429 1887 facere
2468 1845 2544 1887 ex
2571 1828 2635 1887 vi
2662 1830 2979 1906 potestatis
3016 1848 3055 1889 a
3080 1830 3322 1891 Christo
3362 1848 3625 1890 concesse
3644 1850 3717 1909 per
3794 1844 3796 1853 ·

2231 1920 2419 1981 verba
2453 1938 2523 1979 su
2532 1938 2637 1999 pra
2672 1921 2868 1983 dicta:
2908 1922 3326 2005 Quodcumque
3350 1924 3630 2004 ligiam-is,
3650 1924 3721 1984 vel

2233 2014 2428 2077 Pasce
2454 2032 2584 2076 oves
2596 2032 2782 2077 meas.
2806 2014 3113 2091 Secundo,
3132 2017 3284 2095 quia
3306 2016 3619 2077 Concilium
3640 2020 3721 2077 Το-

2238 2106 2513 2166 letanum
2536 2124 2723 2186 supra
2750 2109 2951 2169 utitur
2994 2107 3199 2169 verbis
3230 2108 3389 2170 illis:
3436 2109 3722 2185 Pontifiecli
3796 2103 3798 2155 ἶ

2238 2200 2618 2263 auctoritate.
2651 2200 2881 2277 Terti0,
2914 2202 3062 2281 quia
3090 2220 3253 2281 saepe
3274 2202 3419 2263 talis
3440 2205 3640 2263 coactio
3656 2204 3725 2264 vel

2238 2294 2641 2353 comminatio
2664 2293 2737 2353 fit
2764 2292 2977 2354 invitis
3020 2294 3469 2374 temporalibus
3494 2296 3727 2374 principi-

2233 2383 2370 2460 buS,
2401 2386 2531 2446 imo
2554 2387 2742 2448 etiam
2772 2388 3132 2447 extenditur
3171 2388 3247 2448 ad
3298 2387 3457 2468 ipsos
3477 2406 3728 2467 supremos

2232 2480 2563 2558 principes,
2594 2481 2755 2559 quod
2799 2498 2927 2542 esse
2964 2499 3091 2542 non
3128 2490 3343 2563 posset
3366 2482 3415 2542 si
3438 2482 3511 2541 ab
3536 2482 3729 2560 illispo-

2232 2578 2417 2631 testas
2440 2572 2833 2647 dimanasset‚
2862 2576 3007 2653 quia
3034 2592 3221 2635 nemo
3252 2574 3363 2635 dat
3388 2574 3556 2635 alteri
3578 2580 3729 2652 poten-

2228 2671 2423 2725 tatem
2454 2664 2791 2726 coercivam
2835 2666 2904 2727 in
2950 2666 3245 2747 seipsum,
3308 2666 3451 2745 quia
3478 2683 3639 2726 nemo
3658 2666 3732 2725 dat

2231 2758 2397 2836 quod
2422 2776 2549 2819 non
2578 2757 2803 2837 habet3
2830 2778 3015 2821 nemo
3057 2766 3269 2821 autem
3298 2760 3483 2821 habet
3516 2766 3731 2839 potesta-

2230 2858 2359 2911 tem
2384 2852 2725 2913 coercivam
2755 2856 2823 2913 in
2842 2854 3109 2931 seipsum
3134 2874 3149 2912 τ
3176 2860 3240 2915 et
3263 2853 3398 2913 11ωο
3424 2853 3569 2913 ratio
3584 2871 3617 2911 a
3636 2868 3735 2930 pos-

2232 2944 2443 3004 teriori
2484 2942 2811 3024 desumpta
2850 2945 3255 3006 certissimam
3283 2945 3431 3005 facit
3454 2944 3601 3005 hanc
3620 2942 3736 3003 veri-

2230 3041 2448 3114 tatem,
2472 3038 2619 3116 quia
2645 3044 2881 3099 certum
2907 3038 3247 3101 esthabere
3272 3039 3591 3099 Ecclesiam
3616 3038 3735 3097 hane

2231 3135 2598 3208 potestatem
2647 3132 2989 3193 coercivam
3033 3132 3224 3193 etiam
3264 3149 3451 3212 supra
3497 3148 3665 3207 reges,
3688 3134 3737 3187 nt
3803 3166 3804 3191 l

2232 3223 2303 3283 in
2332 3222 2499 3283 dicto
2534 3224 2641 3284 lib.
2680 3226 2717 3285 3
2750 3225 2874 3286 late
2900 3224 3161 3300 ostendi,
3193 3212 3257 3286 et
3284 3226 3575 3303 attingam
3594 3225 3737 3283 etiam

2232 3316 2299 3376 in
2328 3317 2759 3395 sequentibus3
2794 3335 2943 3396 crgo
2979 3317 3100 3378 dici
3158 3318 3343 3379 nullo
3386 3316 3561 3378 modo
3586 3319 3738 3395 potest

2231 3408 2561 3470 Ecclesiam
2590 3410 2816 3472 habere
2838 3411 3001 3473 hanc
3025 3416 3399 3491 potestatem
3422 3429 3459 3471 a
3482 3410 3708 3487 regibus.

2313 3504 2413 3563 26.
2459 3502 2767 3565 Probatur
2808 3506 3045 3566 tandaem
3080 3505 3339 3567 assertio
3372 3522 3447 3565 em
3486 3500 3685 3564 ratione
3712 3516 3741 3559 a

2225 3593 2447 3677 priori.
2464 3595 2785 3657 -Ultimo
2813 3602 2904 3657 est
2928 3597 3087 3657 ratio
3118 3615 3157 3657 a
3192 3597 3411 3676 priori,
3436 3598 3573 3676 quia
3588 3593 3741 3654 Chris-

2232 3695 2332 3749 tus
2354 3689 2647 3749 Dominus
2666 3690 2865 3769 potuit
2884 3690 3241 3752 immediate
3260 3690 3597 3769 relinquere
3615 3688 3735 3747 hanc

2236 3787 2604 3861 potestatem
2660 3781 2939 3843 Ecclesiae
2990 3798 3153 3859 suae3
3202 3800 3357 3860 ergo
3388 3782 3547 3844 dedit
3588 3779 3740 3839 illam.

2242 3872 2626 3935 Antecedens
2648 3880 2821 3954 patet
2862 3892 2942 3936 ex
2970 3875 3151 3936 dictis
3169 3891 3188 3952 3
3222 3892 3376 3936 nam
3412 3872 3743 3955 probavimus

2238 3986 2315 4029 ex
2345 3966 2570 4028 Psalm.
2618 3969 2659 4027 Ξ
2700 3967 2990 4028 habuisse
3011 3968 3325 4030 Christum
3354 3968 3512 4027 hanc
3537 3970 3745 4045 potesta·

2236 4066 2388 4135 tem,
2415 4077 2528 4138 per
2565 4058 2802 4142 vir-qam
2838 4065 3099 4138 sar-ream
3125 4060 3553 4140 significatam.
3581 4058 3739 4133 Neque

2238 4170 2389 4213 vero
2420 4151 2511 4212 illi
2542 4150 2686 4212 data
2713 4158 2827 4227 est,
2858 4159 2930 4212 ut
2958 4153 3123 4213 solus
3152 4160 3214 4213 et
3238 4153 3585 4214 immediate
3608 4153 3737 4226 negat

2240 4243 2569 4305 visibiliter
2616 4262 2729 4324 per
2754 4245 3026 4324 seipsum
3066 4245 3402 4307 Ecclesiam
3428 4262 3605 4314 suam,
3630 4240 3736 4319 quia

2240 4336 2513 4397 Ecclesia
2544 4336 2841 4397 duratura
2870 4346 2965 4398 est
3005 4338 3073 4398 in
3102 4338 3221 4397 hoc
3250 4336 3524 4399 inferiori
3558 4330 3737 4394 mundo

2238 4432 2510 4508 usquein
2532 4430 2696 4489 diem
2720 4429 2938 4507 ,iudicii
2958 4452 2974 4503 ;
2998 4430 3127 4509 ipse
3148 4436 3361 4491 autem
3382 4429 3629 4491 Christus
3645 4440 3739 4483 non

2240 4528 2373 4582 erat
2424 4519 2752 4581 visibiliter
2796 4538 3041 4600 semper
3081 4521 3147 4581 in
3196 4520 3304 4581 illa
3344 4522 3605 4593 futurus;
3630 4530 3741 4591 ergo

2238 4617 2329 4677 ita
2356 4616 2588 4694 recepit
2633 4616 2793 4675 hanc
2822 4622 3209 4694 potestatem,
3242 4622 3315 4675 ut
3336 4634 3445 4695 per
3470 4631 3597 4675 suos
3618 4612 3741 4667 vica-

2237 4710 2363 4769 rios
2412 4714 2475 4768 et
2526 4707 2840 4769 ministros
2868 4716 3072 4788 posset
3117 4708 3288 4769 illam
3326 4707 3738 4771 administram

2238 4800 2402 4880 quod
2430 4801 2618 4861 etiam
2648 4802 2794 4861 satis
2824 4802 2955 4881 ipse
2992 4798 3366 4879 significavit
3400 4797 3601 4861 Matth.
3628 4793 3741 4861 ult„

2238 4895 2478 4956 dicens:
2510 4896 2677 4955 Data
2728 4900 2818 4957 est
2864 4892 3019 4955 mihi
3061 4893 3255 4954 omnis
3276 4899 3533 4974 potestas
3554 4891 3615 4950 in
3632 4884 3744 4949 coelo

2239 4992 2296 5047 et
2328 4990 2398 5047 in
2425 4992 2615 5057 terra,
2648 4991 2710 5046 et
2736 4985 2948 5046 statim
2976 4986 3361 5065 adjungens:
3390 4984 3609 5047 Euntes
3638 4994 3745 5058 erqo

2240 5080 2437 5142 docete
2486 5096 2686 5141 omnes
2728 5085 2986 5161 pentes„
3017 5085 3171 5153 etc.;
3198 5078 3417 5139 habuit
3460 5092 3595 5153 ergo
3616 5072 3747 5132 hano

2240 5178 2629 5250 potestatem,
2674 5179 2737 5233 et
2766 5172 2969 5250 potnit
2996 5171 3168 5232 illam
3196 5172 3534 5249 relinquere
3558 5162 3745 5225 vicario

2242 5281 2375 5339 suc,
2428 5274 2731 5343 quantum
2778 5264 3071 5343 oportuit.
3098 5264 3237 5325 Jam
3288 5280 3435 5340 ergo
3494 5256 3745 5339 probatur

2240 5358 2443 5436 prima
2498 5358 2957 5435 consequentia,
2986 5357 3191 5435 primo
3218 5374 3297 5417 ex
3322 5354 3517 5417 verbis
3560 5346 3745 5448 quibus

2241 5449 2415 5511 illam
2460 5456 2827 5529 potestatem
2868 5450 3195 5525 concessit,
3234 5456 3307 5511 ut
3328 5451 3453 5529 jam
3480 5444 3741 5509 declaravi

3798 2437 3800 2477 l

3802 3103 3804 3160 l
