3900 6217
524 324 643 391 ut

520 432 829 497 movendo
870 438 934 495 et
970 431 1299 497 excitando
1338 435 1569 515 species
1593 436 2054 517 praeexistentes
2064 451 2086 515 3

521 536 585 593 et
612 528 715 591 hic
746 528 967 591 modus
994 534 1087 589 est
1118 528 1391 591 maxime
1424 531 1713 609 proprius
1751 536 1816 591 et
1852 529 2090 611 perfec-

520 626 644 697 tus,
692 625 753 682 et
789 619 1183 683 verisimilius
1228 628 1323 683 est
1367 622 1682 685 observari
1728 622 1809 685 ab
1854 624 2091 704 Spiritu

524 716 771 791 Sancto,
810 715 1051 795 quoties
1090 716 1385 795 mysteria
1423 733 1563 796 quae
1604 717 1963 779 scribuntur
1989 736 2089 779 su·

524 808 946 890 pernaturalia
974 813 1143 882 sunt,
1169 814 1231 872 et
1258 814 1509 889 captum
1536 810 1887 872 humanum
1912 828 2090 873 exce-

524 902 685 967 dunt
694 924 715 979 3
763 919 892 963 non
938 901 1183 963 videtur
1228 906 1441 965 autem
1491 906 1928 979 necessarium,
1976 904 2092 965 etsi

524 994 753 1059 eruditi
778 994 1031 1075 quidam
1059 995 1429 1057 recentiores
1452 999 1470 1035 ¹
1496 996 1559 1057 id
1588 998 1989 1075 contendant,
2019 1002 2091 1058 ut

523 1106 766 1169 semper
800 1088 1109 1150 dictentur
1152 1088 1344 1151 verba
1373 1088 1491 1151 hoc
1527 1090 1825 1169 peculiari
1864 1090 2056 1153 modo
2065 1104 2088 1169 ;

524 1180 772 1263 quando
830 1181 999 1244 enim
1067 1188 1281 1246 auctor
1338 1184 1669 1245 canonicus
1718 1183 1929 1245 scribit
1978 1184 2096 1245 ali·

524 1275 705 1357 quid,
754 1274 923 1356 quod
968 1275 1309 1339 secundum
1357 1294 1425 1337 se
1474 1276 1822 1337 humanum
1868 1282 1984 1352 est,
2032 1284 2094 1337 et

524 1370 801 1450 subjacet
840 1368 1145 1446 sensibus,
1182 1371 1328 1431 satis
1370 1368 1617 1431 videtur
1644 1369 1810 1450 quod
1832 1371 2095 1451 Spiritus

525 1464 617 1525 illi
660 1462 1007 1545 specialiter
1045 1464 1313 1540 assistat,
1346 1469 1407 1526 et
1450 1464 1752 1527 custodiat
1792 1464 1971 1527 illum
2013 1464 2094 1527 ab

529 1556 705 1619 omni
734 1575 943 1619 errore
970 1562 1034 1619 et
1060 1556 1350 1634 falsitate,
1380 1566 1445 1619 et
1470 1557 1552 1619 ab
1580 1556 1867 1620 omnibus
1892 1557 2096 1621 verbis

526 1668 665 1731 quae
691 1668 823 1711 non
846 1650 1189 1730 expediunt
1224 1650 1323 1712 vel
1364 1650 1587 1713 decent
1615 1652 1803 1713 talem
1831 1652 2094 1733 scriptu·

526 1762 660 1806 ram
679 1791 700 1818 ,
748 1742 1084 1805 avertendo
1133 1743 1367 1805 scilicet
1411 1745 1661 1826 speciali
1708 1746 2096 1825 providentia

528 1839 733 1900 omnia
756 1836 1001 1917 objecta
1017 1855 1155 1917 quae
1172 1844 1501 1917 conceptus
1518 1838 1740 1901 talium
1761 1838 2093 1901 verborum

527 1933 797 1995 excitare
840 1937 1133 2012 possunt3
1172 1932 1329 1993 etin
1358 1931 1633 2013 reliquis,
1680 1932 2095 2012 permittendo

527 2034 599 2086 ut
634 2026 890 2105 scriptor
931 2044 1045 2087 sua
1084 2026 1388 2087 memoria
1428 2032 1491 2087 et
1528 2027 1657 2087 suis
1682 2024 1999 2107 speciebus
2026 2042 2098 2087 ac

530 2138 641 2180 sna
666 2118 991 2198 diligentia
1020 2124 1231 2179 utatur
1258 2119 1325 2179 in
1350 2118 1695 2195 scribenda,
1721 2119 1881 2180 sicut
1904 2120 2097 2181 Lucas

528 2212 853 2295 profitetur
878 2232 1014 2293 cap.
1044 2216 1074 2273 1
1110 2214 1209 2273 sui
1236 2214 1581 2293 Evangelii,
1606 2220 1677 2274 ut
1702 2213 1791 2275 ibi
1822 2230 2098 2276 commu·

529 2308 695 2368 niter
719 2314 1003 2384 notatur3
1026 2308 1173 2367 satis
1200 2324 1349 2387 ergo
1374 2315 1463 2369 est
1494 2313 1583 2385 ut,
1617 2325 1745 2368 uno
1776 2307 1875 2369 vel
1902 2307 2096 2369 altero

530 2400 739 2472 modo,
770 2400 953 2478 juxta
991 2400 1369 2479 exigentiam
1416 2402 1713 2477 materiae,
1742 2399 1933 2461 verba
1971 2402 2097 2461 sint

530 2492 609 2553 ab
651 2493 885 2573 Spiritu
925 2493 1149 2555 Sancto
1170 2494 1196 2533 ²
1206 2514 1227 2571 3
1260 2500 1323 2554 et
1353 2493 1445 2555 ita
1484 2511 1847 2573 responsum
1884 2498 1977 2554 est
2017 2492 2096 2554 ad

528 2586 861 2649 secundam
892 2586 1199 2647 rationem
1230 2585 1560 2648 dubitandi
1590 2605 1775 2667 supra
1804 2587 2091 2667 positam.

531 2680 743 2760 Neque
763 2696 911 2740 vero
927 2685 1177 2760 propter
1196 2680 1399 2759 ipsum
1420 2680 1821 2760 posteriorem
1841 2680 2096 2741 modum

531 2772 625 2849 fit,
648 2779 721 2833 ut
748 2791 785 2834 a
809 2772 1225 2835 Conciliorum
1254 2772 1718 2836 definitionibus
1740 2791 1913 2835 sacra
1934 2774 2095 2835 Scri·

529 2873 715 2947 ptura
743 2884 871 2929 non
904 2866 1345 2946 distinguatur,
1378 2867 1684 2947 siquidem
1726 2868 1934 2929 nullus
1961 2867 2098 2946 ejus

530 2960 687 3021 liber
712 2960 1022 3041 reperitur
1048 2962 1115 3021 in
1140 2977 1265 3040 quo
1292 2960 1482 3023 verba
1510 2967 1580 3022 ut
1606 2960 1945 3041 plurimum
1967 2978 2097 3021 non

530 3052 655 3114 sint
680 3054 873 3133 priori
902 3054 1087 3115 modo
1114 3054 1365 3115 dictata.
1463 3097 1512 3128 a

610 3148 673 3209 6.
716 3148 1065 3211 Resolvitur
1092 3148 1234 3227 jam
1266 3148 1517 3229 quoestio
1562 3136 1673 3227 im·
1710 3149 2096 3210 assertionem

518 3243 953 3320 affirmantem
981 3243 1049 3304 de
1071 3240 1610 3317 fida—Probatur
1638 3260 1709 3305 σω
1751 3243 1889 3321 ipsa
1919 3241 2098 3305 Scri-

524 3342 735 3415 ptura.
762 3366 847 3381 --
872 3334 981 3395 His
1008 3352 1158 3413 ergo
1185 3334 1420 3415 positiS,
1452 3340 1515 3395 et
1548 3334 1614 3394 in
1642 3333 1812 3396 hunc
1839 3334 2096 3396 modum

531 3428 835 3508 descripta
896 3427 1214 3507 Scriptura
1270 3445 1441 3489 sacra
1462 3472 1477 3501 ,
1524 3445 1654 3488 non
1698 3433 1792 3489 cst
1850 3425 2100 3489 difficile

531 3522 935 3601 quaestionem
972 3521 1349 3601 propositam
1388 3522 1717 3583 resolvere.
1760 3520 2099 3583 Dicendum

531 3622 625 3679 est
648 3616 823 3677 enim
862 3616 1241 3695 Scripturam
1270 3632 1508 3677 sacram
1550 3632 1680 3675 esse
1707 3612 2098 3675 infallibilem

530 3709 813 3788 regulam
836 3708 1006 3784 fidei,
1030 3707 1197 3786 quod
1220 3719 1311 3769 est
1334 3706 1410 3767 de
1435 3706 1555 3769 fide
1578 3715 1835 3768 certum.
1861 3708 1937 3767 Et
1960 3724 2100 3787 pro-

531 3797 717 3863 batur
741 3802 945 3883 primo
973 3801 1329 3863 testimonio
1351 3800 1605 3877 Christi,
1630 3801 1890 3862 dicentis
1912 3802 2092 3863 Jmn.

532 3896 613 3957 10
638 3914 655 3956 z
688 3895 771 3959 Si
790 3896 932 3958 illos
956 3896 1091 3957 dimi
1120 3896 1299 3971 Deos,
1328 3897 1411 3957 ad
1434 3912 1581 3975 quos
1607 3912 1795 3959 sermo
1825 3895 1942 3957 Dei
1967 3897 2100 3973 fac-

532 3996 631 4052 tus
673 3996 780 4061 ost,
814 3994 869 4053 et
906 4008 1022 4053 noa
1060 3993 1254 4068 potest
1295 3988 1451 4050 solvi
1502 3988 1869 4068 Scriptura,
1898 3988 1966 4051 id
2010 3992 2101 4050 est

531 4098 660 4144 nou
698 4087 899 4162 potest
938 4082 1209 4144 mendax
1246 4087 1356 4142 aut
1380 4078 1534 4143 falsa
1562 4080 1857 4159 inveniri,
1886 4087 1958 4143 ut
1993 4098 2097 4142 ex-

532 4178 737 4257 posuit
767 4177 1060 4253 Hilarius,
1090 4177 1133 4238 l.
1165 4177 1206 4237 4
1244 4176 1323 4237 de
1364 4174 1687 4252 Trinitate,
1720 4181 1783 4237 et
1820 4192 2100 4237 commu-

532 4272 697 4332 niter
739 4272 1114 4351 expositores
1141 4269 1266 4348 ibi;
1299 4269 1351 4330 si
1390 4287 1537 4349 ergo
1582 4269 1900 4350 Scriptura
1942 4267 2098 4330 solvi

534 4382 660 4427 non
693 4371 913 4444 potest,
943 4364 1162 4445 regula
1188 4368 1281 4427 est
1308 4364 1605 4441 veritatis,
1636 4369 1699 4426 et
1735 4364 1873 4426 ideo
1910 4363 1989 4424 ad
2016 4360 2097 4424 il-

532 4458 661 4521 lam
703 4458 858 4520 solet
902 4460 1176 4520 Christus
1225 4476 1558 4542 provocare
1580 4503 1601 4533 ,
1656 4463 1727 4519 ut
1773 4457 1951 4518 Joan.
2007 4458 2044 4517 5
2079 4470 2096 4517 z

535 4550 924 4619 Scrutamini
951 4551 1340 4631 Scripturas,
1363 4552 1489 4615 illoe
1514 4551 1669 4614 onim
1694 4552 2098 4614 testimonium

528 4644 840 4725 perhibeat
860 4646 929 4708 de
948 4665 1037 4709 me
1047 4670 1075 4719 ,·
1098 4653 1163 4708 et
1184 4645 1349 4707 infra
1374 4666 1389 4705 ε
1422 4644 1505 4709 Si
1528 4646 1843 4709 crederetis
1864 4644 2096 4725 Moysi,

534 4739 851 4801 crederetis
894 4738 1167 4817 forsitan
1214 4744 1271 4801 et
1316 4740 1472 4801 milti
1484 4765 1508 4811 ;
1549 4744 1611 4800 et
1654 4739 1801 4799 Luc.
1851 4737 2098 4815 ultimo,

536 4830 865 4910 Scripturis
906 4830 1103 4892 utitur
1131 4830 1209 4892 ad
1245 4830 1733 4893 confirmandam
1774 4832 2102 4894 veritatem

536 4943 662 4986 sure
686 4924 1173 5001 resurrectionis,
1202 4930 1264 4987 et
1292 4943 1419 4987 suae
1450 4924 1749 5006 passionis
1776 4926 2102 4987 necessita·

622 5110 639 5145 ¹
678 5102 937 5166 Basilius
970 5102 1255 5181 Poncius,
1282 5120 1346 5185 p.
1395 5107 1426 5165 1
1475 5104 1805 5167 Variarum
1840 5104 2100 5187 disput„

536 5216 598 5283 q.
632 5201 691 5277 4,
724 5199 983 5281 exposit.
1012 5216 1147 5279 cap.
1183 5201 1243 5276 1,
1268 5196 1308 5279 ξ
1329 5198 1506 5262 Illud
1527 5200 1792 5280 denique.

618 5296 645 5333 ²
671 5294 850 5370 Vide,
877 5294 929 5355 si
952 5292 1176 5375 placet,
1199 5292 1317 5357 hac
1348 5293 1423 5354 de
1444 5312 1514 5355 re
1542 5293 1871 5357 novissime
1893 5293 2104 5357 Ferdi·

537 5388 729 5452 nand.
774 5388 999 5464 Escal„
1040 5386 1109 5450 in
1136 5406 1247 5449 suo
1276 5386 1478 5470 Clyp„
1502 5386 1608 5449 lib.
1645 5390 1706 5465 1,
1732 5407 1785 5450 c.
1824 5390 1895 5464 ις
1926 5388 2104 5453 Sera-

539 5484 727 5559 rium‚
758 5500 923 5564 sup„
955 5500 1009 5544 c.
1040 5483 1102 5542 4.

1001 330 1239 385 msPuT.
1271 332 1331 387 V.
1366 332 1447 387 m:
1478 334 1741 388 naeuus
1772 332 1998 397 Quibus
2029 332 2193 388 mom
2225 336 2537 392 omi-:cnm
2571 334 3078 393 immurmures,
3113 330 3248 382 mc.

2169 444 2319 501 tem.
2348 441 2496 503 Item
2528 440 2703 502 Paul.
2734 442 2761 499 1
2795 437 2875 499 ad
2901 432 3176 498 Timoth.
3205 433 3242 494 3
3266 448 3285 491 ι
3305 430 3404 495 Ab
3426 426 3740 507 infantia,

2168 532 2396 613 inquit,
2443 553 2654 597 sacras
2699 533 2940 596 litteras
2985 529 3169 603 nosti,
3217 544 3350 607 qua·
3393 528 3452 585 te
3481 522 3744 602 possunt

2167 628 2468 691 instruero
2493 629 2576 690 ad
2603 627 2856 691 satutem
2875 642 2988 705 per
3015 622 3193 701 fidem
3210 646 3235 694 ;
3261 624 3324 681 et
3355 616 3520 677 infra
3546 630 3564 675 ι
3595 612 3744 676 Om-

2167 722 2271 782 nis
2299 720 2632 800 Scriptura
2659 720 2853 783 divini
2857 723 2959 783 tus
2983 714 3316 795 inspirata,
3337 709 3516 772 utilis
3541 713 3630 770 est
3657 704 3747 767 ad

2169 815 2506 892 docendum,
2533 821 2646 876 etc.
2669 814 2884 875 Petrus
2903 810 3116 883 etiam,
3138 808 3204 868 in
3221 808 3261 866 Ξ
3281 800 3616 875 canonica,
3637 817 3748 859 ca-

2168 910 2282 991 pit.
2313 912 2372 985 1,
2397 913 2576 969 vocat
2595 906 2929 983 firmiorem
2947 901 3358 983 propheticum
3383 913 3742 960 sermonem.

2251 1006 2312 1065 7.
2356 1002 2516 1065 Item
2537 1001 2835 1081 probatur
2867 1016 2939 1062 eo:
2987 994 3280 1060 Consiliis
3309 996 3368 1055 et
3409 990 3742 1053 Patribus.

2169 1095 2672 1173 -C'oufirmatur
2698 1112 2769 1157 ex
2787 1084 3426 1160 nomisma-seeundo,
3447 1096 3748 1162 expresse

2171 1188 2467 1251 definitur
2491 1188 2630 1250 hoec
2673 1185 2900 1248 veritas
2939 1184 3006 1244 in
3042 1179 3316 1245 Concilio
3341 1174 3746 1250 Tridentino,

2172 1300 2317 1345 sess.
2333 1282 2396 1359 4,
2411 1300 2488 1343 ex
2507 1279 2762 1361 antiqua
2775 1276 3105 1339 traditione
3125 1276 3402 1347 Petrum,
3414 1288 3493 1331 ex
3511 1267 3748 1348 quibus

2172 1376 2370 1437 videri
2398 1380 2598 1455 potest
2629 1374 2919 1448 lrenaeus,
2965 1370 3109 1432 libr.
3160 1369 3198 1430 3
3231 1371 3427 1427 contr.
3477 1362 3745 1434 HaereS„

2173 1470 2355 1548 capit.
2388 1475 2414 1532 1
2453 1475 2516 1532 et
2556 1472 2864 1549 sequent.;
2901 1465 3340 1543 Hieronymus,
3371 1455 3626 1537 Epistol.
3658 1454 3746 1514 ad

2173 1564 2529 1639 Paulinum,
2561 1561 2639 1623 de
2671 1558 3050 1622 Auctoritatc
3091 1557 3420 1617 Sacrarum
3463 1549 3750 1627 Scriptu-

2173 1676 2418 1735 rarum3
2459 1674 2522 1719 et
2566 1654 2969 1735 Augustinus,
2999 1648 3241 1733 epistol.
3273 1646 3336 1724 8,
3375 1648 3415 1707 9
3453 1650 3513 1707 et
3551 1642 3630 1704 19
3657 1638 3748 1701 ad

2174 1752 2628 1832 Hieronymum
2645 1796 2663 1826 ,
2692 1754 2754 1811 et
2779 1748 2888 1809 lib.
2917 1748 2956 1807 Ξ
2983 1744 3060 1807 de
3091 1742 3428 1823 Baptism0,
3455 1735 3642 1815 capit.
3675 1736 3747 1807 3,

2175 1852 2237 1907 et
2267 1845 2376 1907 lib.
2415 1846 2456 1907 2
2497 1850 2713 1906 contra
2751 1836 3166 1914 cresconium,
3213 1854 3251 1895 a
3297 1832 3484 1913 capit.
3531 1830 3632 1901 31,
3679 1832 3752 1885 ct

2175 1939 2382 2022 plures
2407 1938 2671 2001 referam
2705 1934 2936 1996 statim.
2981 1934 3364 2009 possuntque
3403 1940 3620 1986 omnes
3648 1919 3746 1981 al·

2174 2033 2371 2112 legari
2391 2078 2413 2109 ,
2466 2036 2772 2113 quatenus
2826 2026 3054 2108 passim
3109 2028 3373 2085 utuntur
3423 2018 3750 2097 Scriptura

2177 2134 2478 2207 tanquam
2529 2130 2696 2186 certa
2741 2120 2993 2201 regula,
3045 2118 3127 2179 ad
3175 2115 3463 2177 veritates
3517 2109 3747 2172 confir-

2177 2218 2459 2283 mandas,
2487 2216 2972 2295 Confirmarique
2996 2212 3113 2273 hoc
3145 2214 3345 2292 potest
3369 2226 3442 2269 ex
3467 2205 3602 2287 ipso
3629 2220 3749 2263 no-

2177 2314 2347 2375 mine
2378 2311 2725 2392 Scriptura:
2753 2308 3083 2379 canonica-‚-
3108 2320 3280 2378 nam,
3307 2306 3459 2362 teste
3492 2299 3750 2376 Augus·
3846 2364 3847 2367 Ἴ

2175 2406 2333 2481 tino,
2356 2406 2400 2467 1.
2438 2406 2478 2466 2
2505 2408 2668 2465 cont.
2703 2404 3012 2477 Craecon„
3037 2418 3092 2462 c.
3126 2398 3228 2471 32,
3255 2400 3319 2457 et
3342 2392 3452 2455 lib.
3492 2394 3562 2453 11
3595 2409 3752 2451 con-

2177 2507 2274 2562 tra
2299 2500 2620 2574 Faustum,
2647 2516 2702 2559 c.
2736 2501 2797 2574 5,
2829 2495 3113 2559 canonica
3140 2492 3308 2551 dicta
3335 2492 3448 2563 est,
3475 2485 3623 2565 quia
3649 2490 3752 2546 est

2177 2592 2399 2673 regula
2425 2610 2550 2673 qua
2578 2596 2787 2652 nostra
2828 2586 3158 2649 infirmitas
3183 2582 3601 2663 gubernatur;
3639 2576 3754 2638 vel

2178 2692 2344 2749 certe
2376 2688 2431 2747 si
2464 2686 2630 2747 dicta
2675 2691 2768 2745 est
2805 2680 3110 2752 canonica,
3141 2676 3292 2759 quia
3330 2673 3447 2736 sub
3473 2676 3640 2733 certo
3681 2676 3754 2731 et

2177 2779 2433 2842 definito
2493 2794 2732 2840 canone
2782 2776 3082 2837 librorum
3144 2770 3496 2832 continetur
3515 2811 3534 2841 ,
3595 2764 3756 2825 inde

2177 2874 2366 2936 etiam
2418 2890 2722 2951 magnum
2777 2869 3044 2929 sumitur
3088 2866 3564 2944 argumentum3
3615 2876 3756 2917 non

2179 2967 2348 3029 enim
2371 2967 2505 3029 sine
2529 2982 2712 3027 causa
2734 2961 2974 3043 antiqui
2996 2961 3202 3022 Patres
3227 2963 3400 3019 tanta
3423 2952 3758 3031 diligentia

2179 3076 2478 3121 canonem
2535 3057 2842 3119 librorum
2901 3056 3234 3135 Scripturae
3289 3050 3700 3112 observarunt
3727 3090 3753 3121 ,

2179 3155 2301 3217 nisi
2325 3155 2472 3234 quia
2499 3134 2614 3215 illa
2637 3158 2729 3214 est
2758 3156 2924 3213 certa
2959 3147 3178 3228 regula
3207 3144 3504 3207 veritatis.
3545 3138 3758 3203 Habe-

2177 3255 2281 3309 tur
2299 3254 2510 3307 autem
2532 3245 2635 3306 hic
2657 3263 2855 3306 canon
2879 3242 3183 3303 librorum
3204 3257 3391 3300 sacroe
3413 3236 3756 3315 Scripturae

2179 3339 2344 3421 apud
2371 3338 2802 3401 Innocentium
2831 3336 2890 3412 1,
2921 3336 2988 3395 in
3031 3334 3211 3413 epist.
3241 3332 3278 3393 3
3323 3330 3400 3391 ad
3445 3328 3758 3407 Exuper.,

2178 3449 2312 3512 cap.
2339 3431 2556 3493 ultimo
2567 3446 2588 3510 ;
2611 3437 2673 3492 et
2695 3430 2761 3491 iu
2787 3428 3055 3490 Concilio
3073 3426 3440 3500 Laodiceno,
3465 3440 3599 3503 cap.
3630 3422 3756 3497 59;

2180 3528 2330 3589 etin
2361 3522 2832 3605 Carthaginensi
2856 3522 2960 3599 ΠΙ,
2975 3540 3108 3601 cap.
3143 3521 3258 3599 473
3302 3523 3364 3581 et
3403 3514 3567 3596 apud
3605 3514 3764 3575 Hie-

2181 3636 2542 3699 ronymum,
2563 3620 2630 3679 in
2653 3616 2899 3696 Prolog.
2923 3614 3193 3691 Galeat.;
3217 3619 3280 3676 et
3303 3610 3758 3691 augustinum,

2177 3713 2289 3774 lib.
2321 3714 2360 3774 2
2390 3712 2467 3774 de
2501 3711 2794 3773 Doctrina
2822 3710 3194 3785 Christiana,
3223 3726 3356 3786 cap.
3385 3706 3457 3782 85
3481 3704 3558 3764 de
3589 3702 3762 3763 con-

2179 3803 2318 3869 cilio
2344 3804 2710 3867 Tridentino
2739 3802 2923 3883 paulo
2953 3800 3212 3863 inferius
3242 3799 3465 3863 dicam.

2259 3900 2318 3960 8.
2370 3898 2425 3961 J
2425 3916 2526 3961 am
2569 3898 2867 3979 probatur
2915 3896 3154 3957 ratione
3171 3938 3192 3971 ,
3246 3894 3404 3974 quod
3449 3892 3514 3953 di
3525 3892 3764 3955 :tantis

2179 3994 2515 4057 auctoritas
2545 3992 2631 4055 sit
2658 3988 3336 4070 irrefrayabilis.—Ad
3378 3986 3551 4049 illam
3581 4003 3764 4049 acce-

2180 4088 2328 4149 dunt
2360 4087 2627 4148 rationes
2659 4081 3408 4148 credibilitatis.—Tertio
3442 4076 3762 4160 probatur

2178 4179 2447 4255 ratione,
2485 4196 2563 4239 ex
2597 4176 2778 4239 dictis
2811 4176 2975 4237 circa
3008 4173 3435 4236 definitionem
3466 4172 3760 4251 Scriptu-

2178 4291 2263 4333 rae
2278 4288 2300 4351 3
2344 4290 2492 4333 nam
2520 4270 2574 4332 si
2600 4277 2692 4331 est
2718 4268 2980 4331 verbum
3010 4267 3118 4331 Dei
3145 4266 3467 4347 scriptum,
3498 4282 3764 4325 necesse

2179 4371 2272 4427 est
2300 4370 2370 4425 ut
2407 4365 2491 4425 sit
2517 4360 2735 4443 regula
2767 4361 3062 4437 veritatis»,
3112 4362 3260 4441 quia
3287 4357 3463 4420 nulla
3489 4364 3578 4420 est
3609 4376 3722 4417 cer
3744 4392 3764 4401 -

2179 4458 2302 4519 tior
2323 4454 2540 4537 regula
2563 4474 2750 4536 quam
2775 4455 2884 4517 Dei
2909 4455 3268 4533 auctoritati,
3294 4471 3435 4533 quoe
3461 4451 3530 4512 in
3553 4447 3765 4511 verbo

2180 4548 2316 4629 ejus
2339 4549 2716 4625 continetur,
2741 4554 2804 4609 et
2827 4566 2937 4628 per
2961 4546 3116 4608 illud
3141 4545 3508 4626 applicatur.
3542 4541 3762 4617 Unde,

2179 4646 2340 4703 sicut
2365 4641 2745 4723 impossibile
2769 4647 2860 4703 est
2883 4640 3135 4703 mentiri
3165 4640 3389 4715 Deum,
3433 4643 3502 4700 ut
3533 4652 3766 4714 supra,

2179 4734 2337 4815 disp.
2371 4738 2432 4811 3,
2472 4741 2619 4798 sect.
2653 4736 2715 4813 ὅ,
2751 4734 3159 4810 ostendimus,
3211 4732 3299 4795 ita
3333 4737 3428 4794 est
3463 4728 3768 4811 impossi-

2180 4827 2305 4892 bile
2331 4827 2726 4891 mendacium
2747 4828 2816 4889 in
2847 4828 3165 4909 Scriptura
3192 4824 3487 4909 reperiri,
3525 4829 3599 4883 ιιι
3623 4821 3766 4882 late

2183 4924 2457 4987 ostendit
2481 4924 2890 5004 Augustinus,
2918 4922 3087 4984 dicta
3113 4922 3291 5001 epist.
3329 4922 3406 4983 19
3437 4918 3516 4981 ad
3542 4917 3770 4979 Hiero-

2183 5035 2472 5098 nymum,
2505 5022 2567 5079 et
2591 5015 2702 5080 lib.
2745 5020 2815 5077 11
2867 5020 3086 5077 contra
3111 5016 3436 5089 Faustum,
3485 5030 3620 5092 cap.
3675 5013 3768 5089 23

2182 5116 2320 5173 tuin
2362 5110 2508 5193 quia
2545 5110 2707 5171 sicut
2737 5128 2864 5171 non
2903 5115 3104 5191 potest
3141 5107 3307 5171 Deus
3335 5126 3448 5189 per
3481 5108 3772 5187 seipsum

2183 5204 2461 5280 mentiri,
2487 5204 2575 5267 ita
2591 5222 2706 5264 nec
2731 5222 2842 5283 per
2863 5202 3082 5279 alium,
3098 5200 3248 5283 quia
3272 5200 3590 5262 moraliter
3621 5218 3773 5279 per-

2181 5296 2328 5358 inde
2357 5302 2470 5373 est,
2514 5297 2676 5358 utin
2705 5296 2922 5357 eadem
2948 5296 3084 5375 disp
3142 5296 3180 5357 3
3218 5296 3409 5357 itiam
3459 5290 3706 5383 ostendi
3739 5308 3768 5369 ;

2184 5396 2322 5449 tum
2368 5392 2557 5450 etiam
2603 5389 2750 5470 quia
2770 5436 2793 5466 ,
2845 5389 2898 5449 si
2943 5388 3193 5469 aliquod
3241 5387 3640 5451 mendacium
3695 5388 3772 5446 iu

2181 5482 2500 5563 Scriptura
2540 5480 2796 5564 reperiri
2837 5482 3047 5563 possit,
3083 5488 3216 5543 tota
3249 5483 3384 5563 ejus
3421 5481 3774 5541 auctoritas
