3900 6217
551 298 672 362 280

553 412 651 467 tra
699 404 896 466 voluit
949 403 1352 467 manifest-um
1375 421 1396 481 ;
1437 405 1654 469 omnia
1703 406 2010 484 siquidem
2052 424 2128 466 ea

553 499 710 571 loca,
737 499 804 559 in
827 498 1052 580 quibus
1071 498 1392 577 Scriptura
1419 498 1597 559 docet
1621 500 1704 559 Ec
1713 499 1962 561 clesiam
1992 518 2128 579 per-

555 600 829 672 petuam,
874 610 1002 653 non
1046 593 1122 652 de
1169 591 1280 653 illa
1326 598 1571 653 tantum
1612 592 1955 671 loquuntur
1984 610 2125 672 quae

554 694 838 764 tempore
863 684 1294 764 Apostolorum
1320 686 1548 759 extitit,
1567 686 1665 746 vel
1692 705 1862 747 nunc
1894 688 2122 762 existit,

560 778 662 839 sed
689 777 765 839 de
797 776 904 837 illa
938 795 1196 857 prorsus
1234 795 1374 857 quse
1417 784 1548 839 tota
1585 785 1936 858 temporum
1994 798 2131 839 suc-

558 871 834 933 cessione
865 869 1082 933 eadem
1104 876 1473 951 perseverat.
1501 872 1785 935 Secundo
1810 872 1973 935 hanc
1994 890 2127 935 esse

559 982 772 1027 veram
801 964 1160 1040 Ecclesiam,
1193 983 1380 1045 quam
1405 984 1518 1027 nos
1553 966 1841 1041 dicimus,
1877 984 2005 1027 non
2050 984 2128 1027 ex

563 1060 628 1121 vi
683 1058 944 1136 alicujus
990 1058 1352 1137 syllogismi,
1403 1059 1508 1120 sed
1552 1077 1661 1140 per
1695 1058 2125 1121 immediatam

563 1152 1008 1213 revelationem
1027 1150 1359 1229 credimus,
1390 1170 1528 1232 quse
1550 1152 1926 1214 sufficienter
1947 1152 2129 1213 nobis

565 1245 934 1327 proponitur
961 1262 1076 1323 per
1102 1245 1416 1306 evidentia
1455 1247 1634 1323 signa
1677 1244 2123 1320 credibilitatiS,

566 1346 636 1403 ut
663 1338 1048 1399 ostendimus
1084 1357 1194 1399 suo
1219 1338 1354 1399 loco
1367 1355 1388 1417 3
1415 1340 1627 1419 itaque
1651 1338 2131 1417 intelligendum

567 1439 684 1507 est,
715 1432 906 1492 Deum
947 1449 986 1493 a
1027 1432 1334 1512 principio
1368 1432 1688 1506 revelasse,
1717 1437 1781 1493 et
1806 1450 1916 1511 per
1939 1432 2132 1511 Apos-

567 1524 724 1585 tolos
753 1524 1054 1597 docuisse,
1081 1542 1218 1585 eam
1241 1544 1372 1587 esse
1410 1525 1544 1603 ejus
1587 1525 1942 1593 Ecclesiam.
1993 1543 2133 1604 quae

563 1616 951 1678 evidentibus
997 1618 1212 1693 signis,
1269 1618 1454 1677 modo
1487 1618 1618 1698 jam
1659 1618 1959 1697 exposito,
1988 1618 2129 1679 visi-

569 1708 710 1769 bilis
743 1715 805 1770 et
861 1708 1169 1771 credibilis
1219 1728 1332 1790 pro
1380 1711 1736 1773 diversitate
1777 1718 2129 1791 temporum

569 1802 964 1883 conspicitur.
991 1804 1220 1875 Tertio,
1253 1804 1371 1866 hoc
1399 1805 1564 1867 idem
1597 1809 1892 1886 perpetua
1939 1806 2131 1866 tradi-

569 1896 738 1957 tione
769 1902 832 1957 et
879 1896 1198 1957 communi
1228 1898 1484 1959 Patrum
1513 1897 1917 1959 consensione
1943 1898 2131 1958 habe·

571 1994 700 2062 tur,
722 2006 912 2067 quam
930 1989 1324 2053 traditionem
1362 2009 1494 2052 esse
1523 1989 1920 2053 infallibilem
1947 2010 2129 2069 regu-

568 2082 698 2143 lam
723 2082 864 2144 fidei
893 2100 1077 2161 supra
1115 2082 1471 2158 docuimus3
1503 2082 1788 2163 quamvis
1824 2085 1993 2147 enim
2025 2086 2133 2145 Pa-

571 2182 696 2239 tres
722 2194 848 2237 non
872 2176 1208 2255 loquantur
1225 2176 1300 2237 de
1329 2177 1428 2239 his
1459 2178 1818 2240 hominibus
1853 2180 1921 2239 in
1973 2178 2134 2239 indi-

574 2269 786 2345 viduo,
817 2270 926 2349 qui
967 2287 1137 2329 nunc
1178 2277 1350 2344 suut,
1388 2271 1732 2349 loquuntur
1765 2278 1975 2333 tamen
2014 2272 2136 2333 for-

577 2362 827 2425 maliter
852 2364 928 2424 de
957 2362 1072 2425 hac
1108 2380 1370 2425 numero
1395 2365 1684 2441 Ecclesia,
1711 2376 1773 2427 et
1801 2384 2135 2444 congrega-

577 2456 747 2517 tione
773 2454 1042 2517 habente
1069 2474 1172 2517 eas
1215 2458 1642 2536 proprietates,
1671 2477 1825 2537 quas
1857 2460 2137 2537 ipsorum

578 2554 854 2628 tempore
885 2548 1158 2610 Ecclesia
1195 2550 1480 2612 habebat.
1513 2552 1905 2632 Quarto,ipsa
1931 2552 2139 2613 Eccle-

577 2641 669 2703 sia
695 2643 958 2721 seipsam
1000 2644 1288 2721 proponit
1316 2650 1385 2703 ut
1419 2662 1652 2717 veram,
1693 2652 1758 2705 et
1795 2646 1942 2725 quia
1975 2646 2140 2705 suffi-

581 2735 822 2802 cienter¹
835 2740 898 2795 et
911 2734 1228 2795 evidenter
1245 2737 1634 2815 proponitur,
1649 2738 1789 2798 ideo
1805 2738 2044 2817 obligat
2065 2738 2143 2799 ad

579 2828 952 2889 credendam
984 2827 1174 2889 talem
1200 2831 1546 2905 veritatem,
1581 2846 1706 2891 non
1733 2830 1937 2891 minus
1955 2849 2142 2910 quam

575 2927 826 2983 caeteras
849 2921 926 2982 ad
950 2938 1162 2982 veram
1195 2920 1384 2983 fidem
1403 2924 1814 3001 pertinentes:
1841 2924 2144 3003 quemad-

577 3013 834 3077 modum
885 3032 1064 3075 verus
1091 3016 1419 3095 Propheta,
1443 3017 1552 3095 qui
1598 3016 1975 3079 sufficienter
1998 3036 2140 3097 pro-

577 3108 756 3186 ponit
795 3125 892 3169 res
929 3107 1049 3168 sibi
1077 3127 1116 3169 a
1157 3110 1280 3170 Deo
1337 3109 1660 3183 revelatas,
1693 3116 2139 3190 consequenter

578 3201 868 3279 proponit
885 3201 1257 3263 sufficienter
1273 3221 1340 3263 se
1361 3221 1490 3265 esse
1504 3220 1720 3263 verum
1743 3202 2132 3282 Prophetam.

577 3293 854 3375 Denique
880 3294 1037 3355 sicut
1075 3295 1275 3356 Judaei
1299 3296 1672 3357 tenebantur
1693 3296 1942 3357 credere
1968 3294 2138 3356 futu-

579 3402 722 3447 rum
767 3402 896 3449 esse
938 3404 1158 3447 verum
1184 3388 1488 3462 Messiam,
1533 3405 1676 3449 eum
1719 3388 2038 3449 hominem
2064 3389 2135 3449 in

577 3498 707 3559 quo
734 3478 1140 3559 implerentur
1163 3482 1374 3541 omnia
1408 3499 1545 3561 quae
1587 3482 1668 3543 de
1698 3481 1918 3543 Moesia
1960 3489 2139 3543 erant

583 3572 875 3653 proedicta
900 3592 936 3635 a
955 3574 1298 3653 Prophetis,
1320 3582 1383 3636 et
1395 3582 1606 3654 postea
1627 3582 1837 3655 aperte
1859 3575 2139 3637 videntes

583 3665 840 3747 implete
862 3686 990 3729 esse
1023 3667 1131 3728 illa
1158 3670 1372 3729 omnia
1393 3670 1460 3729 in
1505 3669 1624 3730 hoc
1651 3668 1908 3729 homine
1935 3669 2139 3730 Chris-

584 3766 674 3833 to,
703 3759 1075 3822 tenebantur
1097 3761 1348 3825 credere
1375 3762 1542 3823 hunc
1573 3762 1775 3842 ipsum
1817 3762 2137 3825 hominem

583 3870 718 3915 esse
754 3852 929 3914 illum
967 3854 1248 3915 Messinm
1307 3856 1706 3933 promissum,
1743 3861 1806 3917 et
1839 3856 1971 3935 jam
2024 3856 2141 3918 hoc

585 3947 964 4009 sufficienter
1004 3947 1128 4009 illis
1160 3948 1524 4023 revelatum,
1556 3949 1838 4028 quamvis
1885 3967 2011 4009 non
2050 3967 2143 4009 es-

585 4046 726 4101 sent
743 4040 866 4101 alia
891 4040 1214 4115 miracula,
1239 4058 1356 4102 nec
1380 4039 1504 4101 alia
1531 4042 1708 4118 signa
1721 4056 1742 4117 ;
1765 4042 1874 4113 ita,
1905 4048 2025 4101 etc.
2056 4042 2141 4103 De

585 4131 950 4194 auctoritate
983 4134 1264 4195 Ecclesioe
1291 4134 1448 4195 circa
1475 4152 1572 4194 res
1599 4132 1747 4194 fidei
1781 4150 1921 4212 quse
1948 4132 2141 4211 expli-

585 4224 782 4285 canda
799 4224 916 4285 hoc
935 4225 1070 4287 loco
1088 4226 1480 4307 sequebatur,
1503 4226 1637 4305 jam
1651 4226 1957 4306 superiuS,
1975 4226 2136 4305 disp.

587 4318 646 4391 δ,
677 4335 716 4379 a
740 4324 886 4379 sect.
913 4320 975 4396 5,
999 4325 1328 4381 tractatum
1357 4326 1467 4380 est.
1623 4320 1629 4327 ‘

1093 4558 1540 4621 DISPUTATIO
1583 4560 1656 4620 X.

1003 4778 1079 4825 DE
1139 4778 1340 4824 stmuo
1387 4775 1716 4823 PONTIFICE-

667 4974 1089 5053 Explicuimus
1107 4974 1518 5055 disputatione
1543 4974 1927 5053 praecedente
1945 4978 2140 5033 totam

585 5066 868 5129 Ecclesiae
889 5069 1190 5130 rationem
1215 5073 1276 5129 et
1294 5067 1612 5145 regiminis
1631 5067 1920 5140 sormam,
1949 5080 2141 5144 quam

585 5162 1042 5229 monarchicam
1064 5180 1193 5223 esse
1225 5159 1634 5224 conclusimus
1647 5176 1668 5237 3
1683 5159 2040 5239 sequiturut
2066 5159 2142 5219 de

587 5254 928 5316 monarcha
961 5255 1114 5333 ipso,
1166 5270 1238 5315 sc
1275 5270 1562 5331 supremo
1603 5254 1846 5314 Pastore
1885 5252 2141 5313 dissera-

587 5364 746 5407 mus.
773 5347 1076 5421 Quoniam
1101 5365 1248 5409 vero
1273 5348 1336 5407 in
1357 5346 1770 5425 superioribus
1787 5347 1916 5425 jam
1939 5350 2143 5407 osten-

588 5456 726 5503 sum
756 5448 847 5503 est
873 5440 934 5501 id
965 5448 1174 5519 caput,
1213 5446 1276 5501 et
1321 5440 1730 5501 necessarium
1762 5456 1890 5501 esse
1921 5438 1991 5497 in
2024 5436 2141 5497 Ec-

1621 305 1855 358 msmrr.
1894 306 1952 357 X.
1992 306 2073 358 DE
2104 305 2315 358 suno
2348 306 2689 359 vomit-’lca

2206 406 2393 469 clesia
2424 415 2485 469 et
2512 426 2550 468 a
2578 406 2819 469 Christo
2842 405 3105 466 Domino
3132 405 3500 483 institutum,
3542 428 3605 475 eo
3626 430 3713 489 ge-

2207 501 2472 561 neratim
2492 499 2714 579 posito,
2753 499 3185 579 progredimur
3224 500 3301 561 ad
3338 501 3715 565 demonstran-

2206 592 2361 653 dum
2390 594 2457 653 in
2480 611 2749 672 quonam
2771 591 3027 653 homine
3044 592 3207 653 hanc
3234 592 3577 670 dignitatem
3600 616 3716 659 con·

2208 687 2502 759 stitucrit,
2532 687 2599 747 in
2626 685 2857 765 quibus
2875 685 3164 763 deinceps
3208 691 3497 763 perpetua
3522 706 3719 751 succes·

2208 780 2383 841 sione
2411 779 2751 855 duraverit,
2786 778 2853 841 in
2884 795 3011 857 quo
3048 777 3301 839 tandem
3337 778 3513 843 hodie
3543 799 3718 860 perse—

2208 878 2381 933 veret
2440 890 2517 933 ac
2555 872 2743 933 modo
2791 870 2983 931 simili
3041 884 3287 949 semper
3332 875 3715 951 perseverabit.

2208 966 2531 1045 Disputant
2574 984 2721 1027 vero
2766 964 2841 1027 de
2887 965 3007 1025 hoc
3048 971 3415 1041 argumento
3460 965 3719 1045 imprimis

2206 1064 2489 1119 auctores
2510 1059 2581 1133 ii,
2612 1076 2767 1136 quos
2804 1056 3179 1137 praecedenti
3205 1056 3598 1136 disputatione
3618 1079 3720 1122 me-

2210 1149 2505 1211 minimus
2535 1167 2551 1211 :
2599 1151 2668 1211 D.
2696 1150 2961 1211 Thomas
2998 1151 3061 1211 2.
3098 1151 3163 1223 Ξ,
3187 1157 3403 1228 quaest.
3426 1152 3483 1225 ὃ,
3506 1158 3610 1213 art.
3637 1156 3717 1229 50,

2209 1243 2319 1305 lib.
2348 1248 2387 1305 Δ,
2422 1251 2635 1305 contra
2660 1245 2868 1319 Gent.,
2918 1261 3052 1322 cap.
3091 1244 3195 1319 76,
3226 1250 3291 1304 et
3331 1244 3399 1304 in
3438 1262 3631 1325 opusc.
3662 1248 3721 1307 de

2213 1335 2538 1415 Regimine
2562 1337 2938 1416 Principum,
2970 1338 3023 1397 si
3052 1337 3186 1418 ejus
3211 1340 3341 1411 est,
3368 1342 3428 1397 et
3453 1338 3514 1397 in
3544 1355 3716 1416 opusc.

2210 1436 2431 1491 contra
2484 1432 2735 1492 Errores
2780 1430 3135 1491 Graecorum
3150 1447 3175 1508 ;
3226 1429 3515 1507 Theologi
3568 1432 3625 1491 in
3672 1436 3720 1505 4,

2212 1524 2450 1601 agendo
2476 1522 2553 1584 de
2570 1523 2843 1585 clavibus
2861 1539 2882 1602 ;
2902 1525 3275 1587 recentiores
3310 1530 3513 1585 contra
3538 1524 3723 1586 Luthc-

2210 1634 2433 1694 ranos3
2468 1619 2785 1692 Turrian.,
2812 1624 3025 1678 contra
3052 1617 3411 1692 Sadeelem;
3450 1618 3721 1693 Bellarm.,

2210 1715 2363 1771 tom.
2433 1714 2493 1786 1,
2541 1717 2670 1771 iota
2736 1712 3155 1771 controversia
3212 1711 3251 1771 3
3261 1726 3282 1786 ;
3318 1709 3544 1771 Valent.
3552 1752 3571 1784 ,
3608 1728 3724 1771 con·

2210 1812 2465 1863 trovers.
2492 1807 2553 1877 1,
2576 1802 2735 1864 libro
2758 1806 2835 1880 8;
2866 1804 3216 1878 Salmeron,
3239 1809 3391 1863 tom.
3412 1805 3470 1877 4,
3502 1809 3643 1881 part.
3674 1806 3720 1875 3,

2210 1918 2247 1961 a
2268 1904 2529 1961 tractatu
2558 1902 2587 1961 1
2631 1916 2825 1975 usque
2852 1897 2931 1957 ad
2954 1900 3023 1973 5,
3056 1903 3119 1958 et
3148 1898 3215 1958 in
3244 1903 3379 1957 acta
3402 1897 3671 1976 Apostol.‚
3698 1918 3727 1959 a

2211 1999 2391 2055 tract.
2442 1996 2545 2056 62.
2593 1993 2799 2053 Videri
2850 2010 3101 2072 quoque
3149 1998 3351 2070 potoet
3396 1992 3624 2066 Molins,
3666 1993 3725 2053 de

2212 2087 2447 2159 Justit„
2482 2092 2662 2147 tract.
2694 2087 2756 2161 5,
2787 2087 3014 2165 disput.
3063 2086 3127 2161 Δ,
3158 2084 3266 2145 ubi
3302 2085 3583 2163 quosdam
3602 2086 3727 2147 alios

2214 2179 2463 2239 adducit
2490 2179 2557 2239 in
2586 2198 2761 2242 num.
2802 2180 2865 2241 8.
2910 2179 3072 2241 Addi
3114 2184 3377 2257 possunt
3404 2178 3722 2257 jurisperiti,
3799 2236 3800 2239 ,

2216 2272 2278 2333 in
2310 2279 2460 2333 tom.
2492 2274 3009 2347 13Tractatuum,
3034 2278 3195 2353 part.
3232 2275 3261 2331 1
3295 2277 3356 2333 et
3372 2272 3435 2346 Ξ,
3456 2272 3723 2351 speciatim

2215 2365 2474 2427 Michael
2500 2367 2577 2427 de
2594 2366 2759 2427 Anin
2795 2370 2839 2427 ¹.

2860 2542 3074 2598 SEcho
3098 2542 3137 2593 1.

2222 2670 2320 2733 An
2354 2672 2637 2736 Christus
2692 2672 2985 2734 Dominus
3028 2670 3431 2733 universalem
3480 2668 3728 2731 Ecclesia·

2304 2784 2512 2829 curam
2550 2768 2733 2829 Petro
2763 2768 3143 2839 concesserit,
3188 2768 3361 2845 atque
3391 2764 3525 2827 adeo
3548 2780 3616 2824 απ
3643 2763 3725 2823 Pe-

2306 2864 2439 2922 trus
2482 2862 2677 2937 sumt
2722 2859 2790 2921 in
2832 2860 3016 2921 terris
3056 2858 3305 2939 primus
3334 2829 3557 2919 chrisi!
3590 2856 3727 2919 Vica-

2302 2954 2459 3028 rius,
2514 2959 2567 3016 et
2618 2951 2985 3015 universalis
3036 2949 3336 3014 Ecclesia·
3387 2950 3645 3027 Pontifex
3684 2954 3725 3009 et

2298 3047 2550 3110 Pastor.

2301 3209 2358 3267 1.
2396 3206 2707 3269 Probatur
2728 3206 2931 3287 primo
2968 3224 3043 3268 σω
3084 3202 3527 3284 Scriptura.-
3546 3200 3723 3262 Prota·

2222 3304 2327 3361 tur
2352 3300 2602 3361 sectando
2642 3317 2717 3361 σω
2756 3299 3073 3361 Patribus.
3090 3326 3175 3343 --
3220 3296 3512 3359 Probum·
3533 3290 3677 3355 tertio
3699 3308 3728 3351 a

2214 3392 2562 3470 posteriori.
2607 3424 2689 3439 --
2726 3390 3125 3453 Ostendimus
3162 3386 3466 3468 superiori
3490 3384 3728 3461 disputa·

2218 3485 2387 3546 tione
2403 3484 2589 3545 variis
2618 3484 2817 3545 modis
2840 3485 2907 3545 in
2936 3483 3281 3562 quaestione
3302 3480 3417 3541 hac
3431 3478 3504 3540 ab
3529 3474 3731 3539 haercti-

2220 3578 2305 3638 cis
2332 3582 2605 3639 erratum
2642 3578 2851 3652 fuisse,
2892 3593 3159 3656 quorum
3210 3574 3435 3654 placita
3444 3572 3587 3632 satis
3620 3585 3733 3629 con·

2218 3670 2589 3746 futavimus;
2616 3672 2685 3731 in
2724 3668 3249 3749 sequentibusque
3279 3666 3585 3729 veritatem
3616 3678 3732 3723 con-

2220 3762 2545 3836 firmando,
2580 3762 2807 3823 iterum
2842 3780 2917 3822 ea
2948 3759 3497 3840 impugnabimus:
3529 3756 3635 3817 illis
3656 3772 3727 3815 er-

2222 3873 2301 3933 go
2330 3855 2775 3935 praetermissis,
2804 3854 2945 3917 dico
2972 3855 3177 3933 primo
3212 3870 3231 3915 ε
3259 3853 3479 3913 Omnes
3503 3846 3729 3928 Apostoli

2220 3954 2587 4027 acceperunt
2634 3966 2673 4007 a
2714 3947 2957 4009 Christo
2994 3946 3258 4007 Domino
3294 3942 3730 4023 jurisdictionem

2222 4049 2284 4103 et
2311 4040 2692 4121 spiritualem
2722 4045 3087 4120 potestatem
3129 4040 3195 4098 in
3226 4044 3416 4099 totam
3448 4034 3729 4097 Ecclesiam

2222 4142 2285 4199 et
2332 4137 2399 4195 in
2446 4140 2647 4195 totum
2692 4135 2928 4196 orbem.
2984 4132 3310 4196 Conclusio
3360 4136 3453 4193 est
3500 4134 3644 4189 certa
3682 4132 3731 4185 et

2222 4228 2593 4301 communiS,
2644 4246 2785 4306 quae
2836 4232 3006 4307 patet
3055 4226 3263 4306 primo
3314 4242 3393 4287 ex
3441 4222 3727 4301 Scriptura,

2224 4322 2439 4383 Matth.
2499 4324 2628 4383 18:
2683 4322 3068 4401 Quoecmnquo
3128 4317 3552 4401 alliyaoeritis,
3596 4318 3726 4383 etc.;

2222 4432 2599 4493 quamquam
2656 4414 2823 4475 enim
2876 4413 3195 4492 Origenes,
3247 4408 3635 4490 Theophilact.
3682 4410 3730 4463 et
3798 4466 3800 4493 ‹

2222 4508 2331 4569 alii
2352 4508 2543 4569 verba
2572 4506 2727 4583 haec,
2762 4524 2891 4568 non
2920 4505 2997 4567 de
3026 4504 3335 4585 spirituali
3352 4498 3728 4581 iurisdictione

2225 4602 2641 4675 sacerdotum,
2664 4600 2767 4661 sed
2790 4599 2867 4662 de
2895 4603 3037 4659 actu
3067 4598 3458 4661 correctionis
3480 4595 3726 4657 fraternis

2222 4702 2285 4757 et
2322 4693 2699 4755 remissionis
2734 4692 2821 4769 inj
2830 4691 3109 4752 uriarum
3148 4692 3628 4772 interpretentur,
3656 4688 3728 4743 st·

2222 4794 2429 4849 tamen
2467 4785 2749 4847 litteralis
2785 4802 2999 4847 sensus
3048 4790 3141 4847 est
3186 4784 3265 4845 de
3308 4784 3587 4861 potestate
3630 4774 3727 4836 cla-

2219 4880 2394 4941 vium
2441 4900 2455 4938 z
2504 4878 2707 4940 reddit
2744 4877 2911 4939 enim
2944 4876 3220 4939 Christus
3260 4874 3542 4937 Dominus
3572 4867 3725 4929 ratio-

2220 4990 2389 5048 nem,
2432 4988 2623 5051 quare
2646 4970 2698 5031 is
2742 4970 2850 5050 qui
2872 4968 3232 5042 Ecclesiam,
3264 4968 3331 5029 id
3367 4972 3457 5028 est
3496 4964 3727 5023 Psstores

2224 5064 2509 5127 Ecclesiae
2546 5081 2673 5125 non
2724 5062 2937 5137 audit,
2988 5061 3309 5125 habendus
3354 5060 3431 5123 sit
3474 5062 3725 5133 tanquam

2308 5256 2325 5290 ¹
2388 5250 2597 5311 Videri
2648 5251 2835 5311 etiam
2878 5254 3137 5328 possunt
3174 5248 3337 5309 dicte
3386 5239 3641 5321 superius
3670 5234 3722 5293 in

2222 5343 2382 5423 disp.
2418 5345 2478 5417 5,
2526 5348 2672 5405 sect.
2714 5346 2776 5416 1,
2806 5348 2869 5403 et
2896 5342 2963 5403 iu
2998 5341 3241 5405 nereus.
3280 5338 3441 5413 fidei,
3472 5333 3569 5395 lib.
3599 5332 3649 5402 3,
3676 5330 3726 5385 et

2223 5436 2525 5497 nonnulla
2548 5435 2657 5497 lib.
2699 5437 2740 5497 4
2760 5435 2838 5497 de
2864 5434 3076 5514 Legib.
3112 5454 3151 5495 a
3176 5431 3485 5515 principio.
