3900 6217
507 262 630 323 498

975 262 1215 315 msrtrr.
1247 262 1358 315 XX.
1392 261 1474 314 DE
1503 259 1795 313 means
1827 257 2141 311 ECCLESIAE
2170 258 2417 313 CONTRA
2450 258 2747 313 nmssss
2780 259 2861 313 Er
2892 258 3273 313 amincus.

509 366 722 441 verba,
759 382 888 425 non
927 380 1056 425 esse
1097 360 1301 438 facile,
1343 380 1450 423 seu
1483 360 1696 423 statim
1735 358 2065 440 desperan·
2146 359 2563 440 distinguitur
2606 378 2645 421 a
2684 359 2827 421 divo
2850 358 3126 437 'l'boma3
3156 357 3259 421 vel
3284 358 3459 422 enim
3484 358 3573 421 illi
3596 358 3687 440 qui

509 459 684 531 dum,
713 458 818 519 sed
847 455 1365 537 perseverandum
1391 472 1520 517 esse
1549 453 1886 533 patienter;
1917 468 2065 514 nam
2146 453 2393 529 adsunt,
2422 454 2587 516 docti
2622 460 2793 531 sunt,
2832 452 2933 515 vel
2971 454 3207 515 indocti
3220 469 3244 531 ;
3292 452 3546 533 quando
3568 461 3691 517 sunt

508 553 770 614 verbum
817 551 925 612 Dei
969 549 1194 628 soepius
1239 550 1574 629 repetitum
1617 547 1772 609 solet
1813 546 2067 608 tandem
2147 548 2371 630 prioris
2418 548 2820 625 conditionis,
2860 547 3182 611 moraliter
3210 547 3377 609 nihil
3426 554 3517 609 est
3559 550 3694 628 peri-

511 644 842 725 aliquando
889 642 1152 721 operari,
1193 648 1256 703 et
1295 642 1372 703 ad
1415 642 1532 703 hoc
1573 642 1872 721 ponderat
1914 638 2069 700 illud

511 736 771 799 verbum
787 736 990 797 Pauli:
1011 733 1260 817 Oportet
1279 754 1403 799 esce
1415 733 1742 817 patientem
1759 760 1786 809 ,·
1801 740 1864 795 et
1878 732 2063 794 illud:

510 832 593 894 M
587 830 980 893 ansusi-‘udins
1002 873 1018 902 ‚
1061 836 1124 890 et
1171 835 1498 908 propterea
1548 844 1864 907 exponens
1913 824 2073 886 illud

511 924 796 998 verbum,
829 923 1048 992 devita,
1090 921 1240 983 dicit
1267 938 1284 982 ε
1315 922 1453 985 Hoc
1493 922 1562 984 dc
1601 922 1710 983 illo
1746 923 1944 982 monet
1970 918 2076 999 qui

512 1017 738 1100 corripi
782 1034 904 1079 non
943 1016 1100 1087 vult,
1132 1034 1302 1095 quem
1331 1013 1666 1079 insanabili
1697 1014 1896 1076 morbo
1927 1011 2079 1075 dcti-

511 1111 646 1175 neri
692 1109 947 1184 videris,
993 1108 1162 1169 unde
1207 1108 1566 1169 concludit:
1605 1107 1698 1170 Ab
1743 1106 1876 1169 illie
1923 1105 2079 1168 solis

513 1205 924 1269 discedendmn
959 1207 1072 1269 cst.
1103 1203 1172 1265 de
1197 1200 1412 1283 quibus
1443 1206 1718 1284 apcrtoem
1754 1216 2079 1282 possumus

511 1302 678 1375 serre
703 1297 1086 1368 seutentiam,
1111 1297 1372 1376 certique
1389 1312 1602 1359 sumus
1627 1296 1802 1375 quod,
1825 1300 2081 1375 quanta·

514 1392 654 1454 tibet
681 1390 1004 1469 faciamve-³,
1029 1405 1128 1451 coc
1155 1405 1460 1469 nunquam
1483 1390 1566 1451 ad
1595 1387 1878 1451 veritatis
1914 1388 2079 1450 viam

511 1482 937 1547 revocabimus.
969 1481 1100 1543 Hoc
1137 1486 1348 1541 autem
1391 1481 1581 1541 etiam
1619 1480 1687 1540 in
1725 1497 1799 1541 eo
1829 1496 1975 1540 casu
2005 1478 2079 1539 li·

515 1577 866 1640 mitandum
915 1584 1032 1650 est,
1086 1574 1208 1636 nisi
1261 1574 1498 1635 fructus
1547 1573 1767 1634 saltem
1825 1571 1894 1633 in
1941 1572 2081 1633 aliis

511 1668 907 1733 audientibus
939 1674 1258 1748 speretur3
1287 1668 1415 1729 sive
1433 1666 1538 1728 ille
1565 1670 1671 1743 sit,
1701 1666 1866 1747 quod
1883 1665 2081 1745 aliqui

511 1763 792 1826 haeretici
817 1766 1282 1836 convertentur,
1319 1760 1448 1822 sive
1481 1761 1648 1841 quod
1681 1760 1833 1821 fient
1870 1760 2081 1820 minus

512 1856 772 1921 audaces
827 1853 924 1915 vel
975 1852 1338 1922 timidiores,
1383 1854 1515 1914 sive
1563 1853 1728 1932 quod
1781 1850 2081 1913 Catholici

511 1950 712 2027 magis
747 1948 816 2008 in
857 1946 977 2007 fide
1013 1944 1592 2025 confirmabuntur3
1643 1952 1713 2005 ut
1737 1946 1906 2007 enim
1935 1946 2081 2005 Ber-

511 2043 741 2105 nardus
779 2041 867 2102 ait
899 2058 1082 2101 serm.
1119 2040 1201 2099 64
1227 2040 1294 2099 in
1323 2040 1498 2101 Cant.
1531 2055 1548 2099 z
1577 2038 1732 2103 Etsi
1755 2041 2079 2103 hereticus

511 2155 631 2199 m
649 2138 868 2217 surgat
885 2152 959 2197 ιω
977 2137 1139 2209 foecc,
1165 2132 1451 2196 Ecclesia
1469 2136 1668 2195 tamon
1685 2136 2078 2213 confirmatiu-

461 2280 468 2287 .
513 2230 584 2291 in
603 2230 754 2308 βιῶ,-
798 2244 948 2287 nam
991 2226 1421 2305 quodcumque
1470 2224 1696 2286 horum
1743 2226 1971 2286 sufficit
2006 2230 2079 2285 ut

512 2321 847 2401 disputatio
891 2337 1018 2379 non
1069 2320 1149 2381 sit
1195 2320 1414 2394 otiosa,
1455 2318 1564 2379 sed
1601 2318 2073 2395 honestissima3

513 2422 577 2477 et
623 2419 910 2493 proptera
945 2411 1240 2473 Catholici
1281 2412 1402 2481 ,viri
1435 2410 1828 2473 laudabiliter
1861 2420 2079 2472 contra

513 2507 835 2569 haereticos
857 2506 1154 2582 scribunt,
1179 2506 1325 2566 licet
1344 2505 1422 2566 de
1445 2523 1660 2566 eorum
1682 2505 2077 2566 conversione

515 2619 641 2661 non
673 2600 939 2661 multum
967 2604 1234 2679 sperent,
1263 2599 1410 2679 quia
1433 2616 1679 2677 semper
1699 2594 1971 2678 aliquem
2000 2615 2077 2658 ex

514 2694 694 2755 dictis
741 2691 1042 2755 fructibus
1081 2710 1329 2772 sperare
1377 2696 1634 2771 possunt
1647 2707 1668 2768 ;
1704 2692 1780 2753 de
1811 2709 1937 2773 quo
1984 2690 2079 2752 di·

513 2787 803 2869 sputandi
844 2804 1092 2864 genere,
1137 2793 1199 2847 et
1237 2785 1418 2846 laude
1459 2786 1614 2865 ejus,
1648 2784 1844 2845 videri
1883 2788 2081 2863 potest

512 2880 776 2953 Gerson,
833 2886 1010 2941 tract.
1069 2880 1147 2941 de
1201 2879 1510 2940 Laudibus
1567 2879 1957 2957 scriptorum,
2014 2882 2078 2939 et

514 2991 654 3053 quae
679 2977 855 3034 notat
881 2979 943 3033 et
967 2972 1157 3033 refert
1184 2972 1484 3047 Simanc.,
1511 2971 1608 3031 tit.
1638 2970 2077 3031 201nstitutio·

513 3084 692 3141 num,
741 3064 780 3145 g
825 3064 1030 3126 ultim.
1085 3064 1362 3144 Denique
1417 3070 1636 3124 notant
1686 3064 1806 3124 viri
1860 3080 2079 3141 graves

515 3160 702 3240 quod,
735 3158 876 3219 licet
899 3158 1238 3237 disputatio
1263 3158 1345 3219 sit
1371 3157 1506 3221 sine
1525 3156 1652 3217 ulla
1679 3174 1786 3236 spe
1812 3155 2071 3232 fructus,

514 3272 640 3313 non
676 3253 795 3313 erit
833 3257 1152 3331 peccatum
1195 3250 1476 3325 mortale,
1509 3249 1614 3310 sed
1643 3249 1903 3323 veniale,
1937 3254 2075 3310 tan·

513 3363 704 3425 quam
743 3351 918 3407 actus
959 3345 1187 3405 otiosus
1203 3364 1220 3418 ;
1265 3343 1430 3423 quod
1476 3341 1948 3420 intelligendum
1984 3347 2080 3403 est

516 3456 628 3516 per
653 3454 720 3498 se
735 3436 1064 3516 loquendo,
1091 3452 1234 3498 nam
1261 3437 1500 3497 ratione
1524 3436 1883 3497 nocumenti
1909 3440 2079 3514 pote-

515 3532 602 3592 rit
623 3548 752 3592 esse
769 3536 1090 3611 peccatum
1109 3547 1320 3608 grave,
1345 3536 1408 3591 et
1425 3528 1840 3590 communiter
1858 3528 2077 3589 saltem

514 3624 634 3686 hoc
675 3629 1121 3686 nocumentum
1151 3623 1360 3684 timeri
1408 3628 1630 3702 potest,
1672 3622 1838 3702 quod
1877 3621 2079 3683 hiere-

518 3720 678 3781 ticus
720 3718 1064 3797 disputans,
1108 3722 1170 3777 et
1209 3716 1282 3775 fit
1321 3715 1536 3777 durior
1567 3715 1702 3795 ipsa
1738 3716 2080 3777 contradic·

517 3816 710 3890 tione,
741 3819 802 3874 et
845 3818 1145 3892 praeterea
1177 3810 1245 3870 in
1284 3810 1418 3890 ipsa
1443 3810 1852 3888 disputatione
1879 3809 2081 3871 multa

519 3914 770 3988 peccata
793 3904 1147 3979 committit,
1178 3922 1318 3984 quae
1345 3902 1499 3965 alias
1544 3921 1672 3965 non
1707 3904 1975 3977 faceret3
2018 3908 2081 3965 et

522 4000 776 4062 vitanda
831 4006 988 4060 esset
1045 4013 1263 4060 eorum
1317 3998 1574 4074 occasio,
1633 3996 1879 4077 qnando
1925 3996 2080 4058 alias

519 4095 680 4155 actio
707 4093 946 4155 inutilis
973 4100 1085 4154 est.

605 4188 704 4247 14.
758 4186 970 4249 Tertia
1015 4182 1496 4259 circumstantia,
1541 4200 1930 4265 personarum
1973 4200 2080 4247 atc-

523 4278 1147 4354 dientt‘um.-'1'ertio,
1169 4283 1262 4339 est
1282 4279 1586 4357 praecipue
1609 4277 1768 4338 ratio
1794 4275 2079 4339 habenda

524 4373 932 4436 audientium.
955 4375 1030 4435 Et
1055 4372 1194 4434 ideo
1222 4374 1293 4433 D.
1323 4372 1616 4447 Thomas,
1655 4372 1723 4431 in
1761 4371 1932 4431 dicto
1954 4376 2074 4433 art.

525 4468 587 4541 7,
631 4467 940 4546 duplicem
993 4465 1322 4543 distinguit
1345 4465 1850 4545 disputationem,
1887 4480 2080 4525 unam

523 4560 855 4639 privatam,
881 4558 1066 4619 aliam
1099 4558 1445 4639 pubhcam3
1483 4558 1639 4618 etin
1673 4558 1917 4637 privata
1943 4557 2081 4636 qui·

523 4654 668 4713 dem
723 4668 850 4711 non
895 4650 1084 4711 habet
1137 4650 1342 4711 locum
1392 4650 1524 4711 haic
1579 4650 2043 4736 circumstantia
2056 4664 2079 4727 ;

525 4751 766 4823 oportet
791 4752 998 4805 autem
1023 4743 1181 4804 adeo
1211 4760 1342 4805 esse
1384 4744 1692 4823 privatam
1719 4744 2084 4824 disputatio-

525 4856 693 4913 nem,
737 4844 808 4897 ut
837 4836 1064 4912 nullus,
1095 4842 1316 4916 proeter
1352 4837 1738 4898 catholicum
1762 4837 2081 4915 disputan·

524 4938 677 5005 tem,
707 4936 770 4990 et
792 4930 1148 4991 haereticum
1175 4948 1318 4990 cum
1346 4948 1470 5009 quo
1498 4930 1790 5009 disputat,
1815 4946 2080 5009 praesens

526 5022 714 5097 adsit;
747 5040 894 5083 nam
919 5023 1048 5082 sive
1079 5020 1286 5102 pauci,
1330 5024 1460 5084 sive
1493 5040 1656 5083 unus
1692 5028 1934 5083 tantum
1976 5022 2077 5081 in·

527 5118 722 5191 tersit,
749 5115 1089 5175 cavendum
1121 5120 1213 5175 est
1245 5132 1327 5175 ne
1354 5114 1446 5175 illi
1471 5123 1916 5177 nocumentum
1958 5114 2082 5194 spi-

524 5208 748 5270 rituale
783 5206 1106 5282 inferatur‚
1147 5209 1443 5287 quoniam
1469 5208 1736 5271 chat-itas
1761 5208 1842 5268 ad
1870 5210 2081 5286 singu—

525 5301 618 5361 los
641 5299 907 5379 obligat3
937 5302 1130 5380 igitur
1173 5302 1505 5383 disputatio
1547 5301 1790 5381 publica
1831 5302 1898 5362 in
1928 5318 2083 5382 prse-

525 5396 685 5455 seuti
713 5394 1120 5473 distinguitur
1147 5394 1230 5457 ab
1259 5396 1516 5457 omnino
1547 5394 1808 5471 occulta,
1839 5402 1902 5455 et
1939 5394 2083 5456 sub·

2153 644 2311 719 culi,
2352 649 2416 704 et
2462 642 2604 703 ideo
2650 643 3021 721 regulariter
3054 660 3127 703 ac
3160 660 3271 721 per
3302 658 3372 703 se
3418 640 3692 720 loquendo

2152 737 2323 799 licita
2350 742 2441 798 est
2466 735 2606 797 talis
2632 736 2967 816 disputatio
2998 754 3077 796 ex
3103 742 3281 815 parte
3308 733 3691 811 audientium,

2156 831 2305 910 quia
2345 848 2475 892 non
2520 830 2705 891 datur
2743 828 2867 890 illis
2887 831 3121 891 occasio
3148 828 3437 903 errandi3
3480 828 3629 905 quod
3650 831 3695 889 si

2158 923 2275 1003 ipsi
2302 923 2561 985 fortasse
2583 922 2757 984 illam
2786 922 3185 1001 sumpserint,
3208 919 3329 996 eis,
3360 937 3489 982 non
3512 920 3699 1001 dispu-

2156 1016 2317 1077 tanti
2354 1014 2786 1096 imputabitur.
2834 1015 3013 1077 Docti
3038 1020 3251 1075 autem
3298 1012 3427 1075 hoc
3455 1010 3581 1073 loco
3604 1032 3699 1075 vo·

2159 1115 2403 1183 cantur,
2442 1126 2573 1170 non
2602 1108 2805 1170 solum
2834 1108 3105 1187 perfecte
3129 1104 3419 1182 litterati,
3452 1104 3553 1167 sed
3588 1124 3701 1169 om·

2156 1222 2268 1264 nes
2292 1204 2401 1283 qui
2431 1221 2683 1283 capaces
2707 1208 2853 1263 sunt
2884 1201 3025 1263 talis
3044 1200 3374 1275 doctrinm,
3400 1204 3465 1261 et
3488 1200 3575 1261 illi
3608 1200 3705 1261 ali·

2158 1312 2281 1375 quo
2310 1295 2495 1357 modo
2528 1294 2801 1370 student,
2840 1296 2989 1375 quia
3034 1294 3154 1357 hoc
3202 1293 3363 1355 satis
3396 1298 3489 1355 est
3532 1298 3595 1353 ut
3638 1310 3703 1355 ex

2158 1388 2477 1450 auditione
2528 1388 2964 1468 disputationis
3015 1386 3139 1449 illis
3190 1386 3543 1466 periculam
3594 1404 3701 1447 non

2158 1488 2423 1545 creetur.
2455 1483 2541 1544 De
2567 1483 2829 1543 indoctis
2870 1500 3041 1561 vero,
3072 1488 3134 1541 et
3170 1479 3499 1543 communi
3526 1478 3697 1559 plebe,
3732 1558 3737 1567 Ι

2158 1576 2385 1637 iterum
2426 1577 2494 1638 D.
2519 1576 2789 1637 Thomas
2812 1574 3175 1653 distinguit3
3208 1592 3368 1636 nam
3398 1573 3497 1634 vel
3522 1575 3585 1633 in
3608 1592 3701 1635 sua

2159 1669 2423 1749 simplici
2464 1668 2587 1730 fide
2632 1670 2829 1749 quieti
2855 1675 3025 1745 sunt,
3060 1673 3125 1728 et
3146 1667 3228 1729 ab
3270 1666 3574 1728 haereticis
3597 1682 3697 1727 non

2160 1761 2584 1836 sollicitantur,
2615 1768 2678 1823 et
2703 1768 2853 1823 tunc
2882 1760 3054 1823 nullo
3083 1760 3275 1822 modo
3320 1760 3471 1821 licet
3520 1778 3695 1821 coram

2160 1854 2248 1916 eis
2275 1855 2351 1916 dc
2380 1854 2503 1915 fide
2531 1855 2843 1935 disputare
2867 1872 3007 1915 cum
3038 1854 3361 1929 haeretico,
3388 1853 3695 1933 praesertim

2158 1948 2227 2009 in
2254 1967 2326 2011 ea
2356 1948 2573 2027 lingua
2601 1966 2789 2029 quam
2820 1948 3203 2027 intelligunt,
3236 1948 3397 2027 quia
3430 1947 3561 2009 sine
3580 1964 3697 2007 cau·

2156 2060 2223 2103 sa
2261 2041 2326 2102 in
2380 2042 2649 2121 periculo
2688 2042 3190 2118 constituuntur5
3222 2058 3407 2114 nam,
3452 2047 3697 2117 utsupra

2157 2134 2509 2197 dicebamus
2512 2180 2531 2210 ,
2559 2134 2742 2197 facile
2765 2136 3115 2215 percipiunt
3137 2131 3542 2195 >difficultates
3564 2150 3697 2211 mys-

2156 2230 2455 2291 teriorum
2486 2226 2653 2303 fidei,
2696 2229 2831 2307 ipsa
2862 2234 3067 2289 autem
3100 2226 3411 2306 mysteria
3450 2230 3512 2285 et
3535 2226 3699 2285 ratio-

2158 2340 2267 2383 nes
2306 2340 2521 2383 eorum
2560 2323 2665 2382 vix
2698 2326 2957 2401 possunt
3004 2321 3298 2381 distincte
3354 2322 3694 2399 concipere;

2158 2416 2345 2490 unde,
2382 2415 2481 2476 vel
2524 2416 2590 2475 in
2621 2432 2895 2477 errorem
2942 2414 3347 2485 inducentur,
3386 2413 3487 2473 vel
3512 2412 3697 2473 saltem

2156 2509 2504 2588 concipient
2534 2526 2667 2568 rem
2696 2508 2869 2568 illam
2902 2526 3033 2569 esse
3060 2506 3477 2569 dubitabilem
3504 2512 3564 2566 et
3583 2506 3697 2584 jure

2157 2608 2631 2663 controversam.
2663 2604 2743 2661 At
2770 2620 2917 2662 vero
2960 2603 3013 2662 si
3044 2600 3251 2662 fideles
3310 2599 3613 2678 simplices
3635 2598 3699 2659 ab

2157 2694 2458 2756 haereticis
2486 2693 2796 2755 sollicitati
2836 2700 3006 2769 sunt,
3039 2700 3102 2754 et
3128 2692 3487 2774 periculum
3524 2697 3610 2754 est
3630 2709 3697 2753 ne

2158 2787 2381 2849 cadant
2420 2788 2519 2849 vel
2562 2787 2873 2862 vacilleut,
2919 2793 3070 2847 tunc
3120 2786 3293 2847 licita
3352 2792 3449 2847 oet
3484 2784 3701 2865 publica

2159 2880 2493 2959 disputatio
2519 2897 2727 2940 coram
2755 2879 2924 2959 ipsis,
2956 2879 3102 2958 quia
3122 2885 3275 2941 tunc
3306 2880 3695 2953 taciturnitas,

2158 2973 2259 3034 vel
2304 2974 2489 3033 timor
2516 2973 2949 3052 disputationis
2979 2973 3177 3051 magis
3220 2978 3434 3051 posset
3480 2988 3693 3045 nocere,

2156 3071 2217 3127 et
2245 3072 2519 3127 errantes
2546 3066 2613 3126 in
2656 3083 2877 3127 errore.
2892 3064 3289 3139 confirmare,
3340 3084 3417 3126 ac
3438 3064 3693 3125 dubitare

2154 3158 2519 3237 incipientes
2562 3159 2761 3237 magis
2804 3156 3149 3240 infirmate.
3190 3158 3343 3220 Haec
3372 3159 3561 3236 igitur
3586 3174 3695 3217 om·

2156 3254 2260 3313 nia
2288 3252 2668 3313 observanda
2688 3257 2835 3312 sunt
2860 3270 2938 3313 ex
2954 3251 3074 3313 hoc
3102 3251 3333 3331 capite,
3354 3258 3427 3312 nt
3452 3252 3605 3311 licita
3626 3250 3693 3309 sit

2157 3344 2508 3425 disputatio
2543 3344 2620 3405 Et
2644 3344 2795 3418 ,ideo
2846 3362 3065 3425 graves
3108 3350 3399 3405 auctores
3450 3343 3693 3405 absolute

2156 3438 2391 3513 dicunt,
2414 3437 2783 3516 regulariter
2816 3437 2977 3499 hanc
3003 3437 3489 3517 disputationem
3522 3435 3693 3517 publi·

2158 3550 2293 3595 cam
2322 3532 2661 3594 cavendam
2688 3551 2843 3609 esse,
2880 3537 3015 3593 tum
3056 3539 3311 3612 propter
3346 3532 3516 3593 dicta
3532 3576 3551 3605 ,
3578 3536 3691 3589 tum

2158 3625 2346 3687 etiam
2391 3625 2539 3705 quia
2586 3626 2839 3705 ipsimet
2884 3624 3157 3686 haeretici
3198 3624 3581 3706 disputantes
3612 3638 3689 3682 so·

2157 3718 2289 3780 lent
2316 3718 2432 3780 hoc
2456 3719 2643 3780 modo
2672 3717 2809 3779 fieri
2836 3719 3138 3791 duriores,
3184 3731 3249 3779 et
3292 3718 3495 3797 magis
3528 3713 3692 3776 auda·

2158 3830 2279 3889 ces,
2325 3811 2573 3891 quando
2622 3812 2688 3873 in
2728 3810 3049 3892 publicum
3076 3811 3424 3891 prodeunt,
3474 3813 3691 3889 propter
3809 3830 3810 3873 ἐ

2158 3904 2539 3985 superbiam,
2568 3910 2633 3965 et
2666 3922 2887 3965 auram
2916 3904 3281 3985 popularem
3310 3920 3501 3985 quam
3538 3900 3687 3961 valde
3809 3944 3810 3947 η

2157 4004 2393 4075 amant,
2424 4004 2495 4058 ut
2529 3998 2688 4059 dixit
2714 3998 3120 4076 AugustinuS,
3151 3997 3311 4058 libro
3342 3996 3421 4058 de
3444 3994 3685 4058 Utilitatc

2158 4090 2483 4167 credendi;
2522 4096 2586 4153 et
2621 4091 2699 4153 de
2734 4091 2852 4153 hoc
2874 4097 3105 4171 puncto
3146 4090 3345 4153 videri
3376 4094 3567 4170 potest
3588 4086 3687 4145 Va·

2162 4185 2376 4260 lentia,
2432 4184 2541 4264 qui
2594 4184 2749 4245 alios
2808 4184 3019 4260 refert,
3084 4182 3249 4245 dicta
3326 4188 3543 4262 quaest.
3602 4180 3681 4251 10,

2163 4284 2373 4358 punct.
2404 4280 2466 4339 4.

2244 4372 2341 4432 15.
2372 4368 2609 4444 Quarta
2634 4371 3121 4445 circumstantia,
3146 4368 3307 4433 modi
3344 4360 3679 4447 disputandi.

2160 4496 2243 4511 —
2260 4464 2560 4538 Quartum
2584 4470 2649 4526 et
2676 4464 2969 4525 ultimum
3010 4471 3199 4543 caput
3236 4471 3329 4525 eat
3358 4461 3565 4523 modus
3584 4456 3683 4517 dis-

2162 4557 2519 4637 putationis,
2564 4557 2635 4619 in
2674 4575 2797 4636 quo
2825 4557 3094 4619 maxime
3120 4564 3367 4636 oportet
3392 4548 3683 4617 mediocri-

2160 4646 2353 4713 ‘tatem
2398 4670 2667 4727 servare,
2696 4659 2769 4712 ut
2803 4652 3141 4731 disputatio
3166 4652 3475 4713 fructuosa
3508 4649 3597 4717 sit,
3622 4658 3681 4701 ac

2162 4745 2423 4806 subinde
2456 4745 2648 4806 licita.
2680 4744 2749 4805 ln
2778 4743 2894 4805 hoc
2915 4751 3127 4805 autem
3162 4747 3361 4825 primo
3404 4733 3683 4803 observari

2160 4836 2363 4912 debet,
2404 4845 2474 4898 ut
2526 4837 2846 4898 sententiis
2895 4837 3125 4915 potius,
3170 4844 3233 4898 et
3281 4836 3482 4910 rebus,
3518 4844 3677 4911 quam

2161 4931 2361 4991 verbis
2388 4938 2640 5009 agatur,
2677 4938 2749 4991 ut
2798 4930 2957 4991 dixit
3000 4930 3067 4990 D.
3108 4930 3397 5005 Thomas,
3424 4928 3573 4989 dicto
3598 4938 3680 4982 ar-

2160 5024 2263 5083 tic.
2297 5026 2357 5098 7,
2388 5024 2467 5085 ad
2502 5028 2557 5099 l,
2589 5024 2676 5083 ita
2720 5040 3038 5103 exponens
3085 5024 3276 5087 verba
3319 5021 3483 5086 Pauli
3516 5030 3677 5093 supra

2160 5116 2374 5177 citata:
2420 5116 2574 5181 Nola·
2618 5118 2957 5181 contendere
2992 5118 3217 5194 verbis,
3248 5124 3310 5179 et
3336 5113 3563 5177 similia.
3590 5109 3677 5167 Se-

2161 5210 2388 5284 cunde,
2416 5209 2685 5269 maxime
2712 5209 3057 5271 cavendum
3086 5217 3177 5270 est
3210 5228 3247 5271 a
3284 5208 3476 5270 verbis
3492 5206 3673 5264 coutu-

2163 5302 2433 5365 meliosis
2449 5308 2511 5363 et
2538 5304 2875 5382 injuriosis,
2902 5303 3048 5383 quia
3084 5303 3203 5365 hoc
3232 5308 3293 5364 et
3322 5319 3427 5382 per
3452 5312 3509 5357 se
3563 5306 3673 5353 ma-

2162 5396 2295 5457 lum
2319 5402 2431 5472 est,
2463 5401 2528 5457 et
2551 5396 2836 5458 indecens
2862 5397 2929 5456 in
2953 5396 3207 5457 homine
3246 5392 3525 5457 catholico
3564 5394 3671 5447 tam
