3900 6217
598 358 716 425 692

1321 358 1557 416 ntsrur.
1594 358 1721 415 vm.
1758 361 1837 415 DE
1870 356 2208 415 PRAECEPTO
2239 357 2680 417 connectionis
2713 361 3072 417 FRATERNAE.

596 478 691 531 ter
716 469 875 532 ferre
910 468 1174 531 aliorum
1200 464 1545 539 molestias3
1576 480 1725 523 nam
1749 462 1815 523 hi
1844 462 1969 523 duo
1989 468 2159 523 actus
2237 468 2370 523 tum
2401 482 2551 539 esse,
2579 471 2641 525 et
2674 465 3105 527 misericordiae
3130 470 3195 527 et
3219 466 3528 533 charitatis.
3554 474 3644 535 Est
3667 476 3729 541 de

596 563 724 624 fere
769 570 912 623 sunt
960 560 1237 641 ejusdem
1286 558 1566 625 rationis,
1610 564 1670 617 et
1712 556 1813 617 hic
1858 556 2159 617 secundus
2238 555 2381 633 fide,
2412 558 2696 619 Proverb.
2730 561 2806 619 27
2840 581 2854 619 ε
2890 558 3110 621 Melior
3139 567 3228 623 est
3252 565 3546 637 mani-festa
3567 588 3731 632 corre-

596 658 722 717 fere
748 673 1067 735 nunquam
1101 653 1267 713 cadit
1287 653 1355 711 in
1386 657 1785 730 praeceptum,
1814 650 1933 709 nisi
1961 668 2156 729 quan-

594 750 672 810 do
700 749 796 809 vel
824 748 1083 809 includit
1108 747 1405 825 primum,
1437 742 1535 803 vel
1558 744 1933 803 necessarius
1957 748 2049 802 est
2075 742 2155 802 ad

594 843 907 902 vitandam
938 839 1207 920 proximi
1237 837 1555 916 injuriam,
1582 842 1689 896 aut
1716 834 1901 896 aliam
1922 835 2155 895 inordi-

592 936 907 996 nationem
959 939 1173 993 contra
1216 930 1473 991 alteram
1528 931 1841 990 virtutem.
1896 930 1981 989 De
2031 928 2153 988 alio

593 1046 797 1107 opere,
818 1025 981 1106 quod
1003 1032 1095 1087 est
1118 1042 1317 1099 orare,
1342 1022 1671 1082 dicendum
1696 1023 1871 1082 estin
1890 1029 2152 1083 materia

591 1121 666 1181 de
695 1120 992 1199 religione
1026 1124 1067 1181 ¹.
1100 1119 1424 1193 Quartum,
1450 1115 1525 1175 de
1546 1114 1933 1176 consolandis
1961 1114 2152 1175 afflic-

598 1214 697 1289 tis,
734 1213 893 1274 nihil
921 1211 1108 1273 habet
1139 1210 1492 1289 proprium,
1528 1215 1753 1287 praeter
1778 1206 2152 1286 generaliter

588 1305 756 1366 dicta
790 1305 866 1365 de
894 1305 1286 1383 eleemosyna
1314 1302 1638 1381 corporali,
1672 1319 1840 1375 nam,
1868 1300 2010 1360 licet
2031 1300 2148 1359 hoc

588 1416 743 1477 opus
762 1398 838 1459 ad
859 1398 1131 1457 animam
1158 1396 1485 1475 pertineat,
1512 1400 1723 1454 tamen
1745 1393 2050 1472 praecipue
2071 1389 2149 1451 ad

590 1491 861 1570 corporis
890 1491 1313 1551 necessitatem
1342 1493 1595 1567 spectat.
1642 1486 1932 1565 Superest
1961 1485 2149 1563 igitur

590 1584 863 1646 dicamus
906 1583 984 1644 de
1039 1583 1311 1643 fraterna
1364 1581 1740 1643 correctione
1774 1624 1795 1654 ‚
1850 1579 1929 1641 ad
1979 1577 2148 1658 quod

588 1680 774 1739 etiam
816 1677 1243 1737 revocabimus
1292 1675 1438 1750 duo,
1491 1674 1815 1735 consilium
1862 1672 2030 1746 dare,
2083 1679 2144 1733 et

588 1772 803 1833 docere
826 1815 845 1846 ,
878 1770 943 1831 in
970 1769 1194 1850 quibus
1224 1768 1541 1848 generales
1564 1767 1796 1844 regulae
1824 1765 2144 1827 necessita-

584 1868 665 1927 tis
697 1866 986 1944 proximi,
1036 1873 1097 1924 et
1131 1863 1442 1923 facultatis
1478 1862 1791 1940 operantis
1826 1859 2145 1921 servandae

584 1964 729 2019 sunt
741 1973 762 2034 3
793 1958 896 2018 sed
919 1958 1065 2036 quia
1094 1956 1423 2035 applicatio
1446 1970 1659 2015 earum
1680 1954 1745 2013 in
1767 1953 2146 2013 correctione

583 2050 857 2111 fraterna
904 2048 1091 2110 habet
1136 2048 1463 2129 specialem
1512 2046 1959 2119 difficultatem,
2002 2044 2142 2104 ideo

584 2146 661 2205 de
688 2144 805 2204 hoc
836 2143 1181 2222 specialiter
1206 2148 1405 2220 agunt
1429 2140 1744 2218 Theologi.
1778 2140 2010 2211 Terti0,
2053 2142 2145 2197 est

586 2236 1061 2316 supponendum
1099 2235 1407 2315 duplicem
1448 2252 1574 2295 esse
1604 2232 1871 2312 proximi
1903 2248 2145 2291 correc-

587 2329 856 2390 tionem:
902 2328 1155 2388 alteram
1192 2328 1571 2407 judicialem,
1608 2343 1747 2406 quae
1777 2325 1850 2385 fit
1883 2326 1986 2385 via
2034 2342 2144 2402 pu-

585 2422 769 2495 blica,
803 2429 861 2483 et
890 2422 1089 2483 tendit
1114 2439 1238 2482 non
1260 2428 1387 2481 tam
1408 2422 1475 2481 in
1496 2420 1626 2499 ejus
1648 2418 2144 2480 emendationem

586 2516 695 2595 qui
728 2516 1080 2594 corrigitur,
1112 2532 1296 2594 quam
1328 2514 1395 2573 in
1422 2512 1889 2590 castigationem
1916 2517 1980 2569 et
2007 2526 2145 2588 poe-

584 2626 729 2668 nam
759 2606 839 2668 ob
866 2626 1191 2668 commune
1224 2608 1477 2667 honum.
1531 2605 1800 2666 Alteram
1830 2603 2140 2663 charitati-

586 2718 747 2776 vam,
788 2702 962 2780 cujus
990 2701 1132 2761 finis
1160 2707 1251 2761 est
1286 2699 1517 2760 bonum
1543 2705 1605 2760 et
1630 2699 1982 2759 emendatio
2009 2696 2142 2775 ejus

584 2796 692 2872 qui
721 2795 1075 2874 corrigitur,
1116 2794 1179 2853 in
1209 2811 1333 2872 qua
1356 2799 1609 2873 possunt
1637 2789 1817 2852 multi
1846 2796 2020 2850 actus
2047 2791 2140 2851 in-

584 2889 913 2963 tercedere,
960 2888 1037 2947 de
1065 2886 1289 2967 quibus
1317 2886 1519 2967 primo
1544 2884 1615 2945 in
1640 2901 1889 2962 genere,
1920 2882 2141 2943 deinde

582 2978 901 3057 sigillatim
935 2979 1233 3041 dicemus.

1214 3182 1429 3235 SEGTIO
1463 3184 1503 3235 Ι.

591 3356 811 3421 Utrum
852 3358 963 3421 hac
1002 3358 1287 3433 fraterna
1328 3354 1615 3509 cogrectio
1657 3354 1835 3417 cadat
1877 3352 1943 3415 in
1973 3372 2140 3433 proe-

1271 3466 1372 3529 cep
1440 3493 1455 3508 .

663 3641 722 3698 1.
774 3638 1178 3712 Quorumdam
1216 3653 1407 3699 error.
1458 3666 1535 3681 --
1574 3634 1821 3715 Pelayii
1854 3652 2044 3706 mor,
2073 3636 2142 3697 de

576 3750 689 3813 quo
717 3750 790 3794 ea·
808 3738 1078 3813 professo
1108 3736 1251 3793 tom.
1285 3733 1311 3789 1
1349 3730 1417 3791 de
1448 3728 1691 3792 Gratia.
1709 3728 1935 3789 -Etsi
1965 3745 2142 3788 voca-

576 3826 721 3886 bula
750 3824 1054 3904 correptio·
1068 3830 1128 3885 et
1165 3821 1443 3886 correctio
1471 3822 1538 3882 in
1566 3822 1769 3901 rigore
1798 3822 2140 3881 distinctio-

575 3936 716 3978 nem
746 3916 1041 3992 habeant,
1071 3934 1259 3995 quam
1291 3915 1499 3993 attigit
1526 3914 1921 3993 Augustinus,
1955 3913 2064 3973 lib.
2101 3916 2126 3973 l

574 4011 651 4072 de
680 4010 885 4081 civit„
913 4028 1047 4091 cap.
1080 4011 1141 4083 9,
1175 4008 1339 4088 quod
1376 4008 1677 4087 correptio
1712 4006 2136 4087 reprehensio-

574 4122 719 4165 nem
754 4104 979 4178 solum,
1010 4102 1305 4163 correctio
1343 4108 1552 4163 autem
1590 4100 1919 4162 emendam
1948 4101 2137 4161 simul

571 4200 894 4276 importet,
932 4196 1228 4275 Theologi
1254 4203 1462 4257 tamen
1494 4195 1839 4275 promiscue
1867 4194 1941 4254 iis
1971 4193 2136 4254 voci-

570 4290 688 4350 bus
733 4296 1016 4361 utuntur,
1058 4288 1305 4367 quando
1352 4288 1428 4349 de
1476 4288 1595 4348 hoc
1632 4293 1772 4349 actu
1822 4286 2137 4347 charitatis

571 4382 908 4462 disputant.
946 4382 1088 4443 Fuit
1114 4382 1307 4460 igitur
1336 4400 1525 4449 error,
1558 4380 1725 4440 hunc
1769 4385 1976 4440 actum
2007 4398 2135 4440 non

569 4476 767 4537 solum
808 4493 935 4535 non
974 4492 1101 4535 esse
1130 4482 1526 4553 praeceptum,
1552 4474 1656 4533 sed
1684 4492 1813 4534 esse
1842 4474 2130 4545 otiosum,

570 4568 717 4648 quia
757 4568 889 4628 sine
927 4568 1126 4645 gratia
1156 4568 1259 4627 Dei
1302 4567 1494 4627 frater
1522 4583 1649 4626 non
1696 4572 1898 4645 potest
1924 4584 2131 4627 emen-

570 4662 726 4733 dari,
758 4662 1001 4722 etiamsi
1038 4662 1381 4740 corrigatur
1391 4677 1410 4737 3
1444 4667 1506 4722 et
1533 4662 1585 4721 si
1613 4662 1811 4739 gratia
1841 4661 2020 4727 adsit.
2057 4661 2132 4720 li-

568 4761 665 4815 cet
709 4772 835 4815 non
882 4756 1255 4833 corrigatur,
1301 4753 1751 4815 emendabitur.
1804 4752 1896 4814 Ad
1945 4772 2132 4831 quem

569 4866 838 4909 errorem
868 4848 1191 4909 vitandum
1220 4846 1519 4926 Pelagine,
1547 4854 1617 4906 ut
1640 4846 1970 4906 utilitatem
1996 4864 2130 4907 cor-

566 4940 854 5002 rectionis
898 4946 1197 5015 tueretur,
1230 4944 1442 5018 gratiae
1474 4940 1897 5001 necessitatem
1942 4958 2132 5015 nega·

566 5031 689 5109 vit3
730 5042 791 5093 et
842 5033 919 5095 ad
970 5034 1309 5093 docendam
1359 5035 1522 5093 viam
1572 5032 1839 5093 mediam
1890 5033 2132 5111 scripsit

565 5126 945 5202 Augustinus
974 5126 1162 5185 libros
1188 5125 1263 5185 de
1294 5126 1681 5185 Correctione
1708 5132 1771 5184 et
1797 5126 2019 5202 gratia.

644 5220 707 5278 2.
751 5218 975 5279 Prima
1002 5216 1323 5281 conclusio.
1349 5248 1432 5263 -
1453 5218 1557 5280 Aa
1582 5219 1999 5281 hoereticorum
2027 5234 2128 5279 ar·

560 5316 927 5395 omentum.
954 5344 1038 5357 —-
1063 5312 1209 5372 Dico
1240 5313 1439 5391 primo
1466 5312 1631 5372 hunc
1663 5318 1871 5373 actum
1906 5312 2130 5371 hones-

648 5502 666 5536 ¹
708 5496 983 5559 Habetur
1008 5496 1116 5559 lib.
1166 5501 1186 5561 l
1226 5498 1303 5559 de
1332 5498 1643 5575 Oratione,
1675 5514 1811 5577 cap.
1846 5498 1943 5558 16.

2230 648 2385 729 pti0‚
2414 670 2595 731 quom
2623 672 2793 715 amor
2815 653 3085 715 abscond.
3101 660 3201 717 tus
3217 680 3244 727 ,·
3268 654 3476 719 Eccles.
3503 661 3601 722 29:
3626 664 3732 725 Me-

2237 744 2358 806 lius
2411 750 2506 807 est
2543 764 2580 807 a
2633 746 2900 827 sapiente
2945 746 3190 829 corripi,
3239 766 3409 828 quam
3455 754 3732 819 stultorum

2233 837 2577 901 adulatione
2607 836 2796 918 decipi
2815 863 2839 910 ;
2869 838 3094 901 EccleS.
3133 841 3247 901 19:
3281 842 3393 915 Qui
3426 845 3539 907 odit
3579 866 3734 911 corre-

2231 929 2490 1009 ptionem
2510 975 2525 1004 ‚
2577 932 2886 993 minuetur
2939 933 3090 1002 vita,
3141 942 3298 1007 etc.;
3345 936 3552 997 Psalm.
3600 943 3730 1001 140:

2237 1021 2531 1103 Corripiet
2585 1042 2676 1085 me
2718 1025 2936 1103 justus
2989 1026 3058 1085 in
3117 1027 3519 1089 misericordia
3541 1080 3554 1103 ‚
3606 1038 3734 1109 etc.;

2229 1116 2448 1179 Matth.
2471 1118 2562 1193 ,18
2595 1138 2608 1175 :
2647 1116 2730 1181 Si
2775 1119 3116 1198 peccaverit
3164 1120 3230 1179 in
3277 1123 3331 1181 te
3371 1123 3556 1193 frater
3589 1130 3735 1200 tuus,

2232 1208 2463 1290 corripe
2501 1210 2716 1284 illum,
2751 1220 2910 1287 etc.;
2941 1210 3210 1272 Thessal.
3248 1215 3286 1273 3
3321 1230 3336 1273 :
3365 1214 3562 1277 Nolite
3597 1222 3740 1297 quasi

2227 1299 2538 1365 inimicum
2567 1306 2868 1367 oestae'mare
2899 1303 3268 1381 (hominem,
3301 1306 3540 1379 seilicet,
3566 1309 3739 1371 inobe-

2231 1395 2549 1473 dientem),
2567 1398 2673 1459 sed
2687 1397 2972 1477 corripite
2991 1403 3060 1461 ut
3081 1400 3358 1473 fratrem.
3379 1399 3592 1461 Deinde
3605 1421 3739 1465 com·

2228 1489 2439 1549 munis
2467 1497 2556 1549 est
2583 1487 2792 1550 bacin
2818 1509 2886 1551 re
2915 1491 3235 1551 consensio
3265 1492 3528 1567 Patrum,
3560 1502 3614 1555 et
3636 1514 3736 1557 om-

2228 1580 2404 1641 nium
2446 1589 2611 1643 recte
2651 1582 3090 1658 sentientium3
3133 1583 3281 1643 dum
3327 1604 3451 1645 non
3485 1586 3660 1647 solum
3689 1590 3740 1649 in

2227 1680 2367 1733 actu
2399 1674 2642 1752 signato
2685 1678 2792 1753 (nt
2827 1677 2913 1737 ita
2949 1678 3186 1755 dicam)
3215 1679 3610 1757 corripiendos
3638 1700 3736 1742 esse

2225 1774 2482 1828 monent
2512 1776 2809 1844 erranteS,
2831 1770 2936 1831 scd
2965 1772 3152 1831 etiam
3172 1771 3325 1831 «lum
3352 1772 3420 1831 in
3446 1780 3574 1832 actu
3601 1792 3736 1836 exer-

2227 1860 2350 1919 cito
2369 1862 2498 1921 suis
2519 1864 2937 1939 concionibuS,
2963 1864 3601 1943 exhortationibusque
3623 1869 3739 1928 vitia

2225 1954 2711 2033 reprehendunt.
2742 1957 2996 2032 Ultimo,
3028 1959 3267 2018 ratione
3309 1976 3346 2019 a
3372 1959 3552 2036 priori
3577 1966 3740 2019 osteu-

2227 2044 2394 2106 ditur
2435 2048 2782 2126 conclusio,
2820 2068 2964 2109 nam
3016 2049 3132 2111 hoc
3179 2069 3333 2130 opus
3380 2058 3468 2111 est
3509 2052 3739 2113 medium

2225 2158 2332 2217 per
2359 2158 2422 2201 se
2451 2142 2806 2202 ordinatum
2835 2142 2910 2203 ad
2947 2142 3180 2203 bonum
3213 2144 3500 2222 proximi,
3529 2150 3584 2203 et
3609 2145 3672 2203 de
3693 2162 3742 2203 se

2223 2232 2502 2293 sublevat
2529 2235 2840 2296 miseriam
2861 2236 3186 2315 peccantis,
3213 2236 3466 2315 impedit
3491 2237 3743 2296 offensam

2225 2328 2357 2402 Dei,
2386 2334 2448 2387 et
2491 2328 2652 2389 tollit
2689 2329 2826 2390 aliis
2867 2330 3164 2408 proximis
3191 2329 3557 2391 offendicula
3585 2348 3599 2389 ε
3626 2349 3742 2409 ergo

2225 2420 2662 2499 perfectissime
2705 2423 2890 2485 habet
2935 2423 3322 2485 honestatem
3369 2422 3661 2483 charitatis
3697 2434 3743 2484 et

2223 2514 2686 2576 misericordiae.
2733 2518 2939 2596 Neque
2979 2524 3420 2595 argumentum
3469 2517 3742 2577 haerctico-
3855 2546 3857 2587 3

2223 2624 2362 2665 rum
2389 2614 2612 2685 urget3
2645 2611 2846 2687 gratia
2885 2611 3052 2669 enim
3092 2630 3218 2671 non
3263 2616 3470 2669 movet
3505 2610 3744 2669 homines

2222 2706 2290 2759 ut
2325 2700 2584 2779 lapideS,
2617 2702 2722 2761 sed
2773 2702 2954 2763 modo
2996 2702 3454 2765 accommodato
3495 2702 3744 2761 humanae

2220 2799 2456 2855 naturae
2486 2814 2501 2865 ;
2533 2796 2697 2855 unde
2738 2798 3031 2857 correctio
3060 2796 3350 2870 deservit,
3382 2806 3452 2856 ut
3493 2796 3662 2857 homo
3696 2814 3744 2855 se

2220 2886 2506 2967 disponat
2546 2887 2622 2947 ad
2655 2890 2945 2967 gratiam,
2992 2889 3090 2950 vel
3121 2897 3285 2950 certe
3319 2909 3444 2951 non
3474 2896 3647 2968 ponat
3675 2888 3745 2947 illi

2221 2980 2484 3041 obicem.
2507 2981 2740 3042 Deinde
2765 3000 2908 3042 cum
2934 2982 3122 3043 homo
3140 2982 3290 3043 facit
3313 2982 3473 3061 quod
3495 2984 3557 3041 in
3580 3001 3635 3041 se
3655 2987 3743 3055 est,

2219 3074 2605 3152 corrigendO,
2655 3075 2817 3136 Deus
2865 3075 3152 3155 adjungit
3202 3076 3494 3153 gratiam,
3540 3076 3585 3134 si
3621 3073 3747 3133 alter

2219 3185 2348 3227 non
2373 3167 2620 3230 resistit.
2649 3169 2766 3230 Sed
2795 3170 3244 3231 advertendum
3283 3172 3377 3245 (ut
3406 3166 3750 3247 intelligatur

2220 3279 2258 3321 a
2285 3278 2406 3339 qua
2439 3260 2664 3322 virtute
2691 3262 2770 3323 sit
2811 3264 2926 3323 ista
2953 3264 3144 3341 actio)
3174 3262 3240 3323 in
3277 3262 3385 3323 illa
3428 3278 3749 3322 concurrere

2221 3360 2282 3415 et
2310 3352 2692 3415 voluntatem
2720 3356 3118 3436 corripiendi,
3140 3372 3284 3435 quae
3308 3360 3503 3435 potest
3528 3374 3645 3415 esse
3667 3354 3752 3415 cli·

2223 3446 2344 3507 cita
2386 3466 2421 3509 a
2465 3449 2908 3524 misericordia,
2940 3456 3004 3511 et
3047 3450 3356 3529 imperata
3387 3468 3424 3509 a
3468 3448 3748 3520 charitate,

2225 3547 2288 3601 et
2317 3548 2526 3601 actum
2567 3541 2909 3603 intellectus
2941 3561 3048 3621 per
3083 3542 3484 3622 prudentiam
3515 3541 3750 3619 dirigen-

2221 3640 2350 3695 tem
2371 3636 2737 3697 exteriorem
2763 3637 3224 3697 correctionem.
3251 3636 3413 3697 Nam
3433 3636 3496 3695 in
3513 3634 3619 3695 hoc
3636 3640 3750 3693 actu

2220 3745 2345 3787 non
2375 3728 2577 3789 solum
2605 3730 2910 3790 concurrit
2937 3730 3290 3809 prudentia,
3318 3736 3391 3791 ut
3425 3728 3752 3789 antecedens

2219 3820 2624 3898 voluntatem,
2650 3824 3015 3903 imperando
3045 3830 3114 3883 ut
3140 3823 3290 3885 velit
3323 3822 3636 3901 corrigere,
3664 3820 3749 3881 sed

2218 3916 2407 3976 etiam
2457 3917 2768 3977 concurrit
2817 3916 3244 3996 subsequendo
3269 3962 3292 3992 ,
3341 3917 3485 3995 quia
3528 3918 3752 3995 ipsa-met

2215 4009 2509 4070 correctio
2555 4010 2736 4071 debet
2795 4010 3128 4089 prudenter
3172 4008 3337 4083 fieri,
3375 4008 3428 4069 si
3477 4027 3512 4067 a
3557 4008 3748 4066 virtute

2217 4107 2341 4178 est;
2384 4108 2446 4163 et
2478 4102 2640 4177 iden,
2677 4103 2782 4182 qui
2840 4102 2973 4163 vult
3024 4102 3360 4179 corrigere,
3411 4117 3636 4161 necesse
3674 4102 3747 4158 cst

2217 4195 2521 4273 applicare
2555 4195 2946 4275 prudentiam
2979 4196 3054 4255 ad
3088 4196 3290 4273 ipsum
3315 4200 3523 4255 actum
3549 4208 3745 4252 correc-

2217 4288 2428 4363 tionis,
2473 4294 2725 4369 propter
2767 4290 2934 4368 quod
2985 4289 3143 4349 dixit
3197 4288 3544 4367 CajetanuS,
3587 4286 3641 4345 2.
3686 4283 3743 4355 2,

2215 4392 2434 4461 quaest.
2470 4384 2570 4458 33,
2603 4382 2848 4443 articul.
2876 4387 2933 4459 l,
2967 4382 3136 4443 hunc
3163 4389 3376 4442 actum
3410 4380 3545 4440 elici
3570 4397 3604 4438 a
3627 4394 3747 4456 pru·

2215 4477 2446 4551 dentia,
2475 4483 2536 4537 et
2562 4476 2860 4553 imperari
2885 4494 2922 4534 a
2951 4474 3396 4547 misericordia,
3427 4472 3584 4551 quod
3611 4486 3749 4549 spec-

2215 4575 2306 4629 tat
2327 4570 2404 4629 ad
2431 4568 2686 4629 modum
2709 4568 3022 4647 loquendi.
3045 4569 3200 4629 Nam
3229 4585 3332 4627 res
3361 4568 3494 4645 ipsa
3517 4568 3744 4629 constat,

2211 4663 2291 4722 ad
2321 4681 2509 4741 quam
2537 4668 2700 4722 certe
2730 4664 2996 4721 maxime
3028 4666 3280 4741 spectat,
3305 4667 3378 4719 ut
3407 4660 3470 4720 in
3491 4658 3601 4717 hoc
3623 4661 3745 4715 actu

2211 4755 2687 4815 circumstantiae
2726 4756 3092 4833 prudentiae,
3133 4762 3194 4814 et
3222 4752 3476 4833 spiritus
3506 4748 3748 4811 lenitatis

2211 4849 2634 4909 observentur.
2663 4847 2818 4909 Vide
2845 4847 3027 4908 Basil.
3059 4847 3126 4907 in
3155 4847 3218 4906 id
3263 4844 3486 4905 Psalm.
3524 4845 3595 4904 14
3627 4858 3641 4900 ε
3672 4838 3748 4900 Et

2213 4944 2596 5022 opprobrium
2632 4961 2749 5005 non
2781 4943 3030 5024 accepit,
3058 4942 3390 5017 dicentem,
3429 4940 3622 5001 debere
3647 4950 3750 4997 esse

2211 5037 2630 5097 correctionem
2655 5037 2786 5098 sine
2821 5036 2952 5099 ulla
2985 5036 3475 5115 exprobratione
3504 5036 3563 5092 et
3589 5043 3750 5107 supra

2209 5127 2471 5201 dixerat,
2503 5128 2983 5197 benevolentiam,
3027 5126 3226 5209 potius
3265 5144 3452 5207 quam
3493 5120 3748 5185 severita-

2210 5226 2348 5293 tem,
2393 5220 2877 5295 cohortationem,
2918 5239 3097 5301 quam
3139 5218 3594 5287 commotionem,
3633 5213 3748 5275 eha-

2207 5314 2488 5387 ritatem,
2533 5332 2713 5394 quam
2749 5320 3124 5394 potestatam,
3161 5331 3282 5376 esse
3325 5308 3744 5375 ostendendam-

2207 5406 2285 5466 Et
2325 5406 2544 5466 eodem
2595 5407 2780 5467 modo
2828 5406 3168 5486 loquuntur
3211 5406 3649 5475 Nazianzenus,
3692 5399 3748 5457 in

2209 5503 2364 5561 orat.
2415 5496 2492 5559 de
2536 5500 2956 5563 Moderatione
2995 5500 3064 5561 in
3107 5496 3616 5579 disputationibus
3655 5492 3749 5553 ha-
