3900 6217
527 351 646 428 788
1903 361 2095 423 mnax
2126 365 2355 424 nanum.

1053 484 1332 532 sontiates,
1355 485 1564 525 sunaus.

530 550 582 598 1.
616 544 916 599 Judaeorum
964 545 1213 610 proprius
1257 559 1407 600 error
1445 546 1808 609 convincitur,
1851 552 2001 600 tract.
2037 551 2084 608 1,

593 624 732 688 disp.
757 626 804 681 4,
831 629 959 675 sect.
990 627 1035 682 4,
1067 635 1120 674 n.
1149 626 1176 673 ⁴
1206 629 1254 674 et
1281 629 1325 674 5.

527 706 577 751 2.
612 700 806 753 Judaeis
845 712 940 750 cur
981 706 1034 751 et
1075 698 1270 764 quibus
1314 699 1716 752 limitationibus
1757 700 2090 764 permittatur

594 777 668 829 uti
710 775 822 827 suis
854 776 1042 828 ritibus
1073 775 1125 827 in
1163 775 1318 827 terris
1359 775 1804 836 Christianorum,
1843 783 1993 829 tract.
2035 781 2082 839 1,

589 853 730 917 disp.
759 857 835 911 18,
860 858 988 904 sect.
1018 856 1063 913 ⁴,
1101 865 1155 902 n.
1179 856 1240 902 1ο
1265 856 1314 902 et
1344 855 1420 902 11.

531 933 576 980 8.
615 927 1042 980 Familiaritalem
1076 939 1198 979 cum
1231 927 1426 979 Judaeis
1461 927 1528 978 de
1551 926 1688 980 facto
1713 929 1946 981 Ecclesia
1970 942 2089 996 pro-

594 1004 782 1065 hibuit,
813 1004 1004 1056 eadem
1035 1002 1174 1068 disp.
1202 1005 1282 1060 18,
1309 1009 1438 1056 sect.
1467 1008 1516 1063 6,
1536 1017 1587 1055 n.
1620 1009 1669 1055 6.

589 1079 870 1146 Speciatim
905 1091 1027 1132 cum
1063 1077 1192 1143 ipsis
1224 1077 1553 1141 cohabitare,
1588 1080 1882 1139 convivari,
1904 1093 2090 1146 azyma

587 1155 930 1216 manducare,
964 1168 1018 1207 n.
1044 1159 1091 1207 7.

587 1232 804 1285 Necnon
828 1230 948 1284 illos
972 1231 1026 1282 in
1051 1231 1360 1282 infirmitate
1383 1230 1662 1292 advocare,
1683 1231 1735 1282 in
1759 1232 1970 1286 balneis
1991 1247 2091 1287 co-

590 1307 787 1367 mitari,
810 1313 900 1359 aut
923 1318 1108 1359 eorum
1132 1305 1362 1358 infames
1389 1307 1642 1368 enutrirc,
1676 1321 1728 1358 n.
1755 1313 1802 1360 8.

589 1385 826 1448 Denique
867 1383 1016 1450 ipsos
1055 1381 1314 1444 haeredes.
1349 1388 1442 1436 aut
1477 1383 1758 1452 legatarios
1791 1384 2084 1450 instituere,

585 1474 639 1513 n.
671 1464 716 1513 8.

523 1543 570 1590 ⁴.
607 1536 738 1589 vide
766 1536 926 1589 etiam
959 1536 1126 1590 verbo
1161 1551 1418 1597 instantis,
1446 1548 1480 1588 a
1513 1549 1567 1587 n.
1591 1541 1674 1587 22.

528 1617 574 1666 tl.
598 1612 918 1676 ludaismus.
955 1613 1080 1666 vide
1113 1627 1430 1676 munaum,
1455 1625 1487 1665 a
1517 1625 1572 1665 n.
1609 1617 1684 1664 tc.

1223 1744 1394 1783 sumu.

526 1845 574 1895 1.
619 1841 784 1894 ludex
821 1839 1214 1892 ecclesiasticus
1261 1839 1541 1904 tripliciter
1587 1844 1761 1904 potest
1797 1840 2088 1905 procedere

583 1924 772 1971 contra
793 1916 1072 1970 haereticos
1115 1923 1169 1968 et
1217 1916 1355 1968 alios
1396 1915 1786 1980 delinquentes,
1833 1923 1984 1969 tract.
2036 1922 2083 1979 1,

586 1995 724 2059 disp.
761 1997 842 2056 20,
864 1997 993 2044 sect.
1027 1993 1072 2052 4,
1109 2004 1162 2042 n.
1191 1995 1240 2052 1,
1263 1990 1388 2044 vide
1412 2005 1756 2043 nuncnunc.

1175 2120 1422 2159 sumemu-

523 2223 571 2274 1.
605 2218 870 2272 Judicium
899 2215 1286 2276 credibilitatiS.
1321 2215 1444 2269 vide
1473 2231 1822 2269 cuntium-ns.

524 2300 572 2345 2.
607 2294 868 2347 ludicium
921 2293 1172 2359 praevium
1209 2291 1280 2344 ad
1329 2293 1558 2358 primam
1591 2292 1922 2346 voluntatem
1970 2305 2091 2346 cre-

585 2369 749 2422 dendi
771 2375 852 2421 est
878 2367 1122 2422 naturale
1142 2367 1196 2419 in
1227 2379 1325 2420 sua
1352 2367 1674 2428 substantia,
1701 2373 1854 2420 tract.
1879 2372 1926 2429 1,
1949 2369 2087 2433 disp.

583 2449 631 2506 6,
657 2452 786 2498 sect.
819 2449 865 2505 8,
892 2458 947 2495 n.
983 2449 1062 2496 12.

585 2519 664 2573 Ad
689 2520 818 2572 illud
862 2519 1114 2572 accedere
1157 2518 1317 2572 debet
1345 2519 1774 2586 supernaturalis
1813 2519 2094 2574 illustratio

588 2597 814 2658 interna,
849 2601 1007 2648 η.13.

585 2675 702 2728 Non
731 2673 946 2738 quidem
970 2673 1038 2725 ad
1063 2672 1404 2726 formandum
1441 2672 1570 2726 illud
1596 2672 1876 2737 iudicium,
1903 2674 1999 2726 sed
2020 2673 2091 2726 ad

586 2750 965 2816 adjuvandum,
1005 2757 1063 2803 ut
1082 2751 1270 2803 excitet
1292 2751 1618 2804 voluntatem
1645 2751 1896 2804 credendi
1921 2751 2090 2804 chris·

589 2829 932 2888 fiane‚n.1⁴.

1214 2903 1407 2944 sumre.

528 2978 709 3032 Judith
759 2978 1032 3044 quomodo
1077 2991 1184 3030 non
1241 2979 1537 3044 peccaverit
1588 2987 1805 3045 peccato
1851 2980 2088 3035 scandali

591 3065 720 3120 erga
751 3053 1114 3117 Holoferncm,
1143 3058 1294 3107 tract.
1327 3059 1373 3116 3,
1399 3055 1541 3119 disp.
1573 3059 1652 3120 1ο,
1677 3064 1804 3109 sect.
1835 3061 1880 3118 3,
1911 3070 1965 3109 n.
1990 3061 2038 3110 6.

1139 3185 1295 3223 sunu
1302 3186 1482 3223 BNTUU·

532 3287 579 3336 1.
626 3281 990 3336 Juramentum
1034 3281 1088 3332 in
1125 3281 1230 3334 Deo
1271 3281 1476 3335 nullam
1519 3281 1828 3346 s.1peraddit
1860 3283 2095 3336 auctori-

593 3363 756 3412 tatem
777 3356 1008 3423 simplici
1037 3358 1152 3422 ejus
1174 3356 1337 3417 dicto.
1371 3362 1520 3410 tract.
1546 3361 1593 3420 1,
1622 3357 1761 3422 disp,
1793 3363 1840 3420 3,
1879 3365 2008 3412 sect.
2044 3363 2092 3422 5,

600 3447 652 3486 n.
677 3438 724 3484 a.

1159 3547 1473 3587 scatente-no.
1501 3595 1511 3603 ,

542 3669 589 3718 1.
626 3661 1019 3717 Jurisdietionis
1067 3667 1330 3728 potestate
1371 3673 1480 3716 non
1511 3663 1684 3716 solum
1729 3664 2099 3718 ecclesiastieae

598 3742 653 3793 in
687 3745 918 3804 utroque
959 3741 1106 3799 toro,
1146 3737 1246 3791 sed
1289 3739 1447 3790 etiarn
1478 3739 1650 3790 civilis
1691 3747 1744 3791 et
1787 3741 2098 3806 temporalis

599 3817 875 3884 privantur
902 3815 1153 3876 haeretici,
1177 3821 1329 3868 tract.
1355 3819 1406 3875 1,
1427 3813 1566 3879 disp.
1594 3818 1673 3874 21,
1696 3821 1824 3868 sect.
1855 3821 1900 3876 5,
1937 3830 1991 3869 n.
2018 3818 2095 3869 12.

541 3895 590 3944 2.
625 3891 1004 3945 iurisdictione
1031 3890 1390 3942 ecclesiastica
1413 3890 1651 3955 privatur
1679 3891 1964 3945 haereticus
2002 3907 2101 3958 per

599 3967 887 4020 Ecclesiam
929 3965 1046 4018 solo
1087 3965 1208 4030 jure
1247 3965 1836 4028 excommunicationis,
1875 3966 2097 4030 ibidem,

599 4057 658 4098 n.
689 4047 765 4095 18.

542 4126 591 4178 s,
621 4119 910 4172 Haereticus
927 4117 1168 4170 occultus
1190 4129 1288 4182 per
1306 4115 1572 4178 accidens,
1597 4116 1834 4182 privatur
1851 4118 2097 4183 jurisdic-

602 4196 748 4249 tione
773 4193 950 4259 quoad
971 4203 1046 4252 se,
1081 4192 1197 4257 ipso
1223 4193 1365 4257 jure,
1395 4205 1503 4260 non
1530 4199 1704 4246 autem
1736 4193 1913 4260 quoad
1942 4193 2094 4258 alios,

601 4270 705 4324 nisi
735 4276 858 4334 post
888 4266 1325 4330 declarationem,
1363 4267 1492 4320 ibid.

541 4350 594 4398 ⁴.
621 4343 923 4397 lurisdictio
943 4354 1196 4408 suprema
1217 4355 1380 4408 penes
1397 4355 1536 4408 quos
1563 4343 1651 4406 sit,
1691 4352 1844 4399 tract.
1867 4351 1914 4409 a,
1950 4347 2093 4412 disp.

603 4419 815 4482 ultima,
842 4424 970 4472 sect.
1006 4420 1054 4480 2,
1085 4431 1140 4470 n.
1178 4422 1224 4470 ⁴.

1283 4545 1340 4619 L

1221 4707 1394 4748 ulcus
1401 4734 1413 4745 .

549 4802 596 4852 1.
633 4796 772 4850 Laici
803 4794 869 4848 ad
887 4805 1046 4859 quam
1071 4793 1195 4847 fidet
1217 4795 1456 4847 notitiam
1482 4801 1762 4850 teneantur
1779 4811 1842 4852 ex
1863 4813 2101 4868 praecep-

607 4881 680 4934 to,
709 4878 859 4925 tract.
895 4875 943 4932 1,
965 4871 1161 4935 disput.
1195 4875 1274 4931 13,
1299 4877 1428 4924 sect.
1451 4875 1497 4931 6,
1527 4885 1581 4924 n.
1605 4875 1649 4924 7.

548 4953 598 5000 2.
623 4949 794 5000 Laicis
816 4946 1103 5013 disputatio
1123 4952 1309 4998 contra
1333 4945 1611 5000 haereticos
1634 4948 1930 5014 interdicta,
1948 4957 2096 5006 tract.

613 5030 660 5084 1,
687 5023 828 5087 disp.
863 5025 944 5081 20,
975 5027 1102 5073 sect.
1126 5025 1172 5082 1,
1206 5035 1255 5072 n.
1281 5025 1310 5070 9
1339 5027 1392 5073 ct
1421 5025 1499 5072 10.

551 5105 598 5152 a.
633 5097 765 5162 Quid
792 5098 860 5149 de
883 5095 1018 5148 laico
1039 5095 1274 5160 alioquin
1300 5095 1476 5158 docto,
1505 5111 1559 5149 n.
1583 5101 1661 5150 11.

553 5182 600 5227 a.
627 5175 902 5226 Laicornrn
933 5185 1056 5225 cum
1093 5170 1352 5224 haereticis
1379 5172 1762 5238 disputantium
1799 5184 1997 5241 quanta
2036 5176 2129 5232 sit'

607 5251 782 5315 culpa.
807 5255 859 5300 ct
883 5246 1058 5312 qualis
1079 5260 1325 5307 censura,
1363 5247 1514 5310 ibid„
1540 5263 1595 5300 n.
1625 5254 1705 5303 12.

607 5325 764 5378 Liber
781 5323 1097 5384 canonicus,
1119 5321 1243 5375 vide
1263 5333 1544 5377 mainan.

1064 5452 1188 5490 unat
1218 5453 1252 5490 R
1269 5453 1592 5493 tfassrtcoamt.

556 5555 602 5601 1.
637 5548 714 5601 Ad
735 5546 903 5599 libros
923 5545 1292 5598 haereticorum
1313 5553 1366 5598 et
1392 5546 1760 5612 prohibendos
1787 5555 1840 5602 et
1874 5551 2101 5604 combu-

2235 470 2438 525 rendos
2465 477 2547 525 est
2580 471 2647 524 in
2670 472 2901 526 Ecclesia
2931 477 3182 538 potestas,
3217 481 3363 528 tract.
3399 479 3445 540 1,
3467 473 3596 542 disp.
3627 485 3688 542 20,

2232 554 2360 600 sect.
2386 553 2437 610 2,
2459 562 2511 599 n.
2533 551 2581 600 ⁴.

2171 627 2216 674 2.
2255 624 2393 674 Libri
2430 625 2819 684 haereticorum,
2847 626 3074 679 maxime
3116 626 3169 676 in
3206 625 3355 678 Bulla
3393 629 3574 688 Coenae,
3610 631 3690 684 sub

2232 700 2448 764 speciali
2474 713 2699 752 censura
2724 701 3089 765 prohibentur,
3120 702 3267 767 ibid,
3294 716 3329 754 n
3388 708 3433 754 8.

2233 779 2309 826 An
2332 776 2489 828 etiam
2527 791 2649 842 pars
2675 777 2811 839 libri,
2850 791 2904 829 n.
2927 785 2972 827 9.

2230 851 2381 913 Quid,
2405 853 2619 917 quando
2648 853 2858 907 tiberin
2885 855 3061 922 plures
3084 864 3256 909 tomos
3276 855 3556 921 partiatur.
3584 857 3688 910 ibid.

2170 933 2215 978 3.
2256 928 2609 981 prohibentur
2632 929 2748 982 libri
2771 930 3144 984 haereticorum
3172 933 3536 996 manuscripti,
3562 939 3688 988 n.1⁰.

2232 1003 2365 1065 Quid
2384 1005 2453 1057 de
2473 1004 2621 1058 brevi
2650 1005 2936 1072 Scriptura,
2960 1014 3016 1060 ut
3032 1008 3312 1071 concione,
3356 1007 3590 1074 epistola,
3610 1021 3689 1064 etc.

2236 1079 2367 1131 ibid.

2171 1159 2217 1203 ⁴.
2255 1153 2408 1206 Liber
2430 1155 2660 1208 haeretici
2698 1169 2804 1210 non
2846 1157 3081 1210 damnati
3128 1159 3185 1212 in
3218 1160 3369 1212 Bulla
3394 1161 3563 1214 Coenae
3586 1173 3691 1224 pro-

2235 1227 2465 1292 hibetur,
2493 1243 2546 1283 n.
2571 1234 2627 1283 11
2654 1245 2667 1295 ;
3205 1295 3217 1300 Π

2231 1304 2343 1356 Non
2365 1313 2541 1358 autem
2564 1305 2795 1359 infidelis
2824 1321 2933 1361 non
2957 1308 3222 1375 baptizati,
3248 1309 3381 1361 ibid.

2170 1384 2217 1432 5.
2254 1379 2387 1504 Qui}
2431 1381 2499 1434 de
2546 1381 2697 1433 libris
2738 1383 3039 1437 Graecorum
3070 1384 3555 1443 schismaticorum,
3590 1385 3690 1438 ibid.

2236 1468 2289 1505 n.
2394 1495 2405 1504 .

2234 1528 2368 1590 Quid
2400 1530 2467 1583 de
2498 1530 2649 1584 libris
2694 1534 2885 1598 partim
2918 1534 3153 1587 auctoris
3200 1536 3484 1599 catholici,
3534 1541 3691 1602 partim

2242 1605 2495 1667 haeretici,
2526 1620 2581 1659 n.
2606 1612 2683 1670 13,

2167 1686 2216 1732 6.
2254 1681 2385 1744 Quid
2424 1681 2493 1734 de
2535 1679 2672 1737 libro
2711 1686 2943 1738 auctoris
2984 1687 3199 1752 quidem
3236 1689 3483 1742 catholici
3530 1691 3582 1743 in
3608 1705 3693 1757 quo

2232 1763 2409 1809 tamen
2442 1759 2660 1812 haeresis
2686 1760 2865 1814 forsan
2901 1764 3185 1828 reperitur,
3204 1777 3259 1816 n.
3286 1769 3365 1816 14.

2170 1838 2215 1884 ’1.
2248 1835 2307 1886 1η
2328 1833 2473 1886 Bulla
2494 1837 2667 1888 Coenae
2698 1851 2803 1889 non
2826 1851 3015 1892 omnes
3037 1841 3413 1894 haereticorum
3452 1843 3564 1896 libri
3589 1858 3691 1909 pro-

2238 1909 2507 1969 hibentur,
2544 1911 2662 1963 ead.
2687 1920 2813 1964 sect.
2837 1920 2885 1974 2,
2916 1927 2969 1966 n.
3002 1919 3079 1967 15.

2233 1985 2334 2037 Sed
2357 1987 2445 2051 qui
2479 1987 2564 2040 vel
2602 1990 2877 2041 continent
2914 1992 3176 2054 liaeresim,
3208 1994 3296 2045 vel
3327 1992 3605 2046 doctrinam
3640 1996 3694 2050 dc

2235 2062 2493 2126 religione
2516 2068 2757 2119 tractant.
2783 2079 2837 2116 n.
2861 2071 2920 2116 15
2942 2075 2993 2118 ct
3017 2073 3091 2117 16.

2174 2143 2202 2189 8
2255 2138 2397 2189 Libri
2444 2138 2673 2193 haeretici
2730 2142 2903 2206 quatis
2944 2149 2995 2194 et
3036 2151 3235 2208 quanta
3284 2143 3440 2197 lectio
3485 2145 3536 2197 in
3572 2147 3690 2198 Bulla

2234 2213 2409 2266 Coenae
2433 2216 2537 2266 sub
2556 2227 2785 2269 censura
2808 2218 3170 2283 prohibeatur,
3194 2219 3353 2283 ibi-t„
3380 2235 3433 2272 u.
3470 2226 3525 2272 18
3555 2229 3598 2273 et
3620 2227 3685 2272 2ο.

2173 2294 2220 2340 9.
2256 2289 2468 2341 Librum
2504 2291 2809 2344 haereticum
2848 2301 3097 2347 censetur
3133 2295 3311 2362 legere
3340 2297 3433 2360 qui
3467 2295 3693 2362 legentem

2236 2367 2398 2426 audit,
2420 2367 2579 2427 ibid..
2612 2381 2666 2420 n.
2694 2375 2772 2422 19.

2177 2446 2255 2494 1ο.
2294 2442 2513 2496 Librum
2558 2447 2863 2498 haereticurn
2913 2447 3069 2499 etiam
3113 2461 3391 2514 nunquam
3430 2449 3691 2517 legendum,

2240 2518 2382 2582 apud
2406 2527 2476 2579 te,
2508 2519 2589 2572 vel
2620 2521 2802 2582 alium,
2840 2522 2923 2574 vel
2968 2523 3125 2575 etiam
3169 2533 3227 2576 ut
3260 2525 3407 2577 illum
3452 2525 3693 2592 impugnes

2238 2595 2490 2657 retinere,
2519 2597 2569 2647 in
2592 2597 2739 2649 Bulla
2760 2598 2935 2650 Coenae
2956 2599 3286 2664 prohibetur,
3316 2614 3370 2652 n.
3404 2606 3481 2652 21.

2176 2674 2253 2721 11.
2291 2672 2371 2721 An
2402 2672 2633 2735 parvitas
2655 2672 2775 2724 libri
2798 2675 3007 2730 retenti.
3044 2675 3127 2727 vel
3154 2688 3309 2728 mora
3350 2676 3400 2727 in
3448 2675 3689 2728 retinendo

2234 2753 2446 2799 excuset
2470 2761 2502 2798 a
2534 2749 2766 2811 mortali,
2786 2763 2933 2802 num.
2964 2754 3041 2802 22.

2172 2827 2249 2874 12.
2274 2822 2487 2875 Librum
2510 2825 2817 2878 haereticum
2844 2826 3057 2891 propria
3078 2827 3395 2881 auctoritate
3416 2829 3689 2880 comburere

2236 2913 2303 2952 an
2332 2901 2573 2958 sufficiat.
2590 2906 2680 2954 aut
2709 2901 2999 2954 tradendus
3023 2903 3093 2954 sit
3118 2904 3297 2967 potius
3318 2903 3691 2969 Inquisitoribus

2236 2984 2291 3029 ut
2312 2975 2672 3035 comburatur.
2700 2989 2752 3028 n.
2782 2981 2859 3029 2³.

2172 3058 2250 3105 13.
2286 3053 2503 3105 Librum
2534 3053 2840 3106 haereticum
2886 3053 3196 3119 imprimere
3225 3057 3418 3108 eadem
3444 3055 3578 3108 Bulla
3596 3055 3689 3108 (2oe-

2236 3141 2321 3182 nae
2367 3129 2724 3192 interdicitur,
2780 3135 2835 3182 et.
2878 3132 2967 3195 qui
3015 3138 3307 3184 censentur
3344 3131 3687 3196 imprimentes,

2239 3219 2293 3258 n.
2320 3209 2401 3256 24.

2176 3285 2254 3335 14.
2290 3283 2417 3333 ltem
2445 3280 2638 3334 librum
2674 3281 2979 3335 haereticum
3022 3295 3117 3334 seu
3154 3283 3387 3348 publice.
3417 3297 3508 3337 seu
3545 3284 3691 3350 priva-

2240 3358 2357 3418 tim,
2387 3357 2577 3420 quovis
2604 3358 2826 3421 quaesito
2854 3358 3035 3410 colore
3056 3357 3366 3422 defendere,
3403 3373 3452 3413 n.
3475 3365 3547 3411 25.

2248 3437 2387 3498 Quas
2408 3447 2665 3500 personas
2684 3435 2829 3488 dicta
2858 3435 3096 3488 clausula
3121 3435 3203 3488 vel
3225 3448 3453 3489 censura
3484 3447 3689 3502 compre-

2238 3509 2456 3570 hendat,
2494 3509 2644 3572 ibid„
2677 3524 2708 3562 a
2734 3524 2790 3562 n.
2813 3515 2891 3563 26.

2179 3590 2256 3638 15.
2296 3586 2371 3638 Ad
2420 3587 2587 3639 libros
2629 3587 2682 3639 in
2730 3587 2876 3639 Bulla
2908 3589 3084 3642 coenae
3130 3590 3543 3654 comprehensos
3580 3589 3691 3652 Papa

2241 3660 2369 3714 dare
2398 3668 2573 3726 potest
2610 3661 2928 3724 facultatem,
2960 3677 3014 3715 n.
3044 3667 3123 3715 27.

2240 3737 2519 3798 Quomodo
2548 3736 2888 3802 intelligenda
2913 3738 3025 3792 haec
3062 3739 3302 3804 facultas,
3344 3741 3389 3792 si
3435 3740 3514 3793 cui
3544 3739 3689 3800 detur,

2242 3827 2294 3866 n.
2324 3817 2403 3865 28.

2182 3893 2258 3941 16.
2296 3890 2527 3942 Censura
2582 3889 2695 3942 haec
2736 3888 2789 3941 in
2834 3891 2981 3944 Bulla
3024 3891 3198 3944 Coenae
3234 3893 3342 3946 lata
3368 3893 3578 3960 qualiter
3604 3889 3684 3944 soli

2242 3966 2478 4020 Pontitici
2516 3972 2831 4026 reservetur,
2870 3967 3017 4028 ibid,
3056 3981 3110 4021 n.
3136 3973 3216 4020 29.

2177 4043 2256 4093 17.
2287 4041 2427 4093 Libri
2453 4042 2811 4107 antiquorum,
2848 4043 2903 4094 in
2946 4043 3139 4108 quibus
3168 4045 3393 4098 fortasse
3430 4051 3505 4098 est
3544 4043 3688 4108 aliqua

2241 4115 2482 4181 haeresis,
2514 4131 2621 4171 non
2648 4117 3017 4183 prohibentur,
3050 4119 3202 4182 ibid„
3236 4135 3290 4174 n.
3314 4126 3391 4174 ao.

2760 4499 3151 4540 unumunurm.

2180 4587 2225 4636 1.
2261 4581 2627 4637 Mahometana
2654 4595 2799 4639 secta
2826 4599 2936 4652 prae
2955 4587 3058 4642 tide
3086 4590 3348 4644 catholica
3388 4595 3464 4644 est
3499 4589 3683 4643 omnino

2246 4657 2593 4722 incredibilis,
2618 4665 2770 4715 tract.
2805 4667 2854 4727 1,
2887 4663 3025 4730 disp.
3059 4666 3104 4726 ⁴,
3132 4671 3259 4718 sect.
3289 4670 3337 4728 4,
3368 4679 3401 4718 n
3442 4671 3485 4719 2.

2808 4793 3101 4832 mimum.

2182 4878 2229 4926 1.
2268 4873 2545 4940 majoratus
2566 4875 2709 4930 bona
2730 4891 2799 4929 an
2820 4877 3164 4934 confiscando
3194 4883 3265 4934 ob
3292 4881 3522 4936 hieresim
3542 4875 3679 4932 ultimi

2246 4953 2591 5014 possessoris,
2622 4959 2768 5004 tract.
2808 4958 2853 5015 1,
2879 4954 3014 5020 disp.
3042 4960 3121 5017 22,
3149 4965 3277 5010 sect.
3302 4963 3347 5020 5,
3382 4973 3431 5010 n.
3468 4959 3536 5008 12.

2244 5025 2399 5078 Maria
2423 5027 2591 5093 virg0,
2613 5027 2736 5081 vide
2763 5043 2912 5083 viaco
2934 5033 3111 5084 Mania,

2848 5162 3059 5202 unna.

2183 5255 2230 5302 1·
2267 5253 2533 5314 hlamma,
2553 5254 2749 5319 junctis
2772 5259 3011 5324 martyrii
3034 5258 3273 5325 ipsorum
3296 5253 3675 5314 circumstantiis.

2244 5335 2495 5393 quantam
2522 5329 2643 5383 fidei
2673 5333 2979 5387 christianae
3008 5338 3286 5390 conferant
3304 5335 3673 5392 credibilitatem,

2247 5413 2395 5456 tract.
2426 5409 2472 5467 1,
2500 5405 2639 5472 disp.
2670 5410 2715 5467 4,
2738 5417 2865 5462 sect.
2899 5415 2948 5473 3,
2976 5425 3027 5462 n.
3054 5417 3100 5464 6.

2182 5487 2228 5532 2.
2248 5482 2399 5606 {igis
2420 5484 2580 5533 etiarn
2608 5483 2857 5550 Martyres
2880 5495 2935 5537 nt
2970 5488 3147 5540 multae
3170 5489 3395 5542 haereses
3414 5485 3672 5542 obtendant.

2245 5570 2258 5605 t
2302 5567 2317 5606 t
2362 5595 2375 5607 .
