<?xml version="1.0" encoding="UTF-8"?>
<!DOCTYPE html PUBLIC "-//W3C//DTD XHTML 1.0 Transitional//EN"
    "http://www.w3.org/TR/xhtml1/DTD/xhtml1-transitional.dtd">
<html xmlns="http://www.w3.org/1999/xhtml" xml:lang="en" lang="en">
 <head>
  <title>
</title>
<meta http-equiv="Content-Type" content="text/html;charset=utf-8" />
  <meta name='ocr-system' content='tesseract 3.04.00' />
  <meta name='ocr-capabilities' content='ocr_page ocr_carea ocr_par ocr_line ocrx_word'/>
</head>
<body>
  <div class='ocr_page' id='page_1' title='image "./rpfranciscisuar00duvagoog_0178.png"; bbox 0 0 3900 6217; ppageno 0'>
   <div class='ocr_carea' id='block_1_1' title="bbox 441 343 560 404">
    <p class='ocr_par' dir='ltr' id='par_1_1' title="bbox 441 343 560 404">
     <span class='ocr_line' id='line_1_1' title="bbox 441 343 560 404; baseline 0.017 -2"><span class='ocrx_word' id='word_1_1' title='bbox 441 343 560 404; x_wconf 73' lang='lat'>160</span> 
     </span>
    </p>
   </div>
   <div class='ocr_carea' id='block_1_2' title="bbox 420 449 2002 5544">
    <p class='ocr_par' dir='ltr' id='par_1_2' title="bbox 429 449 2002 3120">
     <span class='ocr_line' id='line_1_2' title="bbox 517 449 1998 516; baseline -0.001 -4"><span class='ocrx_word' id='word_1_2' title='bbox 517 451 578 512; x_wconf 90' lang='grc'>8.</span> <span class='ocrx_word' id='word_1_3' title='bbox 610 449 922 514; x_wconf 68' lang='lat' dir='ltr'>Probatur</span> <span class='ocrx_word' id='word_1_4' title='bbox 947 453 1124 515; x_wconf 79' lang='lat' dir='ltr'>lertio</span> <span class='ocrx_word' id='word_1_5' title='bbox 1156 453 1411 514; x_wconf 72' lang='lat' dir='ltr'>ratione.</span> <span class='ocrx_word' id='word_1_6' title='bbox 1436 483 1521 498; x_wconf 92' lang='lat'><em>-</em></span> <span class='ocrx_word' id='word_1_7' title='bbox 1550 451 1723 516; x_wconf 90' lang='lat' dir='ltr'>Unde</span> <span class='ocrx_word' id='word_1_8' title='bbox 1745 450 1998 513; x_wconf 86' lang='lat' dir='ltr'>tandem</span> 
     </span>
     <span class='ocr_line' id='line_1_3' title="bbox 437 541 1999 626; baseline 0.001 -24"><span class='ocrx_word' id='word_1_9' title='bbox 437 541 705 603; x_wconf 77' lang='lat' dir='ltr'><strong>sumitur</strong></span> <span class='ocrx_word' id='word_1_10' title='bbox 731 544 890 605; x_wconf 89' lang='lat' dir='ltr'>ratio</span> <span class='ocrx_word' id='word_1_11' title='bbox 912 543 1190 620; x_wconf 82' lang='lat' dir='ltr'>evidens,</span> <span class='ocrx_word' id='word_1_12' title='bbox 1219 543 1524 606; x_wconf 86' lang='lat' dir='ltr'>stantibus</span> <span class='ocrx_word' id='word_1_13' title='bbox 1551 543 1868 626; x_wconf 82' lang='lat' dir='ltr'>principiis</span> <span class='ocrx_word' id='word_1_14' title='bbox 1897 562 1999 604; x_wconf 90' lang='lat' dir='ltr'>su-</span> 
     </span>
     <span class='ocr_line' id='line_1_4' title="bbox 437 635 1994 715; baseline 0.001 -20"><span class='ocrx_word' id='word_1_15' title='bbox 437 653 552 715; x_wconf 85' lang='lat' dir='ltr'>pra</span> <span class='ocrx_word' id='word_1_16' title='bbox 583 635 834 715; x_wconf 81' lang='lat' dir='ltr'>positis3</span> <span class='ocrx_word' id='word_1_17' title='bbox 879 643 1194 698; x_wconf 88' lang='lat' dir='ltr'>ostensum</span> <span class='ocrx_word' id='word_1_18' title='bbox 1237 643 1329 698; x_wconf 91' lang='lat' dir='ltr'>est</span> <span class='ocrx_word' id='word_1_19' title='bbox 1377 638 1547 698; x_wconf 90' lang='lat' dir='ltr'>enim</span> <span class='ocrx_word' id='word_1_20' title='bbox 1588 637 1994 698; x_wconf 88' lang='lat' dir='ltr'>necessariam</span> 
     </span>
     <span class='ocr_line' id='line_1_5' title="bbox 438 729 1995 810; baseline 0.001 -21"><span class='ocrx_word' id='word_1_21' title='bbox 438 747 569 790; x_wconf 85' lang='lat' dir='ltr'>esse</span> <span class='ocrx_word' id='word_1_22' title='bbox 595 729 662 789; x_wconf 89' lang='lat' dir='ltr'>in</span> <span class='ocrx_word' id='word_1_23' title='bbox 685 729 951 792; x_wconf 82' lang='lat' dir='ltr'>Ecclesia</span> <span class='ocrx_word' id='word_1_24' title='bbox 979 729 1253 808; x_wconf 77' lang='lat' dir='ltr'>aliquam</span> <span class='ocrx_word' id='word_1_25' title='bbox 1275 729 1560 810; x_wconf 78' lang='lat' dir='ltr'>regulam</span> <span class='ocrx_word' id='word_1_26' title='bbox 1590 731 1822 806; x_wconf 84' lang='lat' dir='ltr'>vivam,</span> <span class='ocrx_word' id='word_1_27' title='bbox 1856 747 1995 808; x_wconf 80' lang='lat' dir='ltr'>quae</span> 
     </span>
     <span class='ocr_line' id='line_1_6' title="bbox 439 823 1995 904; baseline 0 -20"><span class='ocrx_word' id='word_1_28' title='bbox 439 825 630 904; x_wconf 85' lang='lat' dir='ltr'>possit</span> <span class='ocrx_word' id='word_1_29' title='bbox 672 824 736 885; x_wconf 90' lang='lat' dir='ltr'>in</span> <span class='ocrx_word' id='word_1_30' title='bbox 783 825 1214 886; x_wconf 83' lang='lat' dir='ltr'>controversiis</span> <span class='ocrx_word' id='word_1_31' title='bbox 1252 823 1396 886; x_wconf 89' lang='lat' dir='ltr'>fidei</span> <span class='ocrx_word' id='word_1_32' title='bbox 1437 823 1846 887; x_wconf 76' lang='lat' dir='ltr'>infallibiliter</span> <span class='ocrx_word' id='word_1_33' title='bbox 1887 823 1995 884; x_wconf 89' lang='lat' dir='ltr'>do-</span> 
     </span>
     <span class='ocr_line' id='line_1_7' title="bbox 438 917 1993 998; baseline -0.001 -19"><span class='ocrx_word' id='word_1_34' title='bbox 438 935 574 979; x_wconf 88' lang='lat' dir='ltr'>cere</span> <span class='ocrx_word' id='word_1_35' title='bbox 604 918 753 998; x_wconf 87' lang='lat' dir='ltr'>quid</span> <span class='ocrx_word' id='word_1_36' title='bbox 789 918 1126 980; x_wconf 85' lang='lat' dir='ltr'>tenendum</span> <span class='ocrx_word' id='word_1_37' title='bbox 1155 917 1261 993; x_wconf 86' lang='lat' dir='ltr'>sit,</span> <span class='ocrx_word' id='word_1_38' title='bbox 1301 924 1362 980; x_wconf 88' lang='lat' dir='ltr'>et</span> <span class='ocrx_word' id='word_1_39' title='bbox 1390 917 1456 980; x_wconf 90' lang='lat' dir='ltr'>in</span> <span class='ocrx_word' id='word_1_40' title='bbox 1481 917 1666 979; x_wconf 89' lang='lat' dir='ltr'>rebus</span> <span class='ocrx_word' id='word_1_41' title='bbox 1692 917 1993 994; x_wconf 74' lang='lat' dir='ltr'>obscuriS,</span> 
     </span>
     <span class='ocr_line' id='line_1_8' title="bbox 437 1010 1997 1093; baseline -0.001 -19"><span class='ocrx_word' id='word_1_42' title='bbox 437 1028 579 1074; x_wconf 89' lang='lat' dir='ltr'>cum</span> <span class='ocrx_word' id='word_1_43' title='bbox 605 1010 820 1073; x_wconf 85' lang='lat' dir='ltr'>eadem</span> <span class='ocrx_word' id='word_1_44' title='bbox 836 1010 1206 1073; x_wconf 81' lang='lat' dir='ltr'>certitudine</span> <span class='ocrx_word' id='word_1_45' title='bbox 1231 1011 1556 1074; x_wconf 79' lang='lat' dir='ltr'>veritatem</span> <span class='ocrx_word' id='word_1_46' title='bbox 1575 1011 1907 1093; x_wconf 87' lang='lat' dir='ltr'>explicare,</span> <span class='ocrx_word' id='word_1_47' title='bbox 1933 1016 1997 1073; x_wconf 92' lang='lat' dir='ltr'>et</span> 
     </span>
     <span class='ocr_line' id='line_1_9' title="bbox 435 1103 1997 1186; baseline 0.001 -20"><span class='ocrx_word' id='word_1_48' title='bbox 435 1103 722 1166; x_wconf 76' lang='lat' dir='ltr'>Ecclesiae</span> <span class='ocrx_word' id='word_1_49' title='bbox 764 1121 1136 1186; x_wconf 83' lang='lat' dir='ltr'>proponere3</span> <span class='ocrx_word' id='word_1_50' title='bbox 1183 1105 1334 1166; x_wconf 89' lang='lat' dir='ltr'>item</span> <span class='ocrx_word' id='word_1_51' title='bbox 1371 1109 1464 1165; x_wconf 88' lang='lat' dir='ltr'>est</span> <span class='ocrx_word' id='word_1_52' title='bbox 1492 1111 1806 1165; x_wconf 85' lang='lat' dir='ltr'>ostensum</span> <span class='ocrx_word' id='word_1_53' title='bbox 1831 1105 1997 1167; x_wconf 85' lang='lat' dir='ltr'>hanc</span> 
     </span>
     <span class='ocr_line' id='line_1_10' title="bbox 431 1196 1998 1278; baseline 0.001 -21"><span class='ocrx_word' id='word_1_54' title='bbox 431 1196 716 1275; x_wconf 79' lang='lat' dir='ltr'>regulam</span> <span class='ocrx_word' id='word_1_55' title='bbox 746 1214 872 1258; x_wconf 91' lang='lat' dir='ltr'>non</span> <span class='ocrx_word' id='word_1_56' title='bbox 899 1214 1074 1277; x_wconf 87' lang='lat' dir='ltr'>posse</span> <span class='ocrx_word' id='word_1_57' title='bbox 1111 1214 1238 1258; x_wconf 89' lang='lat' dir='ltr'>esse</span> <span class='ocrx_word' id='word_1_58' title='bbox 1281 1202 1482 1258; x_wconf 92' lang='lat' dir='ltr'>totum</span> <span class='ocrx_word' id='word_1_59' title='bbox 1521 1215 1741 1278; x_wconf 89' lang='lat' dir='ltr'>corpus</span> <span class='ocrx_word' id='word_1_60' title='bbox 1778 1199 1998 1278; x_wconf 83' lang='lat' dir='ltr'>mysti-</span> 
     </span>
     <span class='ocr_line' id='line_1_11' title="bbox 431 1289 1999 1371; baseline 0.001 -20"><span class='ocrx_word' id='word_1_61' title='bbox 431 1307 574 1352; x_wconf 87' lang='lat' dir='ltr'>cum</span> <span class='ocrx_word' id='word_1_62' title='bbox 604 1289 914 1366; x_wconf 60' lang='lat' dir='ltr'>Ecclesiae,</span> <span class='ocrx_word' id='word_1_63' title='bbox 944 1296 1016 1350; x_wconf 86' lang='lat' dir='ltr'>ut</span> <span class='ocrx_word' id='word_1_64' title='bbox 1045 1290 1304 1352; x_wconf 90' lang='lat' dir='ltr'>includit</span> <span class='ocrx_word' id='word_1_65' title='bbox 1327 1296 1529 1353; x_wconf 88' lang='lat' dir='ltr'>totum</span> <span class='ocrx_word' id='word_1_66' title='bbox 1555 1289 1858 1371; x_wconf 87' lang='lat' dir='ltr'>populum</span> <span class='ocrx_word' id='word_1_67' title='bbox 1881 1291 1999 1353; x_wconf 90' lang='lat' dir='ltr'>lai·</span> 
     </span>
     <span class='ocr_line' id='line_1_12' title="bbox 435 1383 1995 1464; baseline 0.001 -22"><span class='ocrx_word' id='word_1_68' title='bbox 435 1399 602 1458; x_wconf 90' lang='lat' dir='ltr'>cum,</span> <span class='ocrx_word' id='word_1_69' title='bbox 635 1383 763 1443; x_wconf 90' lang='lat' dir='ltr'>imo</span> <span class='ocrx_word' id='word_1_70' title='bbox 791 1401 905 1445; x_wconf 90' lang='lat' dir='ltr'>nec</span> <span class='ocrx_word' id='word_1_71' title='bbox 931 1389 1131 1444; x_wconf 91' lang='lat' dir='ltr'>totum</span> <span class='ocrx_word' id='word_1_72' title='bbox 1152 1383 1407 1458; x_wconf 89' lang='lat' dir='ltr'>clerum,</span> <span class='ocrx_word' id='word_1_73' title='bbox 1433 1389 1686 1463; x_wconf 88' lang='lat' dir='ltr'>propter</span> <span class='ocrx_word' id='word_1_74' title='bbox 1713 1383 1995 1464; x_wconf 87' lang='lat' dir='ltr'>impossi-</span> 
     </span>
     <span class='ocr_line' id='line_1_13' title="bbox 431 1474 1997 1555; baseline 0.002 -20"><span class='ocrx_word' id='word_1_75' title='bbox 431 1474 736 1536; x_wconf 86' lang='lat' dir='ltr'>bilitatem</span> <span class='ocrx_word' id='word_1_76' title='bbox 771 1482 833 1537; x_wconf 89' lang='lat' dir='ltr'>et</span> <span class='ocrx_word' id='word_1_77' title='bbox 867 1476 1389 1552; x_wconf 85' lang='lat' dir='ltr'>insufficientiam,</span> <span class='ocrx_word' id='word_1_78' title='bbox 1436 1483 1498 1538; x_wconf 89' lang='lat' dir='ltr'>ct</span> <span class='ocrx_word' id='word_1_79' title='bbox 1536 1477 1682 1555; x_wconf 83' lang='lat' dir='ltr'>quia</span> <span class='ocrx_word' id='word_1_80' title='bbox 1711 1494 1838 1538; x_wconf 91' lang='lat' dir='ltr'>non</span> <span class='ocrx_word' id='word_1_81' title='bbox 1865 1494 1997 1538; x_wconf 90' lang='lat' dir='ltr'>om·</span> 
     </span>
     <span class='ocr_line' id='line_1_14' title="bbox 435 1569 1997 1650; baseline 0.003 -22"><span class='ocrx_word' id='word_1_82' title='bbox 435 1585 544 1628; x_wconf 90' lang='lat' dir='ltr'>nes</span> <span class='ocrx_word' id='word_1_83' title='bbox 566 1575 708 1629; x_wconf 87' lang='lat' dir='ltr'>sunt</span> <span class='ocrx_word' id='word_1_84' title='bbox 730 1569 1005 1630; x_wconf 87' lang='lat' dir='ltr'>Pastores</span> <span class='ocrx_word' id='word_1_85' title='bbox 1043 1569 1140 1630; x_wconf 73' lang='lat' dir='ltr'>vel</span> <span class='ocrx_word' id='word_1_86' title='bbox 1179 1569 1467 1632; x_wconf 82' lang='lat' dir='ltr'>Doctores</span> <span class='ocrx_word' id='word_1_87' title='bbox 1493 1569 1818 1649; x_wconf 80' lang='lat' dir='ltr'>Ecclesiae3</span> <span class='ocrx_word' id='word_1_88' title='bbox 1849 1589 1997 1650; x_wconf 78' lang='lat' dir='ltr'>ergo</span> 
     </span>
     <span class='ocr_line' id='line_1_15' title="bbox 433 1659 1998 1743; baseline 0.003 -23"><span class='ocrx_word' id='word_1_89' title='bbox 433 1659 606 1721; x_wconf 88' lang='lat' dir='ltr'>nulla</span> <span class='ocrx_word' id='word_1_90' title='bbox 629 1665 827 1740; x_wconf 87' lang='lat' dir='ltr'>potest</span> <span class='ocrx_word' id='word_1_91' title='bbox 848 1661 1108 1741; x_wconf 78' lang='lat' dir='ltr'>cogitari</span> <span class='ocrx_word' id='word_1_92' title='bbox 1132 1663 1295 1723; x_wconf 89' lang='lat' dir='ltr'>inter</span> <span class='ocrx_word' id='word_1_93' title='bbox 1317 1663 1597 1724; x_wconf 88' lang='lat' dir='ltr'>homines</span> <span class='ocrx_word' id='word_1_94' title='bbox 1624 1663 1840 1743; x_wconf 80' lang='lat' dir='ltr'>regula</span> <span class='ocrx_word' id='word_1_95' title='bbox 1863 1682 1998 1725; x_wconf 88' lang='lat' dir='ltr'>ma·</span> 
     </span>
     <span class='ocr_line' id='line_1_16' title="bbox 429 1753 1997 1835; baseline 0.002 -20"><span class='ocrx_word' id='word_1_96' title='bbox 429 1753 580 1832; x_wconf 85' lang='lat' dir='ltr'>joris</span> <span class='ocrx_word' id='word_1_97' title='bbox 608 1755 1015 1831; x_wconf 59' lang='lat' dir='ltr'>auctoritatis„</span> <span class='ocrx_word' id='word_1_98' title='bbox 1055 1772 1244 1835; x_wconf 89' lang='lat' dir='ltr'>quam</span> <span class='ocrx_word' id='word_1_99' title='bbox 1282 1756 1363 1818; x_wconf 89' lang='lat' dir='ltr'>sit</span> <span class='ocrx_word' id='word_1_100' title='bbox 1401 1755 1752 1818; x_wconf 86' lang='lat' dir='ltr'>universale</span> <span class='ocrx_word' id='word_1_101' title='bbox 1782 1757 1997 1819; x_wconf 90' lang='lat' dir='ltr'>Conci-</span> 
     </span>
     <span class='ocr_line' id='line_1_17' title="bbox 431 1845 1997 1931; baseline 0.003 -25"><span class='ocrx_word' id='word_1_102' title='bbox 431 1845 585 1907; x_wconf 85' lang='lat' dir='ltr'>lium</span> <span class='ocrx_word' id='word_1_103' title='bbox 611 1865 754 1908; x_wconf 89' lang='lat' dir='ltr'>cum</span> <span class='ocrx_word' id='word_1_104' title='bbox 783 1846 1119 1923; x_wconf 82' lang='lat' dir='ltr'>Pontifice3</span> <span class='ocrx_word' id='word_1_105' title='bbox 1159 1865 1308 1910; x_wconf 84' lang='lat' dir='ltr'>nam</span> <span class='ocrx_word' id='word_1_106' title='bbox 1335 1849 1423 1910; x_wconf 89' lang='lat' dir='ltr'>ibi</span> <span class='ocrx_word' id='word_1_107' title='bbox 1460 1861 1552 1912; x_wconf 87' lang='lat' dir='ltr'>est</span> <span class='ocrx_word' id='word_1_108' title='bbox 1583 1857 1766 1931; x_wconf 88' lang='lat' dir='ltr'>caput</span> <span class='ocrx_word' id='word_1_109' title='bbox 1793 1850 1997 1912; x_wconf 84' lang='lat' dir='ltr'>Eccle-</span> 
     </span>
     <span class='ocr_line' id='line_1_18' title="bbox 433 1940 1998 2024; baseline 0.003 -25"><span class='ocrx_word' id='word_1_110' title='bbox 433 1940 540 2000; x_wconf 72' lang='lat' dir='ltr'>siae</span> <span class='ocrx_word' id='word_1_111' title='bbox 577 1940 774 2001; x_wconf 88' lang='lat' dir='ltr'>etalii</span> <span class='ocrx_word' id='word_1_112' title='bbox 807 1940 1118 2021; x_wconf 86' lang='lat' dir='ltr'>Principes</span> <span class='ocrx_word' id='word_1_113' title='bbox 1147 1941 1569 2018; x_wconf 88' lang='lat' dir='ltr'>Ecclesiastici,</span> <span class='ocrx_word' id='word_1_114' title='bbox 1614 1944 1722 2024; x_wconf 88' lang='lat' dir='ltr'>qui</span> <span class='ocrx_word' id='word_1_115' title='bbox 1773 1945 1998 2006; x_wconf 86' lang='lat' dir='ltr'>merito</span> 
     </span>
     <span class='ocr_line' id='line_1_19' title="bbox 433 2031 1997 2117; baseline 0.004 -26"><span class='ocrx_word' id='word_1_116' title='bbox 433 2031 726 2093; x_wconf 87' lang='lat' dir='ltr'>dicuntur</span> <span class='ocrx_word' id='word_1_117' title='bbox 771 2034 1184 2095; x_wconf 81' lang='lat' dir='ltr'>universalem</span> <span class='ocrx_word' id='word_1_118' title='bbox 1219 2035 1544 2097; x_wconf 88' lang='lat' dir='ltr'>Ecclesiam</span> <span class='ocrx_word' id='word_1_119' title='bbox 1596 2043 1997 2117; x_wconf 71' lang='lat' dir='ltr'>repraesenta-</span> 
     </span>
     <span class='ocr_line' id='line_1_20' title="bbox 433 2126 1999 2208; baseline 0.002 -21"><span class='ocrx_word' id='word_1_120' title='bbox 433 2139 535 2203; x_wconf 86' lang='lat' dir='ltr'>re3</span> <span class='ocrx_word' id='word_1_121' title='bbox 565 2143 714 2204; x_wconf 79' lang='lat' dir='ltr'>ergo</span> <span class='ocrx_word' id='word_1_122' title='bbox 738 2126 869 2188; x_wconf 81' lang='lat' dir='ltr'>haec</span> <span class='ocrx_word' id='word_1_123' title='bbox 891 2128 1161 2189; x_wconf 82' lang='lat' dir='ltr'>maxime</span> <span class='ocrx_word' id='word_1_124' title='bbox 1185 2133 1278 2188; x_wconf 88' lang='lat' dir='ltr'>est</span> <span class='ocrx_word' id='word_1_125' title='bbox 1296 2127 1435 2190; x_wconf 86' lang='lat' dir='ltr'>talis</span> <span class='ocrx_word' id='word_1_126' title='bbox 1458 2127 1674 2208; x_wconf 79' lang='lat' dir='ltr'>regula</span> <span class='ocrx_word' id='word_1_127' title='bbox 1701 2128 1999 2190; x_wconf 85' lang='lat' dir='ltr'>infallibi-</span> 
     </span>
     <span class='ocr_line' id='line_1_21' title="bbox 433 2217 1999 2301; baseline 0.003 -22"><span class='ocrx_word' id='word_1_128' title='bbox 433 2217 530 2280; x_wconf 76' lang='lat' dir='ltr'>lis,</span> <span class='ocrx_word' id='word_1_129' title='bbox 561 2220 638 2280; x_wconf 91' lang='lat' dir='ltr'>Et</span> <span class='ocrx_word' id='word_1_130' title='bbox 655 2220 1083 2297; x_wconf 84' lang='lat' dir='ltr'>confirmatur,</span> <span class='ocrx_word' id='word_1_131' title='bbox 1106 2220 1252 2300; x_wconf 89' lang='lat' dir='ltr'>quia</span> <span class='ocrx_word' id='word_1_132' title='bbox 1270 2221 1627 2301; x_wconf 88' lang='lat' dir='ltr'>hujusmodi</span> <span class='ocrx_word' id='word_1_133' title='bbox 1655 2221 1999 2284; x_wconf 87' lang='lat' dir='ltr'>Concilium</span> 
     </span>
     <span class='ocr_line' id='line_1_22' title="bbox 433 2312 1999 2391; baseline 0.005 -20"><span class='ocrx_word' id='word_1_134' title='bbox 433 2316 630 2390; x_wconf 85' lang='lat' dir='ltr'>potest</span> <span class='ocrx_word' id='word_1_135' title='bbox 677 2312 951 2391; x_wconf 81' lang='lat' dir='ltr'>obligare</span> <span class='ocrx_word' id='word_1_136' title='bbox 995 2319 1193 2374; x_wconf 86' lang='lat' dir='ltr'>totam</span> <span class='ocrx_word' id='word_1_137' title='bbox 1240 2314 1573 2377; x_wconf 82' lang='lat' dir='ltr'>Ecclesiam</span> <span class='ocrx_word' id='word_1_138' title='bbox 1619 2317 1698 2378; x_wconf 91' lang='lat' dir='ltr'>ad</span> <span class='ocrx_word' id='word_1_139' title='bbox 1747 2317 1999 2378; x_wconf 89' lang='lat' dir='ltr'>creden-</span> 
     </span>
     <span class='ocr_line' id='line_1_23' title="bbox 433 2405 2001 2490; baseline 0.005 -25"><span class='ocrx_word' id='word_1_140' title='bbox 433 2405 584 2466; x_wconf 90' lang='lat' dir='ltr'>dum</span> <span class='ocrx_word' id='word_1_141' title='bbox 625 2407 790 2486; x_wconf 89' lang='lat' dir='ltr'>quod</span> <span class='ocrx_word' id='word_1_142' title='bbox 832 2407 920 2469; x_wconf 88' lang='lat' dir='ltr'>sic</span> <span class='ocrx_word' id='word_1_143' title='bbox 971 2407 1297 2470; x_wconf 86' lang='lat' dir='ltr'>definitum</span> <span class='ocrx_word' id='word_1_144' title='bbox 1341 2416 1455 2486; x_wconf 88' lang='lat' dir='ltr'>est,</span> <span class='ocrx_word' id='word_1_145' title='bbox 1501 2411 1647 2490; x_wconf 89' lang='lat' dir='ltr'>quia</span> <span class='ocrx_word' id='word_1_146' title='bbox 1692 2411 1867 2473; x_wconf 89' lang='lat' dir='ltr'>nulla</span> <span class='ocrx_word' id='word_1_147' title='bbox 1907 2417 2001 2472; x_wconf 87' lang='lat' dir='ltr'>cst</span> 
     </span>
     <span class='ocr_line' id='line_1_24' title="bbox 433 2499 2002 2583; baseline 0.003 -23"><span class='ocrx_word' id='word_1_148' title='bbox 433 2499 635 2578; x_wconf 86' lang='lat' dir='ltr'>major</span> <span class='ocrx_word' id='word_1_149' title='bbox 663 2505 929 2579; x_wconf 83' lang='lat' dir='ltr'>potestas</span> <span class='ocrx_word' id='word_1_150' title='bbox 955 2502 1023 2561; x_wconf 90' lang='lat' dir='ltr'>in</span> <span class='ocrx_word' id='word_1_151' title='bbox 1041 2501 1309 2563; x_wconf 88' lang='lat' dir='ltr'>Ecclesia</span> <span class='ocrx_word' id='word_1_152' title='bbox 1319 2518 1340 2579; x_wconf 82' lang='lat'>3</span> <span class='ocrx_word' id='word_1_153' title='bbox 1374 2521 1522 2582; x_wconf 79' lang='lat' dir='ltr'>ergo</span> <span class='ocrx_word' id='word_1_154' title='bbox 1540 2504 1705 2583; x_wconf 91' lang='lat' dir='ltr'>quod</span> <span class='ocrx_word' id='word_1_155' title='bbox 1734 2505 1821 2565; x_wconf 90' lang='lat' dir='ltr'>sic</span> <span class='ocrx_word' id='word_1_156' title='bbox 1850 2503 2002 2566; x_wconf 83' lang='lat' dir='ltr'>defi-</span> 
     </span>
     <span class='ocr_line' id='line_1_25' title="bbox 432 2592 2000 2676; baseline 0.006 -26"><span class='ocrx_word' id='word_1_157' title='bbox 432 2592 625 2665; x_wconf 90' lang='lat' dir='ltr'>nitur,</span> <span class='ocrx_word' id='word_1_158' title='bbox 659 2597 900 2672; x_wconf 81' lang='lat' dir='ltr'>oportet</span> <span class='ocrx_word' id='word_1_159' title='bbox 917 2611 1046 2656; x_wconf 89' lang='lat' dir='ltr'>esse</span> <span class='ocrx_word' id='word_1_160' title='bbox 1077 2593 1398 2657; x_wconf 87' lang='lat' dir='ltr'>infallibile</span> <span class='ocrx_word' id='word_1_161' title='bbox 1413 2643 1433 2672; x_wconf 93' lang='lat'>,</span> <span class='ocrx_word' id='word_1_162' title='bbox 1459 2595 1611 2658; x_wconf 86' lang='lat' dir='ltr'>alias</span> <span class='ocrx_word' id='word_1_163' title='bbox 1639 2597 2000 2676; x_wconf 78' lang='lat' dir='ltr'>contingere</span> 
     </span>
     <span class='ocr_line' id='line_1_26' title="bbox 431 2685 1997 2766; baseline 0.004 -21"><span class='ocrx_word' id='word_1_164' title='bbox 431 2690 635 2763; x_wconf 86' lang='lat' dir='ltr'>posset</span> <span class='ocrx_word' id='word_1_165' title='bbox 675 2685 1008 2748; x_wconf 82' lang='lat' dir='ltr'>Ecclesiam</span> <span class='ocrx_word' id='word_1_166' title='bbox 1063 2686 1326 2766; x_wconf 81' lang='lat' dir='ltr'>obligari</span> <span class='ocrx_word' id='word_1_167' title='bbox 1373 2689 1453 2750; x_wconf 89' lang='lat' dir='ltr'>ad</span> <span class='ocrx_word' id='word_1_168' title='bbox 1504 2689 1880 2752; x_wconf 89' lang='lat' dir='ltr'>credendum</span> <span class='ocrx_word' id='word_1_169' title='bbox 1920 2690 1997 2752; x_wconf 91' lang='lat' dir='ltr'>de</span> 
     </span>
     <span class='ocr_line' id='line_1_27' title="bbox 430 2775 1996 2862; baseline 0.005 -25"><span class='ocrx_word' id='word_1_170' title='bbox 430 2775 556 2839; x_wconf 88' lang='lat' dir='ltr'>fide</span> <span class='ocrx_word' id='word_1_171' title='bbox 581 2776 813 2858; x_wconf 89' lang='lat' dir='ltr'>aliquid</span> <span class='ocrx_word' id='word_1_172' title='bbox 839 2779 1091 2856; x_wconf 86' lang='lat' dir='ltr'>falsum,</span> <span class='ocrx_word' id='word_1_173' title='bbox 1113 2798 1187 2841; x_wconf 90' lang='lat' dir='ltr'>cu</span> <span class='ocrx_word' id='word_1_174' title='bbox 1189 2781 1290 2860; x_wconf 91' lang='lat' dir='ltr'>jus</span> <span class='ocrx_word' id='word_1_175' title='bbox 1307 2783 1657 2862; x_wconf 88' lang='lat' dir='ltr'>oppositum</span> <span class='ocrx_word' id='word_1_176' title='bbox 1681 2789 1996 2846; x_wconf 90' lang='lat' dir='ltr'>ostensum</span> 
     </span>
     <span class='ocr_line' id='line_1_28' title="bbox 431 2873 1997 2956; baseline 0.003 -23"><span class='ocrx_word' id='word_1_177' title='bbox 431 2877 526 2933; x_wconf 87' lang='lat' dir='ltr'>est</span> <span class='ocrx_word' id='word_1_178' title='bbox 553 2873 823 2933; x_wconf 87' lang='lat' dir='ltr'>sectione</span> <span class='ocrx_word' id='word_1_179' title='bbox 874 2873 1276 2952; x_wconf 75' lang='lat' dir='ltr'>praecedenti3</span> <span class='ocrx_word' id='word_1_180' title='bbox 1326 2893 1528 2956; x_wconf 86' lang='lat' dir='ltr'>neque</span> <span class='ocrx_word' id='word_1_181' title='bbox 1578 2882 1791 2938; x_wconf 87' lang='lat' dir='ltr'>contra</span> <span class='ocrx_word' id='word_1_182' title='bbox 1835 2877 1997 2938; x_wconf 88' lang='lat' dir='ltr'>hanc</span> 
     </span>
     <span class='ocr_line' id='line_1_29' title="bbox 429 2964 1997 3049; baseline 0.006 -26"><span class='ocrx_word' id='word_1_183' title='bbox 429 2965 752 3027; x_wconf 84' lang='lat' dir='ltr'>veritatem</span> <span class='ocrx_word' id='word_1_184' title='bbox 792 2966 1045 3028; x_wconf 81' lang='lat' dir='ltr'>invenio</span> <span class='ocrx_word' id='word_1_185' title='bbox 1088 2964 1512 3032; x_wconf 83' lang='lat' dir='ltr'>difficultatem</span> <span class='ocrx_word' id='word_1_186' title='bbox 1558 2969 1819 3049; x_wconf 88' lang='lat' dir='ltr'>alicujus</span> <span class='ocrx_word' id='word_1_187' title='bbox 1867 2988 1997 3032; x_wconf 89' lang='lat' dir='ltr'>mo-</span> 
     </span>
     <span class='ocr_line' id='line_1_30' title="bbox 433 3057 652 3120; baseline 0.005 -1"><span class='ocrx_word' id='word_1_188' title='bbox 433 3057 652 3120; x_wconf 88' lang='lat' dir='ltr'>menti.</span> 
     </span>
    </p>

    <p class='ocr_par' dir='ltr' id='par_1_3' title="bbox 420 3152 2001 5544">
     <span class='ocr_line' id='line_1_31' title="bbox 512 3152 1995 3236; baseline 0.002 -20"><span class='ocrx_word' id='word_1_189' title='bbox 512 3155 575 3216; x_wconf 81' lang='lat'>9.</span> <span class='ocrx_word' id='word_1_190' title='bbox 614 3152 891 3218; x_wconf 75' lang='lat' dir='ltr'>Assertio</span> <span class='ocrx_word' id='word_1_191' title='bbox 921 3155 1214 3218; x_wconf 71' lang='lat' dir='ltr'>secunda:</span> <span class='ocrx_word' id='word_1_192' title='bbox 1249 3155 1585 3220; x_wconf 74' lang='lat' dir='ltr'>Concilium</span> <span class='ocrx_word' id='word_1_193' title='bbox 1612 3156 1884 3236; x_wconf 68' lang='lat' dir='ltr'>qenerale</span> <span class='ocrx_word' id='word_1_194' title='bbox 1901 3176 1995 3219; x_wconf 74' lang='lat' dir='ltr'>se-</span> 
     </span>
     <span class='ocr_line' id='line_1_32' title="bbox 434 3246 2001 3331; baseline 0.001 -22"><span class='ocrx_word' id='word_1_195' title='bbox 434 3246 619 3309; x_wconf 79' lang='lat' dir='ltr'>cundo</span> <span class='ocrx_word' id='word_1_196' title='bbox 661 3249 826 3310; x_wconf 82' lang='lat' dir='ltr'>modo</span> <span class='ocrx_word' id='word_1_197' title='bbox 853 3247 1156 3329; x_wconf 71' lang='lat' dir='ltr'>definiens,</span> <span class='ocrx_word' id='word_1_198' title='bbox 1188 3255 1274 3311; x_wconf 78' lang='lat' dir='ltr'>est</span> <span class='ocrx_word' id='word_1_199' title='bbox 1301 3249 1485 3311; x_wconf 79' lang='lat' dir='ltr'>eliam</span> <span class='ocrx_word' id='word_1_200' title='bbox 1514 3249 1725 3331; x_wconf 70' lang='lat' dir='ltr'>requla</span> <span class='ocrx_word' id='word_1_201' title='bbox 1745 3251 2001 3330; x_wconf 79' lang='lat' dir='ltr'>fidei.-</span> 
     </span>
     <span class='ocr_line' id='line_1_33' title="bbox 434 3339 1995 3422; baseline 0.003 -22"><span class='ocrx_word' id='word_1_202' title='bbox 434 3339 804 3402; x_wconf 79' lang='lat' dir='ltr'>Addendum</span> <span class='ocrx_word' id='word_1_203' title='bbox 833 3358 980 3402; x_wconf 84' lang='lat' dir='ltr'>vero</span> <span class='ocrx_word' id='word_1_204' title='bbox 1008 3346 1101 3402; x_wconf 86' lang='lat' dir='ltr'>est</span> <span class='ocrx_word' id='word_1_205' title='bbox 1129 3341 1398 3402; x_wconf 85' lang='lat' dir='ltr'>secundo</span> <span class='ocrx_word' id='word_1_206' title='bbox 1428 3341 1768 3403; x_wconf 87' lang='lat' dir='ltr'>Concilium</span> <span class='ocrx_word' id='word_1_207' title='bbox 1808 3360 1995 3422; x_wconf 83' lang='lat' dir='ltr'>gene·</span> 
     </span>
     <span class='ocr_line' id='line_1_34' title="bbox 433 3431 1999 3516; baseline 0.003 -24"><span class='ocrx_word' id='word_1_208' title='bbox 433 3431 588 3508; x_wconf 88' lang='lat' dir='ltr'>rale,</span> <span class='ocrx_word' id='word_1_209' title='bbox 614 3433 681 3493; x_wconf 87' lang='lat' dir='ltr'>iu</span> <span class='ocrx_word' id='word_1_210' title='bbox 707 3450 830 3512; x_wconf 89' lang='lat' dir='ltr'>quo</span> <span class='ocrx_word' id='word_1_211' title='bbox 861 3433 1027 3512; x_wconf 88' lang='lat' dir='ltr'>Papa</span> <span class='ocrx_word' id='word_1_212' title='bbox 1056 3451 1179 3496; x_wconf 89' lang='lat' dir='ltr'>non</span> <span class='ocrx_word' id='word_1_213' title='bbox 1207 3433 1376 3495; x_wconf 59' lang='lat' dir='ltr'>adest</span> <span class='ocrx_word' id='word_1_214' title='bbox 1396 3451 1506 3514; x_wconf 85' lang='lat' dir='ltr'>per</span> <span class='ocrx_word' id='word_1_215' title='bbox 1531 3451 1619 3504; x_wconf 85' lang='lat' dir='ltr'>se,</span> <span class='ocrx_word' id='word_1_216' title='bbox 1651 3435 1758 3497; x_wconf 88' lang='lat' dir='ltr'>sed</span> <span class='ocrx_word' id='word_1_217' title='bbox 1786 3453 1897 3516; x_wconf 88' lang='lat' dir='ltr'>per</span> <span class='ocrx_word' id='word_1_218' title='bbox 1913 3437 1999 3497; x_wconf 89' lang='lat' dir='ltr'>le-</span> 
     </span>
     <span class='ocr_line' id='line_1_35' title="bbox 433 3525 1998 3606; baseline 0.003 -21"><span class='ocrx_word' id='word_1_219' title='bbox 433 3531 634 3603; x_wconf 78' lang='lat' dir='ltr'>gatos,</span> <span class='ocrx_word' id='word_1_220' title='bbox 660 3533 982 3604; x_wconf 87' lang='lat' dir='ltr'>postquam</span> <span class='ocrx_word' id='word_1_221' title='bbox 999 3525 1078 3587; x_wconf 90' lang='lat' dir='ltr'>ab</span> <span class='ocrx_word' id='word_1_222' title='bbox 1099 3526 1230 3605; x_wconf 87' lang='lat' dir='ltr'>ipso</span> <span class='ocrx_word' id='word_1_223' title='bbox 1255 3526 1420 3606; x_wconf 89' lang='lat' dir='ltr'>Papa</span> <span class='ocrx_word' id='word_1_224' title='bbox 1445 3527 1884 3589; x_wconf 88' lang='lat' dir='ltr'>confirmatum</span> <span class='ocrx_word' id='word_1_225' title='bbox 1904 3535 1998 3590; x_wconf 87' lang='lat' dir='ltr'>est</span> 
     </span>
     <span class='ocr_line' id='line_1_36' title="bbox 431 3617 1995 3696; baseline 0.001 -16"><span class='ocrx_word' id='word_1_226' title='bbox 431 3635 561 3680; x_wconf 86' lang='lat' dir='ltr'>esse</span> <span class='ocrx_word' id='word_1_227' title='bbox 605 3617 997 3680; x_wconf 82' lang='lat' dir='ltr'>infallibilem</span> <span class='ocrx_word' id='word_1_228' title='bbox 1041 3617 1322 3696; x_wconf 77' lang='lat' dir='ltr'>regulam</span> <span class='ocrx_word' id='word_1_229' title='bbox 1368 3617 1532 3682; x_wconf 89' lang='lat' dir='ltr'>fidei.</span> <span class='ocrx_word' id='word_1_230' title='bbox 1595 3621 1699 3682; x_wconf 87' lang='lat' dir='ltr'>Est</span> <span class='ocrx_word' id='word_1_231' title='bbox 1741 3623 1995 3684; x_wconf 81' lang='lat' dir='ltr'>assertio</span> 
     </span>
     <span class='ocr_line' id='line_1_37' title="bbox 429 3709 1991 3791; baseline 0.001 -17"><span class='ocrx_word' id='word_1_232' title='bbox 429 3712 506 3774; x_wconf 88' lang='lat' dir='ltr'>dc</span> <span class='ocrx_word' id='word_1_233' title='bbox 533 3709 679 3790; x_wconf 85' lang='lat' dir='ltr'>fide,</span> <span class='ocrx_word' id='word_1_234' title='bbox 710 3713 775 3772; x_wconf 91' lang='lat' dir='ltr'>in</span> <span class='ocrx_word' id='word_1_235' title='bbox 821 3727 946 3791; x_wconf 85' lang='lat' dir='ltr'>qua</span> <span class='ocrx_word' id='word_1_236' title='bbox 990 3728 1204 3772; x_wconf 66' lang='lat' dir='ltr'>omnes</span> <span class='ocrx_word' id='word_1_237' title='bbox 1229 3711 1527 3774; x_wconf 87' lang='lat' dir='ltr'>Catholici</span> <span class='ocrx_word' id='word_1_238' title='bbox 1567 3715 1991 3790; x_wconf 89' lang='lat' dir='ltr'>conveniunt;</span> 
     </span>
     <span class='ocr_line' id='line_1_38' title="bbox 431 3805 1997 3888; baseline 0.002 -21"><span class='ocrx_word' id='word_1_239' title='bbox 431 3813 493 3867; x_wconf 87' lang='lat' dir='ltr'>et</span> <span class='ocrx_word' id='word_1_240' title='bbox 520 3805 786 3867; x_wconf 76' lang='lat' dir='ltr'>liabetur</span> <span class='ocrx_word' id='word_1_241' title='bbox 825 3805 1043 3866; x_wconf 88' lang='lat' dir='ltr'>iisdem</span> <span class='ocrx_word' id='word_1_242' title='bbox 1079 3806 1444 3868; x_wconf 86' lang='lat' dir='ltr'>testimoniis</span> <span class='ocrx_word' id='word_1_243' title='bbox 1471 3814 1532 3869; x_wconf 89' lang='lat' dir='ltr'>et</span> <span class='ocrx_word' id='word_1_244' title='bbox 1563 3809 1900 3888; x_wconf 75' lang='lat' dir='ltr'>principiiS,</span> <span class='ocrx_word' id='word_1_245' title='bbox 1933 3814 1997 3870; x_wconf 90' lang='lat' dir='ltr'>et</span> 
     </span>
     <span class='ocr_line' id='line_1_39' title="bbox 431 3896 1995 3980; baseline 0.001 -20"><span class='ocrx_word' id='word_1_246' title='bbox 431 3917 506 3960; x_wconf 88' lang='lat' dir='ltr'>ex</span> <span class='ocrx_word' id='word_1_247' title='bbox 565 3896 884 3960; x_wconf 90' lang='lat' dir='ltr'>communi</span> <span class='ocrx_word' id='word_1_248' title='bbox 925 3900 1100 3978; x_wconf 85' lang='lat' dir='ltr'>praxi</span> <span class='ocrx_word' id='word_1_249' title='bbox 1143 3898 1470 3975; x_wconf 77' lang='lat' dir='ltr'>Ecclesioe;</span> <span class='ocrx_word' id='word_1_250' title='bbox 1519 3919 1666 3962; x_wconf 90' lang='lat' dir='ltr'>nam</span> <span class='ocrx_word' id='word_1_251' title='bbox 1698 3901 1877 3980; x_wconf 89' lang='lat' dir='ltr'>plura</span> <span class='ocrx_word' id='word_1_252' title='bbox 1918 3921 1995 3962; x_wconf 87' lang='lat' dir='ltr'>ex</span> 
     </span>
     <span class='ocr_line' id='line_1_40' title="bbox 433 3991 1995 4073; baseline 0.001 -20"><span class='ocrx_word' id='word_1_253' title='bbox 433 3991 718 4054; x_wconf 89' lang='lat' dir='ltr'>Conciliis</span> <span class='ocrx_word' id='word_1_254' title='bbox 746 3992 1163 4071; x_wconf 83' lang='lat' dir='ltr'>generalibus,</span> <span class='ocrx_word' id='word_1_255' title='bbox 1193 4009 1232 4053; x_wconf 87' lang='lat' dir='ltr'>a</span> <span class='ocrx_word' id='word_1_256' title='bbox 1260 3993 1510 4055; x_wconf 81' lang='lat' dir='ltr'>Nicaeno</span> <span class='ocrx_word' id='word_1_257' title='bbox 1534 4011 1727 4073; x_wconf 88' lang='lat' dir='ltr'>usque</span> <span class='ocrx_word' id='word_1_258' title='bbox 1754 3995 1832 4055; x_wconf 90' lang='lat' dir='ltr'>ad</span> <span class='ocrx_word' id='word_1_259' title='bbox 1861 3995 1995 4055; x_wconf 87' lang='lat' dir='ltr'>Tri·</span> 
     </span>
     <span class='ocr_line' id='line_1_41' title="bbox 433 4085 1995 4165; baseline 0.003 -20"><span class='ocrx_word' id='word_1_260' title='bbox 433 4085 784 4162; x_wconf 87' lang='lat' dir='ltr'>dentinum,</span> <span class='ocrx_word' id='word_1_261' title='bbox 831 4085 950 4146; x_wconf 87' lang='lat' dir='ltr'>hoc</span> <span class='ocrx_word' id='word_1_262' title='bbox 976 4085 1162 4146; x_wconf 91' lang='lat' dir='ltr'>modo</span> <span class='ocrx_word' id='word_1_263' title='bbox 1195 4092 1442 4165; x_wconf 84' lang='lat' dir='ltr'>peracta</span> <span class='ocrx_word' id='word_1_264' title='bbox 1484 4092 1630 4147; x_wconf 87' lang='lat' dir='ltr'>sunt</span> <span class='ocrx_word' id='word_1_265' title='bbox 1664 4091 1727 4147; x_wconf 87' lang='lat' dir='ltr'>et</span> <span class='ocrx_word' id='word_1_266' title='bbox 1773 4085 1995 4149; x_wconf 84' lang='lat' dir='ltr'>confir-</span> 
     </span>
     <span class='ocr_line' id='line_1_42' title="bbox 428 4178 1999 4257; baseline -0.002 -13"><span class='ocrx_word' id='word_1_267' title='bbox 428 4183 616 4255; x_wconf 87' lang='lat' dir='ltr'>mata,</span> <span class='ocrx_word' id='word_1_268' title='bbox 649 4183 712 4240; x_wconf 90' lang='lat' dir='ltr'>et</span> <span class='ocrx_word' id='word_1_269' title='bbox 753 4178 963 4240; x_wconf 83' lang='lat' dir='ltr'>statim</span> <span class='ocrx_word' id='word_1_270' title='bbox 1003 4183 1153 4239; x_wconf 89' lang='lat' dir='ltr'>sunt</span> <span class='ocrx_word' id='word_1_271' title='bbox 1193 4179 1406 4241; x_wconf 86' lang='lat' dir='ltr'>habita</span> <span class='ocrx_word' id='word_1_272' title='bbox 1443 4186 1515 4240; x_wconf 92' lang='lat' dir='ltr'>ut</span> <span class='ocrx_word' id='word_1_273' title='bbox 1571 4179 1804 4257; x_wconf 66' lang='lat' dir='ltr'>regulae</span> <span class='ocrx_word' id='word_1_274' title='bbox 1851 4180 1999 4242; x_wconf 87' lang='lat' dir='ltr'>fidei</span> 
     </span>
     <span class='ocr_line' id='line_1_43' title="bbox 427 4271 1995 4353; baseline -0.001 -17"><span class='ocrx_word' id='word_1_275' title='bbox 427 4271 803 4336; x_wconf 84' lang='lat' dir='ltr'>infallibiles.</span> <span class='ocrx_word' id='word_1_276' title='bbox 842 4271 1023 4332; x_wconf 85' lang='lat' dir='ltr'>Ratio</span> <span class='ocrx_word' id='word_1_277' title='bbox 1071 4278 1282 4333; x_wconf 86' lang='lat' dir='ltr'>autem</span> <span class='ocrx_word' id='word_1_278' title='bbox 1325 4279 1442 4348; x_wconf 88' lang='lat' dir='ltr'>est,</span> <span class='ocrx_word' id='word_1_279' title='bbox 1480 4274 1628 4353; x_wconf 84' lang='lat' dir='ltr'>quia</span> <span class='ocrx_word' id='word_1_280' title='bbox 1675 4273 1765 4333; x_wconf 89' lang='lat' dir='ltr'>ibi</span> <span class='ocrx_word' id='word_1_281' title='bbox 1818 4273 1995 4334; x_wconf 87' lang='lat' dir='ltr'>adest</span> 
     </span>
     <span class='ocr_line' id='line_1_44' title="bbox 427 4363 1993 4444; baseline 0.001 -18"><span class='ocrx_word' id='word_1_282' title='bbox 427 4370 558 4426; x_wconf 87' lang='lat' dir='ltr'>tota</span> <span class='ocrx_word' id='word_1_283' title='bbox 614 4363 941 4426; x_wconf 79' lang='lat' dir='ltr'>auctoritas</span> <span class='ocrx_word' id='word_1_284' title='bbox 995 4364 1279 4426; x_wconf 80' lang='lat' dir='ltr'>Ecclesiae</span> <span class='ocrx_word' id='word_1_285' title='bbox 1303 4410 1323 4441; x_wconf 90' lang='lat'>,</span> <span class='ocrx_word' id='word_1_286' title='bbox 1369 4383 1508 4444; x_wconf 83' lang='lat' dir='ltr'>quae</span> <span class='ocrx_word' id='word_1_287' title='bbox 1555 4365 1874 4428; x_wconf 84' lang='lat' dir='ltr'>invenitur</span> <span class='ocrx_word' id='word_1_288' title='bbox 1924 4367 1993 4428; x_wconf 89' lang='lat' dir='ltr'>in</span> 
     </span>
     <span class='ocr_line' id='line_1_45' title="bbox 426 4456 1995 4540; baseline 0.001 -20"><span class='ocrx_word' id='word_1_289' title='bbox 426 4457 698 4520; x_wconf 87' lang='lat' dir='ltr'>Concilio</span> <span class='ocrx_word' id='word_1_290' title='bbox 741 4456 1042 4535; x_wconf 79' lang='lat' dir='ltr'>generali,</span> <span class='ocrx_word' id='word_1_291' title='bbox 1071 4474 1212 4518; x_wconf 89' lang='lat' dir='ltr'>cum</span> <span class='ocrx_word' id='word_1_292' title='bbox 1260 4459 1589 4538; x_wconf 74' lang='lat' dir='ltr'>praesentia</span> <span class='ocrx_word' id='word_1_293' title='bbox 1641 4459 1842 4540; x_wconf 68' lang='lat' dir='ltr'>Papae,</span> <span class='ocrx_word' id='word_1_294' title='bbox 1883 4461 1995 4540; x_wconf 87' lang='lat' dir='ltr'>qui</span> 
     </span>
     <span class='ocr_line' id='line_1_46' title="bbox 427 4549 1989 4631; baseline 0.002 -21"><span class='ocrx_word' id='word_1_295' title='bbox 427 4551 599 4630; x_wconf 82' lang='lat' dir='ltr'>prius</span> <span class='ocrx_word' id='word_1_296' title='bbox 639 4549 839 4610; x_wconf 88' lang='lat' dir='ltr'>adfuit</span> <span class='ocrx_word' id='word_1_297' title='bbox 865 4551 1042 4629; x_wconf 88' lang='lat' dir='ltr'>quasi</span> <span class='ocrx_word' id='word_1_298' title='bbox 1069 4551 1568 4631; x_wconf 81' lang='lat' dir='ltr'>repraesentative</span> <span class='ocrx_word' id='word_1_299' title='bbox 1591 4570 1704 4630; x_wconf 88' lang='lat' dir='ltr'>per</span> <span class='ocrx_word' id='word_1_300' title='bbox 1731 4552 1989 4631; x_wconf 83' lang='lat' dir='ltr'>legatos;</span> 
     </span>
     <span class='ocr_line' id='line_1_47' title="bbox 427 4641 1992 4724; baseline 0.003 -21"><span class='ocrx_word' id='word_1_301' title='bbox 427 4650 490 4703; x_wconf 91' lang='lat' dir='ltr'>et</span> <span class='ocrx_word' id='word_1_302' title='bbox 513 4641 602 4718; x_wconf 88' lang='lat' dir='ltr'>id,</span> <span class='ocrx_word' id='word_1_303' title='bbox 632 4641 796 4724; x_wconf 88' lang='lat' dir='ltr'>quod</span> <span class='ocrx_word' id='word_1_304' title='bbox 823 4641 1034 4704; x_wconf 87' lang='lat' dir='ltr'>deesse</span> <span class='ocrx_word' id='word_1_305' title='bbox 1061 4641 1387 4705; x_wconf 85' lang='lat' dir='ltr'>videbatur</span> <span class='ocrx_word' id='word_1_306' title='bbox 1408 4644 1484 4706; x_wconf 90' lang='lat' dir='ltr'>de</span> <span class='ocrx_word' id='word_1_307' title='bbox 1515 4645 1820 4722; x_wconf 87' lang='lat' dir='ltr'>personali</span> <span class='ocrx_word' id='word_1_308' title='bbox 1850 4664 1992 4708; x_wconf 90' lang='lat' dir='ltr'>con-</span> 
     </span>
     <span class='ocr_line' id='line_1_48' title="bbox 428 4734 1989 4817; baseline 0.003 -21"><span class='ocrx_word' id='word_1_309' title='bbox 428 4754 610 4797; x_wconf 86' lang='lat' dir='ltr'>sensu</span> <span class='ocrx_word' id='word_1_310' title='bbox 631 4735 790 4815; x_wconf 88' lang='lat' dir='ltr'>ejus,</span> <span class='ocrx_word' id='word_1_311' title='bbox 805 4753 918 4816; x_wconf 90' lang='lat' dir='ltr'>per</span> <span class='ocrx_word' id='word_1_312' title='bbox 940 4734 1468 4798; x_wconf 87' lang='lat' dir='ltr'>confirmationem</span> <span class='ocrx_word' id='word_1_313' title='bbox 1499 4737 1847 4817; x_wconf 87' lang='lat' dir='ltr'>suppletum</span> <span class='ocrx_word' id='word_1_314' title='bbox 1875 4744 1989 4814; x_wconf 83' lang='lat' dir='ltr'>est3</span> 
     </span>
     <span class='ocr_line' id='line_1_49' title="bbox 427 4828 1994 4910; baseline 0 -18"><span class='ocrx_word' id='word_1_315' title='bbox 427 4847 576 4908; x_wconf 84' lang='lat' dir='ltr'>ergo</span> <span class='ocrx_word' id='word_1_316' title='bbox 607 4829 764 4890; x_wconf 88' lang='lat' dir='ltr'>nihil</span> <span class='ocrx_word' id='word_1_317' title='bbox 805 4829 977 4891; x_wconf 74' lang='lat' dir='ltr'>deest</span> <span class='ocrx_word' id='word_1_318' title='bbox 1022 4829 1100 4890; x_wconf 82' lang='lat' dir='ltr'>ad</span> <span class='ocrx_word' id='word_1_319' title='bbox 1148 4828 1397 4910; x_wconf 88' lang='lat' dir='ltr'>plenam</span> <span class='ocrx_word' id='word_1_320' title='bbox 1443 4831 1870 4893; x_wconf 88' lang='lat' dir='ltr'>auctoritatem</span> <span class='ocrx_word' id='word_1_321' title='bbox 1930 4838 1994 4893; x_wconf 89' lang='lat' dir='ltr'>et</span> 
     </span>
     <span class='ocr_line' id='line_1_50' title="bbox 427 4921 1995 5004; baseline 0.001 -20"><span class='ocrx_word' id='word_1_322' title='bbox 427 4921 935 4984; x_wconf 82' lang='lat' dir='ltr'>infallibilitatem</span> <span class='ocrx_word' id='word_1_323' title='bbox 981 4921 1121 4983; x_wconf 86' lang='lat' dir='ltr'>talis</span> <span class='ocrx_word' id='word_1_324' title='bbox 1150 4921 1431 4999; x_wconf 88' lang='lat' dir='ltr'>Concilii‚</span> <span class='ocrx_word' id='word_1_325' title='bbox 1461 4941 1610 4983; x_wconf 88' lang='lat' dir='ltr'>nam</span> <span class='ocrx_word' id='word_1_326' title='bbox 1663 4923 1995 5004; x_wconf 88' lang='lat' dir='ltr'>corporalis</span> 
     </span>
     <span class='ocr_line' id='line_1_51' title="bbox 425 5015 1994 5095; baseline 0.001 -19"><span class='ocrx_word' id='word_1_327' title='bbox 425 5015 534 5078; x_wconf 82' lang='lat' dir='ltr'>illa</span> <span class='ocrx_word' id='word_1_328' title='bbox 562 5015 887 5095; x_wconf 80' lang='lat' dir='ltr'>praesentia</span> <span class='ocrx_word' id='word_1_329' title='bbox 909 5033 1038 5076; x_wconf 89' lang='lat' dir='ltr'>non</span> <span class='ocrx_word' id='word_1_330' title='bbox 1069 5019 1159 5076; x_wconf 88' lang='lat' dir='ltr'>est</span> <span class='ocrx_word' id='word_1_331' title='bbox 1185 5015 1262 5076; x_wconf 87' lang='lat' dir='ltr'>dc</span> <span class='ocrx_word' id='word_1_332' title='bbox 1288 5015 1630 5078; x_wconf 86' lang='lat' dir='ltr'>substantia</span> <span class='ocrx_word' id='word_1_333' title='bbox 1648 5033 1669 5094; x_wconf 92' lang='lat'>;</span> <span class='ocrx_word' id='word_1_334' title='bbox 1689 5024 1752 5079; x_wconf 92' lang='lat' dir='ltr'>et</span> <span class='ocrx_word' id='word_1_335' title='bbox 1769 5017 1994 5079; x_wconf 84' lang='lat' dir='ltr'>sufficit</span> 
     </span>
     <span class='ocr_line' id='line_1_52' title="bbox 427 5109 1987 5190; baseline 0.002 -22"><span class='ocrx_word' id='word_1_336' title='bbox 427 5110 605 5188; x_wconf 91' lang='lat' dir='ltr'>quasi</span> <span class='ocrx_word' id='word_1_337' title='bbox 633 5109 971 5190; x_wconf 86' lang='lat' dir='ltr'>spiritualis</span> <span class='ocrx_word' id='word_1_338' title='bbox 999 5109 1357 5188; x_wconf 82' lang='lat' dir='ltr'>conjunctio</span> <span class='ocrx_word' id='word_1_339' title='bbox 1381 5113 1492 5189; x_wconf 90' lang='lat' dir='ltr'>pe&#39;r</span> <span class='ocrx_word' id='word_1_340' title='bbox 1520 5109 1830 5171; x_wconf 84' lang='lat' dir='ltr'>influxum</span> <span class='ocrx_word' id='word_1_341' title='bbox 1880 5130 1987 5190; x_wconf 90' lang='lat' dir='ltr'>po·</span> 
     </span>
     <span class='ocr_line' id='line_1_53' title="bbox 425 5199 1984 5282; baseline 0.002 -20"><span class='ocrx_word' id='word_1_342' title='bbox 425 5203 681 5278; x_wconf 89' lang='lat' dir='ltr'>testatis,</span> <span class='ocrx_word' id='word_1_343' title='bbox 714 5203 870 5263; x_wconf 87' lang='lat' dir='ltr'>sicut</span> <span class='ocrx_word' id='word_1_344' title='bbox 915 5202 1068 5262; x_wconf 84' lang='lat' dir='ltr'>alias</span> <span class='ocrx_word' id='word_1_345' title='bbox 1104 5199 1479 5282; x_wconf 81' lang='lat' dir='ltr'>significavit</span> <span class='ocrx_word' id='word_1_346' title='bbox 1505 5202 1757 5280; x_wconf 77' lang='lat' dir='ltr'>PauluS,</span> <span class='ocrx_word' id='word_1_347' title='bbox 1814 5206 1843 5265; x_wconf 82' lang='lat'><strong>1</strong></span> <span class='ocrx_word' id='word_1_348' title='bbox 1905 5203 1984 5265; x_wconf 83' lang='lat' dir='ltr'>ad</span> 
     </span>
     <span class='ocr_line' id='line_1_54' title="bbox 423 5293 1986 5374; baseline 0.001 -19"><span class='ocrx_word' id='word_1_349' title='bbox 423 5293 698 5356; x_wconf 79' lang='lat' dir='ltr'>Corinth.</span> <span class='ocrx_word' id='word_1_350' title='bbox 751 5297 814 5371; x_wconf 76' lang='lat'>5,</span> <span class='ocrx_word' id='word_1_351' title='bbox 872 5294 1121 5374; x_wconf 89' lang='lat' dir='ltr'>quando</span> <span class='ocrx_word' id='word_1_352' title='bbox 1169 5295 1727 5356; x_wconf 85' lang='lat' dir='ltr'>excommunicavit</span> <span class='ocrx_word' id='word_1_353' title='bbox 1766 5297 1986 5358; x_wconf 87' lang='lat' dir='ltr'>absen-</span> 
     </span>
     <span class='ocr_line' id='line_1_55' title="bbox 421 5385 1985 5468; baseline 0.003 -19"><span class='ocrx_word' id='word_1_354' title='bbox 421 5394 594 5449; x_wconf 84' lang='lat' dir='ltr'>tem:</span> <span class='ocrx_word' id='word_1_355' title='bbox 651 5385 1048 5468; x_wconf 68' lang='lat' dir='ltr'>Conyreyalic</span> <span class='ocrx_word' id='word_1_356' title='bbox 1090 5387 1278 5462; x_wconf 79' lang='lat' dir='ltr'>vobis,</span> <span class='ocrx_word' id='word_1_357' title='bbox 1334 5393 1390 5451; x_wconf 77' lang='lat' dir='ltr'>et</span> <span class='ocrx_word' id='word_1_358' title='bbox 1427 5405 1550 5449; x_wconf 87' lang='lat' dir='ltr'>meo</span> <span class='ocrx_word' id='word_1_359' title='bbox 1597 5389 1825 5468; x_wconf 76' lang='lat' dir='ltr'>spiritu</span> <span class='ocrx_word' id='word_1_360' title='bbox 1853 5407 1985 5452; x_wconf 79' lang='lat' dir='ltr'>cum</span> 
     </span>
     <span class='ocr_line' id='line_1_56' title="bbox 420 5480 1988 5544; baseline -0.001 0"><span class='ocrx_word' id='word_1_361' title='bbox 420 5482 646 5544; x_wconf 73' lang='lat' dir='ltr'>virtute</span> <span class='ocrx_word' id='word_1_362' title='bbox 695 5481 944 5544; x_wconf 77' lang='lat' dir='ltr'>Domini</span> <span class='ocrx_word' id='word_1_363' title='bbox 994 5481 1188 5543; x_wconf 76' lang='lat' dir='ltr'>nostri</span> <span class='ocrx_word' id='word_1_364' title='bbox 1240 5481 1411 5544; x_wconf 67' lang='lat' dir='ltr'>‚le-ste.</span> <span class='ocrx_word' id='word_1_365' title='bbox 1459 5480 1532 5541; x_wconf 88' lang='lat' dir='ltr'>Et</span> <span class='ocrx_word' id='word_1_366' title='bbox 1587 5480 1988 5542; x_wconf 82' lang='lat' dir='ltr'>confirmatur</span> 
     </span>
    </p>
   </div>
   <div class='ocr_carea' id='block_1_3' title="bbox 917 344 3156 415">
    <p class='ocr_par' dir='ltr' id='par_1_4' title="bbox 917 344 3156 415">
     <span class='ocr_line' id='line_1_57' title="bbox 917 344 3156 415; baseline 0 -12"><span class='ocrx_word' id='word_1_367' title='bbox 917 347 1155 404; x_wconf 79' lang='lat' dir='ltr'>nlsPn‘r.</span> <span class='ocrx_word' id='word_1_368' title='bbox 1192 347 1251 403; x_wconf 79' lang='lat' dir='ltr'>V.</span> <span class='ocrx_word' id='word_1_369' title='bbox 1287 347 1367 404; x_wconf 82' lang='lat' dir='ltr'>DE</span> <span class='ocrx_word' id='word_1_370' title='bbox 1399 347 1658 405; x_wconf 77' lang='lat' dir='ltr'>RFGULIS</span> <span class='ocrx_word' id='word_1_371' title='bbox 1691 345 1911 414; x_wconf 82' lang='lat' dir='ltr'><strong>QUIBUS</strong></span> <span class='ocrx_word' id='word_1_372' title='bbox 1943 344 2108 400; x_wconf 73' lang='lat' dir='ltr'>Fini-:1</span> <span class='ocrx_word' id='word_1_373' title='bbox 2140 345 2449 403; x_wconf 71' lang='lat' dir='ltr'>omsscwn</span> <span class='ocrx_word' id='word_1_374' title='bbox 2485 349 2985 415; x_wconf 75' lang='lat' dir='ltr'>INFALLlBlLlTER,</span> <span class='ocrx_word' id='word_1_375' title='bbox 3020 351 3156 404; x_wconf 72' lang='lat' dir='ltr'>mc,</span> 
     </span>
    </p>
   </div>
   <div class='ocr_carea' id='block_1_4' title="bbox 2066 450 3650 5562">
    <p class='ocr_par' dir='ltr' id='par_1_5' title="bbox 2074 450 3645 1074">
     <span class='ocr_line' id='line_1_58' title="bbox 2082 450 3643 534; baseline -0.001 -22"><span class='ocrx_word' id='word_1_376' title='bbox 2082 451 2357 530; x_wconf 87' lang='lat' dir='ltr'>tandem,</span> <span class='ocrx_word' id='word_1_377' title='bbox 2390 454 2537 532; x_wconf 89' lang='lat' dir='ltr'>quia</span> <span class='ocrx_word' id='word_1_378' title='bbox 2562 471 2721 534; x_wconf 85' lang='lat' dir='ltr'>saepe</span> <span class='ocrx_word' id='word_1_379' title='bbox 2764 452 3078 514; x_wconf 89' lang='lat' dir='ltr'>moraliter</span> <span class='ocrx_word' id='word_1_380' title='bbox 3121 450 3500 531; x_wconf 86' lang='lat' dir='ltr'>impossibile</span> <span class='ocrx_word' id='word_1_381' title='bbox 3550 456 3643 512; x_wconf 84' lang='lat' dir='ltr'>est</span> 
     </span>
     <span class='ocr_line' id='line_1_59' title="bbox 2080 541 3639 625; baseline -0.002 -20"><span class='ocrx_word' id='word_1_382' title='bbox 2080 545 2308 624; x_wconf 88' lang='lat' dir='ltr'>Papam</span> <span class='ocrx_word' id='word_1_383' title='bbox 2336 545 2743 625; x_wconf 85' lang='lat' dir='ltr'>personaliter</span> <span class='ocrx_word' id='word_1_384' title='bbox 2786 547 2995 608; x_wconf 88' lang='lat' dir='ltr'>adesse</span> <span class='ocrx_word' id='word_1_385' title='bbox 3036 544 3307 607; x_wconf 87' lang='lat' dir='ltr'>Concilio</span> <span class='ocrx_word' id='word_1_386' title='bbox 3336 541 3639 624; x_wconf 79' lang='lat' dir='ltr'>generali,</span> 
     </span>
     <span class='ocr_line' id='line_1_60' title="bbox 2076 636 3643 719; baseline -0.001 -21"><span class='ocrx_word' id='word_1_387' title='bbox 2076 655 2356 718; x_wconf 81' lang='lat' dir='ltr'>saepeque</span> <span class='ocrx_word' id='word_1_388' title='bbox 2396 645 2553 702; x_wconf 87' lang='lat' dir='ltr'>esset</span> <span class='ocrx_word' id='word_1_389' title='bbox 2596 659 2739 701; x_wconf 89' lang='lat' dir='ltr'>cum</span> <span class='ocrx_word' id='word_1_390' title='bbox 2787 657 3017 717; x_wconf 74' lang='lat' dir='ltr'>magno</span> <span class='ocrx_word' id='word_1_391' title='bbox 3065 637 3389 719; x_wconf 85' lang='lat' dir='ltr'>dispendio</span> <span class='ocrx_word' id='word_1_392' title='bbox 3436 636 3643 698; x_wconf 89' lang='lat' dir='ltr'>Eccle-</span> 
     </span>
     <span class='ocr_line' id='line_1_61' title="bbox 2076 730 3643 812; baseline -0.001 -21"><span class='ocrx_word' id='word_1_393' title='bbox 2076 730 2218 807; x_wconf 81' lang='lat' dir='ltr'>siae3</span> <span class='ocrx_word' id='word_1_394' title='bbox 2250 749 2399 811; x_wconf 82' lang='lat' dir='ltr'>ergo</span> <span class='ocrx_word' id='word_1_395' title='bbox 2428 748 2553 793; x_wconf 90' lang='lat' dir='ltr'>non</span> <span class='ocrx_word' id='word_1_396' title='bbox 2586 738 2677 794; x_wconf 88' lang='lat' dir='ltr'>est</span> <span class='ocrx_word' id='word_1_397' title='bbox 2698 731 3033 794; x_wconf 81' lang='lat' dir='ltr'>verisimile</span> <span class='ocrx_word' id='word_1_398' title='bbox 3057 731 3221 793; x_wconf 89' lang='lat' dir='ltr'>hanc</span> <span class='ocrx_word' id='word_1_399' title='bbox 3248 732 3643 812; x_wconf 83' lang='lat' dir='ltr'>praesentiam</span> 
     </span>
     <span class='ocr_line' id='line_1_62' title="bbox 2074 825 3645 905; baseline -0.001 -19"><span class='ocrx_word' id='word_1_400' title='bbox 2074 841 2206 886; x_wconf 87' lang='lat' dir='ltr'>esse</span> <span class='ocrx_word' id='word_1_401' title='bbox 2238 827 2668 902; x_wconf 85' lang='lat' dir='ltr'>necessariam,</span> <span class='ocrx_word' id='word_1_402' title='bbox 2687 825 2831 904; x_wconf 87' lang='lat' dir='ltr'>quia</span> <span class='ocrx_word' id='word_1_403' title='bbox 2853 843 3054 905; x_wconf 87' lang='lat' dir='ltr'>neque</span> <span class='ocrx_word' id='word_1_404' title='bbox 3084 831 3241 890; x_wconf 80' lang='lat' dir='ltr'>esset</span> <span class='ocrx_word' id='word_1_405' title='bbox 3266 825 3645 885; x_wconf 79' lang='lat' dir='ltr'>conveniens</span> 
     </span>
     <span class='ocr_line' id='line_1_63' title="bbox 2074 914 3644 999; baseline 0 -21"><span class='ocrx_word' id='word_1_406' title='bbox 2074 917 2473 996; x_wconf 77' lang='lat' dir='ltr'>providentiae</span> <span class='ocrx_word' id='word_1_407' title='bbox 2504 919 2745 994; x_wconf 67' lang='lat' dir='ltr'>modus»,</span> <span class='ocrx_word' id='word_1_408' title='bbox 2792 936 2993 999; x_wconf 89' lang='lat' dir='ltr'>neque</span> <span class='ocrx_word' id='word_1_409' title='bbox 3026 924 3116 980; x_wconf 89' lang='lat' dir='ltr'>cst</span> <span class='ocrx_word' id='word_1_410' title='bbox 3162 914 3644 978; x_wconf 89' lang='lat' dir='ltr'>fundamentum</span> 
     </span>
     <span class='ocr_line' id='line_1_64' title="bbox 2080 1010 2701 1074; baseline 0.003 -2"><span class='ocrx_word' id='word_1_411' title='bbox 2080 1011 2159 1072; x_wconf 89' lang='lat' dir='ltr'>ad</span> <span class='ocrx_word' id='word_1_412' title='bbox 2184 1010 2248 1072; x_wconf 88' lang='lat' dir='ltr'>id</span> <span class='ocrx_word' id='word_1_413' title='bbox 2279 1013 2701 1074; x_wconf 88' lang='lat' dir='ltr'>asserendum.</span> 
     </span>
    </p>

    <p class='ocr_par' dir='ltr' id='par_1_6' title="bbox 2075 1104 3649 3602">
     <span class='ocr_line' id='line_1_65' title="bbox 2161 1104 3644 1184; baseline -0.001 -18"><span class='ocrx_word' id='word_1_414' title='bbox 2161 1105 2256 1166; x_wconf 71' lang='lat'>⁴0.</span> <span class='ocrx_word' id='word_1_415' title='bbox 2270 1105 2494 1169; x_wconf 77' lang='lat' dir='ltr'>&#39;Tertia-</span> <span class='ocrx_word' id='word_1_416' title='bbox 2514 1105 2767 1169; x_wconf 53' lang='lat' dir='ltr'>assertio</span> <span class='ocrx_word' id='word_1_417' title='bbox 2779 1122 2802 1159; x_wconf 89' lang='lat'>-·</span> <span class='ocrx_word' id='word_1_418' title='bbox 2824 1104 3157 1169; x_wconf 75' lang='lat' dir='ltr'>Concilium</span> <span class='ocrx_word' id='word_1_419' title='bbox 3168 1104 3443 1184; x_wconf 69' lang='lat' dir='ltr'>ymerale</span> <span class='ocrx_word' id='word_1_420' title='bbox 3462 1105 3644 1165; x_wconf 74' lang='lat' dir='ltr'>tertio</span> 
     </span>
     <span class='ocr_line' id='line_1_66' title="bbox 2076 1195 3644 1282; baseline -0.001 -24"><span class='ocrx_word' id='word_1_421' title='bbox 2076 1199 2243 1282; x_wconf 80' lang='lat' dir='ltr'>modo</span> <span class='ocrx_word' id='word_1_422' title='bbox 2286 1198 2598 1276; x_wconf 72' lang='lat' dir='ltr'>definiens,</span> <span class='ocrx_word' id='word_1_423' title='bbox 2630 1203 2717 1260; x_wconf 73' lang='lat' dir='ltr'>eal</span> <span class='ocrx_word' id='word_1_424' title='bbox 2744 1199 2956 1280; x_wconf 73' lang='lat' dir='ltr'>reyula</span> <span class='ocrx_word' id='word_1_425' title='bbox 2982 1198 3150 1276; x_wconf 80' lang='lat' dir='ltr'>fidei.</span> <span class='ocrx_word' id='word_1_426' title='bbox 3174 1231 3251 1242; x_wconf 92' lang='lat'>——</span> <span class='ocrx_word' id='word_1_427' title='bbox 3279 1196 3489 1258; x_wconf 82' lang='lat' dir='ltr'>Tertio</span> <span class='ocrx_word' id='word_1_428' title='bbox 3539 1195 3644 1256; x_wconf 90' lang='lat' dir='ltr'>ad-</span> 
     </span>
     <span class='ocr_line' id='line_1_67' title="bbox 2075 1287 3649 1373; baseline -0.002 -22"><span class='ocrx_word' id='word_1_429' title='bbox 2075 1289 2351 1352; x_wconf 88' lang='lat' dir='ltr'>dendum</span> <span class='ocrx_word' id='word_1_430' title='bbox 2378 1297 2491 1368; x_wconf 84' lang='lat' dir='ltr'>est,</span> <span class='ocrx_word' id='word_1_431' title='bbox 2522 1291 2773 1373; x_wconf 89' lang='lat' dir='ltr'>quando</span> <span class='ocrx_word' id='word_1_432' title='bbox 2805 1290 3148 1353; x_wconf 90' lang='lat' dir='ltr'>Concilium</span> <span class='ocrx_word' id='word_1_433' title='bbox 3190 1289 3481 1368; x_wconf 72' lang='lat' dir='ltr'>gencrale</span> <span class='ocrx_word' id='word_1_434' title='bbox 3536 1287 3649 1348; x_wconf 83' lang='lat' dir='ltr'>ha-</span> 
     </span>
     <span class='ocr_line' id='line_1_68' title="bbox 2077 1381 3649 1463; baseline -0.001 -20"><span class='ocrx_word' id='word_1_435' title='bbox 2077 1381 2182 1444; x_wconf 90' lang='lat' dir='ltr'>bet</span> <span class='ocrx_word' id='word_1_436' title='bbox 2210 1383 2679 1446; x_wconf 87' lang='lat' dir='ltr'>instructionem</span> <span class='ocrx_word' id='word_1_437' title='bbox 2702 1401 2743 1444; x_wconf 89' lang='lat' dir='ltr'>a</span> <span class='ocrx_word' id='word_1_438' title='bbox 2770 1384 2935 1463; x_wconf 89' lang='lat' dir='ltr'>Papa</span> <span class='ocrx_word' id='word_1_439' title='bbox 2964 1401 3077 1463; x_wconf 87' lang='lat' dir='ltr'>per</span> <span class='ocrx_word' id='word_1_440' title='bbox 3102 1382 3336 1463; x_wconf 78' lang='lat' dir='ltr'>legatos</span> <span class='ocrx_word' id='word_1_441' title='bbox 3362 1382 3442 1443; x_wconf 88' lang='lat' dir='ltr'>de</span> <span class='ocrx_word' id='word_1_442' title='bbox 3464 1381 3649 1442; x_wconf 83' lang='lat' dir='ltr'>rebus</span> 
     </span>
     <span class='ocr_line' id='line_1_69' title="bbox 2078 1474 3645 1557; baseline -0.001 -21"><span class='ocrx_word' id='word_1_443' title='bbox 2078 1477 2143 1537; x_wconf 90' lang='lat' dir='ltr'>iu</span> <span class='ocrx_word' id='word_1_444' title='bbox 2168 1476 2531 1556; x_wconf 88' lang='lat' dir='ltr'>particulari</span> <span class='ocrx_word' id='word_1_445' title='bbox 2557 1475 2949 1553; x_wconf 83' lang='lat' dir='ltr'>definiendis,</span> <span class='ocrx_word' id='word_1_446' title='bbox 2976 1483 3037 1540; x_wconf 89' lang='lat' dir='ltr'>et</span> <span class='ocrx_word' id='word_1_447' title='bbox 3064 1477 3267 1557; x_wconf 88' lang='lat' dir='ltr'>ipsum</span> <span class='ocrx_word' id='word_1_448' title='bbox 3290 1474 3645 1537; x_wconf 84' lang='lat' dir='ltr'>Concilium</span> 
     </span>
     <span class='ocr_line' id='line_1_70' title="bbox 2076 1569 3648 1651; baseline -0.002 -21"><span class='ocrx_word' id='word_1_449' title='bbox 2076 1569 2295 1631; x_wconf 89' lang='lat' dir='ltr'>definit</span> <span class='ocrx_word' id='word_1_450' title='bbox 2353 1570 2666 1651; x_wconf 87' lang='lat' dir='ltr'>sequendo</span> <span class='ocrx_word' id='word_1_451' title='bbox 2718 1571 3214 1645; x_wconf 74' lang='lat' dir='ltr'>instructionem,</span> <span class='ocrx_word' id='word_1_452' title='bbox 3263 1585 3469 1631; x_wconf 86' lang='lat' dir='ltr'>errare</span> <span class='ocrx_word' id='word_1_453' title='bbox 3518 1585 3648 1628; x_wconf 90' lang='lat' dir='ltr'>non</span> 
     </span>
     <span class='ocr_line' id='line_1_71' title="bbox 2078 1661 3649 1744; baseline -0.001 -20"><span class='ocrx_word' id='word_1_454' title='bbox 2078 1669 2301 1744; x_wconf 87' lang='lat' dir='ltr'>potest,</span> <span class='ocrx_word' id='word_1_455' title='bbox 2347 1671 2411 1726; x_wconf 83' lang='lat' dir='ltr'>et</span> <span class='ocrx_word' id='word_1_456' title='bbox 2454 1665 2687 1736; x_wconf 88' lang='lat' dir='ltr'>statim,</span> <span class='ocrx_word' id='word_1_457' title='bbox 2716 1663 2889 1725; x_wconf 91' lang='lat' dir='ltr'>nulla</span> <span class='ocrx_word' id='word_1_458' title='bbox 2932 1669 3201 1744; x_wconf 87' lang='lat' dir='ltr'>spectata</span> <span class='ocrx_word' id='word_1_459' title='bbox 3228 1661 3649 1722; x_wconf 84' lang='lat' dir='ltr'>confirmatio-</span> 
     </span>
     <span class='ocr_line' id='line_1_72' title="bbox 2076 1753 3649 1836; baseline -0.003 -18"><span class='ocrx_word' id='word_1_460' title='bbox 2076 1775 2180 1831; x_wconf 87' lang='lat' dir='ltr'>ne,</span> <span class='ocrx_word' id='word_1_461' title='bbox 2215 1757 2432 1836; x_wconf 90' lang='lat' dir='ltr'>incipit</span> <span class='ocrx_word' id='word_1_462' title='bbox 2478 1775 2610 1819; x_wconf 88' lang='lat' dir='ltr'>esse</span> <span class='ocrx_word' id='word_1_463' title='bbox 2659 1756 2769 1818; x_wconf 87' lang='lat' dir='ltr'>illa</span> <span class='ocrx_word' id='word_1_464' title='bbox 2812 1757 3095 1818; x_wconf 89' lang='lat' dir='ltr'>definitio</span> <span class='ocrx_word' id='word_1_465' title='bbox 3131 1755 3347 1836; x_wconf 84' lang='lat' dir='ltr'>regula</span> <span class='ocrx_word' id='word_1_466' title='bbox 3374 1753 3552 1831; x_wconf 87' lang='lat' dir='ltr'>fidei,</span> <span class='ocrx_word' id='word_1_467' title='bbox 3588 1761 3649 1814; x_wconf 89' lang='lat' dir='ltr'>et</span> 
     </span>
     <span class='ocr_line' id='line_1_73' title="bbox 2076 1848 3649 1913; baseline -0.001 -1"><span class='ocrx_word' id='word_1_468' title='bbox 2076 1868 2172 1912; x_wconf 90' lang='lat' dir='ltr'>res</span> <span class='ocrx_word' id='word_1_469' title='bbox 2198 1849 2455 1912; x_wconf 79' lang='lat' dir='ltr'>definita</span> <span class='ocrx_word' id='word_1_470' title='bbox 2482 1850 2559 1911; x_wconf 89' lang='lat' dir='ltr'>de</span> <span class='ocrx_word' id='word_1_471' title='bbox 2593 1849 2735 1913; x_wconf 88' lang='lat' dir='ltr'>fide.</span> <span class='ocrx_word' id='word_1_472' title='bbox 2786 1851 2879 1911; x_wconf 87' lang='lat' dir='ltr'>lta</span> <span class='ocrx_word' id='word_1_473' title='bbox 2918 1851 3107 1912; x_wconf 87' lang='lat' dir='ltr'>etiam</span> <span class='ocrx_word' id='word_1_474' title='bbox 3152 1848 3433 1910; x_wconf 84' lang='lat' dir='ltr'>sentiunt</span> <span class='ocrx_word' id='word_1_475' title='bbox 3476 1865 3649 1911; x_wconf 81' lang='lat' dir='ltr'>com-</span> 
     </span>
     <span class='ocr_line' id='line_1_74' title="bbox 2076 1940 3648 2022; baseline -0.002 -20"><span class='ocrx_word' id='word_1_476' title='bbox 2076 1944 2351 2004; x_wconf 88' lang='lat' dir='ltr'>muniter</span> <span class='ocrx_word' id='word_1_477' title='bbox 2390 1942 2710 2020; x_wconf 87' lang='lat' dir='ltr'>Catholici,</span> <span class='ocrx_word' id='word_1_478' title='bbox 2744 1951 2807 2004; x_wconf 84' lang='lat' dir='ltr'>et</span> <span class='ocrx_word' id='word_1_479' title='bbox 2846 1949 2940 2003; x_wconf 68' lang='lat' dir='ltr'>est</span> <span class='ocrx_word' id='word_1_480' title='bbox 2980 1959 3081 2005; x_wconf 90' lang='lat' dir='ltr'>res</span> <span class='ocrx_word' id='word_1_481' title='bbox 3119 1948 3320 2018; x_wconf 83' lang='lat' dir='ltr'>certa3</span> <span class='ocrx_word' id='word_1_482' title='bbox 3350 1941 3503 2022; x_wconf 85' lang='lat' dir='ltr'>quia</span> <span class='ocrx_word' id='word_1_483' title='bbox 3538 1940 3648 2000; x_wconf 88' lang='lat' dir='ltr'>illa</span> 
     </span>
     <span class='ocr_line' id='line_1_75' title="bbox 2078 2035 3645 2118; baseline -0.002 -21"><span class='ocrx_word' id='word_1_484' title='bbox 2078 2036 2358 2098; x_wconf 85' lang='lat' dir='ltr'>definitio</span> <span class='ocrx_word' id='word_1_485' title='bbox 2383 2038 2514 2118; x_wconf 87' lang='lat' dir='ltr'>jam</span> <span class='ocrx_word' id='word_1_486' title='bbox 2546 2037 2734 2099; x_wconf 81' lang='lat' dir='ltr'>habet</span> <span class='ocrx_word' id='word_1_487' title='bbox 2765 2055 3133 2100; x_wconf 85' lang='lat' dir='ltr'>consensum</span> <span class='ocrx_word' id='word_1_488' title='bbox 3162 2036 3352 2097; x_wconf 87' lang='lat' dir='ltr'>totius</span> <span class='ocrx_word' id='word_1_489' title='bbox 3386 2035 3645 2096; x_wconf 88' lang='lat' dir='ltr'>Concilii</span> 
     </span>
     <span class='ocr_line' id='line_1_76' title="bbox 2080 2127 3644 2213; baseline -0.003 -21"><span class='ocrx_word' id='word_1_490' title='bbox 2080 2135 2142 2192; x_wconf 89' lang='lat' dir='ltr'>et</span> <span class='ocrx_word' id='word_1_491' title='bbox 2174 2131 2377 2210; x_wconf 83' lang='lat' dir='ltr'>Papae,</span> <span class='ocrx_word' id='word_1_492' title='bbox 2408 2148 2537 2193; x_wconf 91' lang='lat' dir='ltr'>non</span> <span class='ocrx_word' id='word_1_493' title='bbox 2587 2130 2787 2194; x_wconf 88' lang='lat' dir='ltr'>solum</span> <span class='ocrx_word' id='word_1_494' title='bbox 2837 2150 2949 2213; x_wconf 91' lang='lat' dir='ltr'>per</span> <span class='ocrx_word' id='word_1_495' title='bbox 3000 2130 3248 2209; x_wconf 85' lang='lat' dir='ltr'>legatos,</span> <span class='ocrx_word' id='word_1_496' title='bbox 3304 2128 3409 2190; x_wconf 85' lang='lat' dir='ltr'>sed</span> <span class='ocrx_word' id='word_1_497' title='bbox 3453 2127 3644 2188; x_wconf 89' lang='lat' dir='ltr'>etiam</span> 
     </span>
     <span class='ocr_line' id='line_1_77' title="bbox 2080 2221 3643 2304; baseline -0.001 -21"><span class='ocrx_word' id='word_1_498' title='bbox 2080 2241 2191 2304; x_wconf 91' lang='lat' dir='ltr'>per</span> <span class='ocrx_word' id='word_1_499' title='bbox 2214 2223 2479 2303; x_wconf 88' lang='lat' dir='ltr'>seipsum</span> <span class='ocrx_word' id='word_1_500' title='bbox 2500 2239 2521 2301; x_wconf 83' lang='lat'>3</span> <span class='ocrx_word' id='word_1_501' title='bbox 2552 2242 2701 2303; x_wconf 82' lang='lat' dir='ltr'>ergo</span> <span class='ocrx_word' id='word_1_502' title='bbox 2722 2225 2910 2285; x_wconf 89' lang='lat' dir='ltr'>habet</span> <span class='ocrx_word' id='word_1_503' title='bbox 2932 2229 3169 2285; x_wconf 84' lang='lat' dir='ltr'>tantam</span> <span class='ocrx_word' id='word_1_504' title='bbox 3209 2221 3643 2284; x_wconf 87' lang='lat' dir='ltr'>auctoritatem</span> 
     </span>
     <span class='ocr_line' id='line_1_78' title="bbox 2082 2315 3645 2394; baseline -0.003 -15"><span class='ocrx_word' id='word_1_505' title='bbox 2082 2322 2145 2380; x_wconf 88' lang='lat' dir='ltr'>et</span> <span class='ocrx_word' id='word_1_506' title='bbox 2186 2317 2643 2394; x_wconf 88' lang='lat' dir='ltr'>certitudinem,</span> <span class='ocrx_word' id='word_1_507' title='bbox 2674 2317 2830 2379; x_wconf 91' lang='lat' dir='ltr'>sicut</span> <span class='ocrx_word' id='word_1_508' title='bbox 2867 2316 3144 2379; x_wconf 88' lang='lat' dir='ltr'>definitio</span> <span class='ocrx_word' id='word_1_509' title='bbox 3172 2315 3429 2378; x_wconf 89' lang='lat' dir='ltr'>Concilii</span> <span class='ocrx_word' id='word_1_510' title='bbox 3456 2331 3645 2394; x_wconf 80' lang='lat' dir='ltr'>gene-</span> 
     </span>
     <span class='ocr_line' id='line_1_79' title="bbox 2080 2409 3647 2493; baseline -0.004 -19"><span class='ocrx_word' id='word_1_511' title='bbox 2080 2410 2229 2474; x_wconf 86' lang='lat' dir='ltr'>ralis</span> <span class='ocrx_word' id='word_1_512' title='bbox 2246 2409 2355 2471; x_wconf 88' lang='lat' dir='ltr'>ubi</span> <span class='ocrx_word' id='word_1_513' title='bbox 2378 2411 2550 2476; x_wconf 80' lang='lat' dir='ltr'>adest</span> <span class='ocrx_word' id='word_1_514' title='bbox 2568 2429 2834 2493; x_wconf 68' lang='lat' dir='ltr'>praesens</span> <span class='ocrx_word' id='word_1_515' title='bbox 2858 2412 3045 2492; x_wconf 86' lang='lat' dir='ltr'>Papa.</span> <span class='ocrx_word' id='word_1_516' title='bbox 3068 2411 3242 2471; x_wconf 89' lang='lat' dir='ltr'>Patet</span> <span class='ocrx_word' id='word_1_517' title='bbox 3260 2426 3647 2488; x_wconf 88' lang='lat' dir='ltr'>consequen·</span> 
     </span>
     <span class='ocr_line' id='line_1_80' title="bbox 2081 2501 3648 2584; baseline -0.003 -20"><span class='ocrx_word' id='word_1_518' title='bbox 2081 2504 2192 2581; x_wconf 86' lang='lat' dir='ltr'>tia,</span> <span class='ocrx_word' id='word_1_519' title='bbox 2224 2503 2392 2584; x_wconf 86' lang='lat' dir='ltr'>quia,</span> <span class='ocrx_word' id='word_1_520' title='bbox 2438 2511 2507 2564; x_wconf 89' lang='lat' dir='ltr'>ut</span> <span class='ocrx_word' id='word_1_521' title='bbox 2537 2503 2687 2580; x_wconf 85' lang='lat' dir='ltr'>dixi,</span> <span class='ocrx_word' id='word_1_522' title='bbox 2718 2505 3044 2584; x_wconf 67' lang='lat' dir='ltr'>praesentia</span> <span class='ocrx_word' id='word_1_523' title='bbox 3072 2502 3169 2565; x_wconf 87' lang='lat' dir='ltr'>vcl</span> <span class='ocrx_word' id='word_1_524' title='bbox 3195 2501 3481 2564; x_wconf 88' lang='lat' dir='ltr'>absentia</span> <span class='ocrx_word' id='word_1_525' title='bbox 3510 2519 3648 2579; x_wconf 87' lang='lat' dir='ltr'>per-</span> 
     </span>
     <span class='ocr_line' id='line_1_81' title="bbox 2080 2592 3648 2678; baseline -0.003 -21"><span class='ocrx_word' id='word_1_526' title='bbox 2080 2597 2308 2658; x_wconf 90' lang='lat' dir='ltr'>sonalis</span> <span class='ocrx_word' id='word_1_527' title='bbox 2356 2613 2463 2658; x_wconf 89' lang='lat' dir='ltr'>seu</span> <span class='ocrx_word' id='word_1_528' title='bbox 2510 2595 2843 2677; x_wconf 85' lang='lat' dir='ltr'>corporalis</span> <span class='ocrx_word' id='word_1_529' title='bbox 2892 2614 3113 2678; x_wconf 88' lang='lat' dir='ltr'>parum</span> <span class='ocrx_word' id='word_1_530' title='bbox 3157 2595 3371 2670; x_wconf 82' lang='lat' dir='ltr'>refert,</span> <span class='ocrx_word' id='word_1_531' title='bbox 3403 2594 3457 2656; x_wconf 90' lang='lat' dir='ltr'>si</span> <span class='ocrx_word' id='word_1_532' title='bbox 3492 2592 3648 2654; x_wconf 86' lang='lat' dir='ltr'>alias</span> 
     </span>
     <span class='ocr_line' id='line_1_82' title="bbox 2076 2685 3643 2768; baseline -0.003 -18"><span class='ocrx_word' id='word_1_533' title='bbox 2076 2693 2317 2750; x_wconf 87' lang='lat' dir='ltr'>constat</span> <span class='ocrx_word' id='word_1_534' title='bbox 2343 2688 2421 2750; x_wconf 91' lang='lat' dir='ltr'>de</span> <span class='ocrx_word' id='word_1_535' title='bbox 2444 2689 2683 2768; x_wconf 63' lang='lat' dir='ltr'>‚iudicio</span> <span class='ocrx_word' id='word_1_536' title='bbox 2730 2696 2793 2751; x_wconf 92' lang='lat' dir='ltr'>et</span> <span class='ocrx_word' id='word_1_537' title='bbox 2843 2691 2920 2751; x_wconf 87' lang='lat' dir='ltr'>de</span> <span class='ocrx_word' id='word_1_538' title='bbox 2959 2706 3259 2751; x_wconf 89' lang='lat' dir='ltr'>consensu</span> <span class='ocrx_word' id='word_1_539' title='bbox 3304 2685 3643 2748; x_wconf 87' lang='lat' dir='ltr'>Pontificis.</span> 
     </span>
     <span class='ocr_line' id='line_1_83' title="bbox 2076 2779 3645 2863; baseline -0.001 -22"><span class='ocrx_word' id='word_1_540' title='bbox 2076 2781 2309 2842; x_wconf 86' lang='lat' dir='ltr'>Deinde</span> <span class='ocrx_word' id='word_1_541' title='bbox 2330 2781 2652 2863; x_wconf 86' lang='lat' dir='ltr'>probatur,</span> <span class='ocrx_word' id='word_1_542' title='bbox 2678 2784 2826 2863; x_wconf 87' lang='lat' dir='ltr'>quia</span> <span class='ocrx_word' id='word_1_543' title='bbox 2853 2782 3010 2843; x_wconf 85' lang='lat' dir='ltr'>illud</span> <span class='ocrx_word' id='word_1_544' title='bbox 3043 2780 3407 2857; x_wconf 88' lang='lat' dir='ltr'>Concilium,</span> <span class='ocrx_word' id='word_1_545' title='bbox 3430 2779 3645 2860; x_wconf 89' lang='lat' dir='ltr'>quoad</span> 
     </span>
     <span class='ocr_line' id='line_1_84' title="bbox 2076 2873 3647 2952; baseline -0.002 -16"><span class='ocrx_word' id='word_1_546' title='bbox 2076 2874 2264 2936; x_wconf 86' lang='lat' dir='ltr'>talem</span> <span class='ocrx_word' id='word_1_547' title='bbox 2326 2874 2747 2937; x_wconf 89' lang='lat' dir='ltr'>definitionem</span> <span class='ocrx_word' id='word_1_548' title='bbox 2772 2921 2793 2952; x_wconf 88' lang='lat'>,</span> <span class='ocrx_word' id='word_1_549' title='bbox 2850 2875 3038 2938; x_wconf 84' lang='lat' dir='ltr'>habet</span> <span class='ocrx_word' id='word_1_550' title='bbox 3100 2873 3647 2936; x_wconf 87' lang='lat' dir='ltr'>confirmationem</span> 
     </span>
     <span class='ocr_line' id='line_1_85' title="bbox 2079 2965 3649 3049; baseline -0.003 -19"><span class='ocrx_word' id='word_1_551' title='bbox 2079 2967 2412 3044; x_wconf 76' lang='lat' dir='ltr'>PontificiS,</span> <span class='ocrx_word' id='word_1_552' title='bbox 2445 2970 2622 3048; x_wconf 85' lang='lat' dir='ltr'>quasi</span> <span class='ocrx_word' id='word_1_553' title='bbox 2650 2968 3085 3049; x_wconf 82' lang='lat' dir='ltr'>anticipatam3</span> <span class='ocrx_word' id='word_1_554' title='bbox 3112 2985 3262 3048; x_wconf 81' lang='lat' dir='ltr'>ergo</span> <span class='ocrx_word' id='word_1_555' title='bbox 3291 2985 3418 3027; x_wconf 86' lang='lat' dir='ltr'>uon</span> <span class='ocrx_word' id='word_1_556' title='bbox 3454 2965 3649 3027; x_wconf 85' lang='lat' dir='ltr'>habet</span> 
     </span>
     <span class='ocr_line' id='line_1_86' title="bbox 2079 3059 3645 3142; baseline -0.003 -19"><span class='ocrx_word' id='word_1_557' title='bbox 2079 3062 2384 3124; x_wconf 89' lang='lat' dir='ltr'>minorem</span> <span class='ocrx_word' id='word_1_558' title='bbox 2436 3062 2865 3124; x_wconf 87' lang='lat' dir='ltr'>auctoritatem</span> <span class='ocrx_word' id='word_1_559' title='bbox 2914 3079 3103 3142; x_wconf 84' lang='lat' dir='ltr'>quam</span> <span class='ocrx_word' id='word_1_560' title='bbox 3146 3059 3499 3123; x_wconf 90' lang='lat' dir='ltr'>Concilium</span> <span class='ocrx_word' id='word_1_561' title='bbox 3538 3077 3645 3138; x_wconf 81' lang='lat' dir='ltr'>ge-</span> 
     </span>
     <span class='ocr_line' id='line_1_87' title="bbox 2078 3153 3643 3233; baseline -0.001 -17"><span class='ocrx_word' id='word_1_562' title='bbox 2078 3153 2287 3217; x_wconf 87' lang='lat' dir='ltr'>nerale</span> <span class='ocrx_word' id='word_1_563' title='bbox 2315 3154 2771 3217; x_wconf 88' lang='lat' dir='ltr'>confirmatum.</span> <span class='ocrx_word' id='word_1_564' title='bbox 2802 3157 2872 3216; x_wconf 90' lang='lat' dir='ltr'>In</span> <span class='ocrx_word' id='word_1_565' title='bbox 2908 3154 3005 3216; x_wconf 85' lang='lat' dir='ltr'>his</span> <span class='ocrx_word' id='word_1_566' title='bbox 3026 3171 3173 3233; x_wconf 77' lang='lat' dir='ltr'>ergo</span> <span class='ocrx_word' id='word_1_567' title='bbox 3204 3153 3403 3214; x_wconf 88' lang='lat' dir='ltr'>tribus</span> <span class='ocrx_word' id='word_1_568' title='bbox 3444 3171 3643 3214; x_wconf 82' lang='lat' dir='ltr'>asser·</span> 
     </span>
     <span class='ocr_line' id='line_1_88' title="bbox 2077 3243 3643 3310; baseline -0.003 -1"><span class='ocrx_word' id='word_1_569' title='bbox 2077 3246 2351 3309; x_wconf 87' lang='lat' dir='ltr'>tionibus</span> <span class='ocrx_word' id='word_1_570' title='bbox 2376 3245 2550 3309; x_wconf 84' lang='lat' dir='ltr'>nulla</span> <span class='ocrx_word' id='word_1_571' title='bbox 2576 3255 2669 3310; x_wconf 88' lang='lat' dir='ltr'>est</span> <span class='ocrx_word' id='word_1_572' title='bbox 2704 3247 3032 3308; x_wconf 83' lang='lat' dir='ltr'>dubitatio.</span> <span class='ocrx_word' id='word_1_573' title='bbox 3064 3247 3135 3306; x_wconf 90' lang='lat' dir='ltr'>In</span> <span class='ocrx_word' id='word_1_574' title='bbox 3162 3245 3278 3307; x_wconf 88' lang='lat' dir='ltr'>hac</span> <span class='ocrx_word' id='word_1_575' title='bbox 3319 3263 3471 3306; x_wconf 82' lang='lat' dir='ltr'>vero</span> <span class='ocrx_word' id='word_1_576' title='bbox 3500 3243 3643 3304; x_wconf 90' lang='lat' dir='ltr'>ulti·</span> 
     </span>
     <span class='ocr_line' id='line_1_89' title="bbox 2077 3337 3643 3420; baseline -0.003 -18"><span class='ocrx_word' id='word_1_577' title='bbox 2077 3359 2181 3402; x_wconf 90' lang='lat' dir='ltr'>ma</span> <span class='ocrx_word' id='word_1_578' title='bbox 2217 3345 2418 3420; x_wconf 89' lang='lat' dir='ltr'>posset</span> <span class='ocrx_word' id='word_1_579' title='bbox 2465 3339 2700 3420; x_wconf 88' lang='lat' dir='ltr'>aliquid</span> <span class='ocrx_word' id='word_1_580' title='bbox 2728 3341 2925 3402; x_wconf 89' lang='lat' dir='ltr'>inesse</span> <span class='ocrx_word' id='word_1_581' title='bbox 2952 3339 3356 3415; x_wconf 71' lang='lat' dir='ltr'>difficultatiS,</span> <span class='ocrx_word' id='word_1_582' title='bbox 3393 3338 3503 3399; x_wconf 90' lang='lat' dir='ltr'>sed</span> <span class='ocrx_word' id='word_1_583' title='bbox 3552 3337 3643 3398; x_wconf 88' lang='lat' dir='ltr'>fa-</span> 
     </span>
     <span class='ocr_line' id='line_1_90' title="bbox 2076 3432 3643 3515; baseline -0.002 -20"><span class='ocrx_word' id='word_1_584' title='bbox 2076 3435 2191 3496; x_wconf 91' lang='lat' dir='ltr'>cile</span> <span class='ocrx_word' id='word_1_585' title='bbox 2220 3433 2496 3515; x_wconf 87' lang='lat' dir='ltr'>expediri</span> <span class='ocrx_word' id='word_1_586' title='bbox 2523 3440 2718 3514; x_wconf 86' lang='lat' dir='ltr'>potest</span> <span class='ocrx_word' id='word_1_587' title='bbox 2744 3452 2819 3496; x_wconf 85' lang='lat' dir='ltr'>ex</span> <span class='ocrx_word' id='word_1_588' title='bbox 2852 3433 2949 3495; x_wconf 88' lang='lat' dir='ltr'>his</span> <span class='ocrx_word' id='word_1_589' title='bbox 2973 3449 3113 3514; x_wconf 79' lang='lat' dir='ltr'>quoe</span> <span class='ocrx_word' id='word_1_590' title='bbox 3143 3432 3399 3493; x_wconf 88' lang='lat' dir='ltr'>tradunt</span> <span class='ocrx_word' id='word_1_591' title='bbox 3428 3437 3643 3493; x_wconf 89' lang='lat' dir='ltr'>aucto-</span> 
     </span>
     <span class='ocr_line' id='line_1_91' title="bbox 2076 3525 3168 3602; baseline -0.002 -12"><span class='ocrx_word' id='word_1_592' title='bbox 2076 3546 2173 3590; x_wconf 88' lang='lat' dir='ltr'>res</span> <span class='ocrx_word' id='word_1_593' title='bbox 2198 3527 2395 3602; x_wconf 89' lang='lat' dir='ltr'>citati,</span> <span class='ocrx_word' id='word_1_594' title='bbox 2428 3533 2489 3588; x_wconf 90' lang='lat' dir='ltr'>et</span> <span class='ocrx_word' id='word_1_595' title='bbox 2518 3525 2654 3588; x_wconf 89' lang='lat' dir='ltr'>ideo</span> <span class='ocrx_word' id='word_1_596' title='bbox 2681 3545 2809 3589; x_wconf 91' lang='lat' dir='ltr'>non</span> <span class='ocrx_word' id='word_1_597' title='bbox 2848 3529 3168 3588; x_wconf 88' lang='lat' dir='ltr'>immoror.</span> 
     </span>
    </p>

    <p class='ocr_par' dir='ltr' id='par_1_7' title="bbox 2066 3619 3650 5562">
     <span class='ocr_line' id='line_1_92' title="bbox 2164 3619 3649 3700; baseline -0.003 -18"><span class='ocrx_word' id='word_1_598' title='bbox 2164 3624 2227 3682; x_wconf 80' lang='grc' dir='ltr'>Η</span> <span class='ocrx_word' id='word_1_599' title='bbox 2304 3619 2570 3682; x_wconf 79' lang='lat' dir='ltr'>Dubium</span> <span class='ocrx_word' id='word_1_600' title='bbox 2611 3621 2678 3682; x_wconf 83' lang='lat' dir='ltr'>de</span> <span class='ocrx_word' id='word_1_601' title='bbox 2718 3619 3031 3698; x_wconf 76' lang='lat' dir='ltr'>definiente</span> <span class='ocrx_word' id='word_1_602' title='bbox 3070 3623 3283 3700; x_wconf 75' lang='lat' dir='ltr'>quarto</span> <span class='ocrx_word' id='word_1_603' title='bbox 3336 3619 3527 3682; x_wconf 85' lang='lat' dir='ltr'>modo.</span> <span class='ocrx_word' id='word_1_604' title='bbox 3570 3651 3649 3664; x_wconf 93' lang='lat'>—</span> 
     </span>
     <span class='ocr_line' id='line_1_93' title="bbox 2080 3711 3645 3790; baseline -0.001 -16"><span class='ocrx_word' id='word_1_605' title='bbox 2080 3713 2243 3788; x_wconf 78' lang='lat' dir='ltr'>Quid</span> <span class='ocrx_word' id='word_1_606' title='bbox 2264 3713 2530 3776; x_wconf 72' lang='lat' dir='ltr'>sentiunt</span> <span class='ocrx_word' id='word_1_607' title='bbox 2568 3711 2977 3775; x_wconf 73' lang='lat' dir='ltr'>Parisiensee.</span> <span class='ocrx_word' id='word_1_608' title='bbox 3004 3744 3088 3758; x_wconf 93' lang='lat'><em>-</em></span> <span class='ocrx_word' id='word_1_609' title='bbox 3112 3711 3273 3786; x_wconf 77' lang='lat' dir='ltr'>Quid</span> <span class='ocrx_word' id='word_1_610' title='bbox 3292 3730 3429 3774; x_wconf 79' lang='lat' dir='ltr'>vero</span> <span class='ocrx_word' id='word_1_611' title='bbox 3465 3711 3645 3790; x_wconf 85' lang='lat' dir='ltr'>Caje-</span> 
     </span>
     <span class='ocr_line' id='line_1_94' title="bbox 2076 3803 3646 3886; baseline -0.003 -16"><span class='ocrx_word' id='word_1_612' title='bbox 2076 3813 2280 3881; x_wconf 76' lang='lat' dir='ltr'>tanus,</span> <span class='ocrx_word' id='word_1_613' title='bbox 2311 3805 2729 3870; x_wconf 75' lang='lat' dir='ltr'>Bellarmimes</span> <span class='ocrx_word' id='word_1_614' title='bbox 2756 3812 2814 3868; x_wconf 83' lang='lat' dir='ltr'>et</span> <span class='ocrx_word' id='word_1_615' title='bbox 2834 3805 3105 3886; x_wconf 76' lang='lat' dir='ltr'>plerique</span> <span class='ocrx_word' id='word_1_616' title='bbox 3148 3805 3285 3867; x_wconf 85' lang='lat' dir='ltr'>alii.</span> <span class='ocrx_word' id='word_1_617' title='bbox 3306 3836 3390 3850; x_wconf 93' lang='lat'><em>-</em></span> <span class='ocrx_word' id='word_1_618' title='bbox 3410 3803 3646 3867; x_wconf 74' lang='lat' dir='ltr'>Aucto-</span> 
     </span>
     <span class='ocr_line' id='line_1_95' title="bbox 2075 3897 3646 3979; baseline -0.001 -17"><span class='ocrx_word' id='word_1_619' title='bbox 2075 3901 2172 3963; x_wconf 76' lang='lat' dir='ltr'>ris</span> <span class='ocrx_word' id='word_1_620' title='bbox 2205 3899 2537 3979; x_wconf 74' lang='lat' dir='ltr'>judicium.</span> <span class='ocrx_word' id='word_1_621' title='bbox 2562 3933 2640 3943; x_wconf 91' lang='lat'>—</span> <span class='ocrx_word' id='word_1_622' title='bbox 2672 3897 3003 3962; x_wconf 75' lang='lat' dir='ltr'>Concilium</span> <span class='ocrx_word' id='word_1_623' title='bbox 3043 3897 3317 3978; x_wconf 63' lang='lat' dir='ltr'>aenei-ale</span> <span class='ocrx_word' id='word_1_624' title='bbox 3361 3898 3646 3977; x_wconf 71' lang='lat' dir='ltr'>definiens</span> 
     </span>
     <span class='ocr_line' id='line_1_96' title="bbox 2080 3991 3647 4073; baseline -0.003 -18"><span class='ocrx_word' id='word_1_625' title='bbox 2080 3995 2285 4073; x_wconf 77' lang='lat' dir='ltr'>quinto</span> <span class='ocrx_word' id='word_1_626' title='bbox 2314 3997 2370 4056; x_wconf 77' lang='lat' dir='ltr'>et</span> <span class='ocrx_word' id='word_1_627' title='bbox 2398 3998 2559 4056; x_wconf 66' lang='lat' dir='ltr'>scotto</span> <span class='ocrx_word' id='word_1_628' title='bbox 2590 3991 2754 4054; x_wconf 84' lang='lat' dir='ltr'>modo</span> <span class='ocrx_word' id='word_1_629' title='bbox 2782 4009 2900 4053; x_wconf 77' lang='lat' dir='ltr'>non</span> <span class='ocrx_word' id='word_1_630' title='bbox 2928 3997 3014 4053; x_wconf 75' lang='lat' dir='ltr'>est</span> <span class='ocrx_word' id='word_1_631' title='bbox 3036 3991 3250 4069; x_wconf 70' lang='lat' dir='ltr'>reyula</span> <span class='ocrx_word' id='word_1_632' title='bbox 3269 3991 3437 4070; x_wconf 82' lang='lat' dir='ltr'>fidei.</span> <span class='ocrx_word' id='word_1_633' title='bbox 3462 4022 3546 4036; x_wconf 94' lang='lat'><em>-</em></span> <span class='ocrx_word' id='word_1_634' title='bbox 3567 3993 3647 4050; x_wconf 85' lang='lat' dir='ltr'>At</span> 
     </span>
     <span class='ocr_line' id='line_1_97' title="bbox 2078 4082 3646 4165; baseline -0.002 -19"><span class='ocrx_word' id='word_1_635' title='bbox 2078 4103 2225 4146; x_wconf 83' lang='lat' dir='ltr'>vero</span> <span class='ocrx_word' id='word_1_636' title='bbox 2248 4083 2499 4165; x_wconf 90' lang='lat' dir='ltr'>quando</span> <span class='ocrx_word' id='word_1_637' title='bbox 2526 4084 2810 4146; x_wconf 83' lang='lat' dir='ltr'>Pontifex</span> <span class='ocrx_word' id='word_1_638' title='bbox 2848 4084 3044 4144; x_wconf 91' lang='lat' dir='ltr'>solum</span> <span class='ocrx_word' id='word_1_639' title='bbox 3074 4082 3248 4145; x_wconf 88' lang='lat' dir='ltr'>adest</span> <span class='ocrx_word' id='word_1_640' title='bbox 3280 4085 3345 4143; x_wconf 89' lang='lat' dir='ltr'>in</span> <span class='ocrx_word' id='word_1_641' title='bbox 3370 4083 3646 4143; x_wconf 85' lang='lat' dir='ltr'>Concilio</span> 
     </span>
     <span class='ocr_line' id='line_1_98' title="bbox 2078 4177 3648 4261; baseline -0.002 -21"><span class='ocrx_word' id='word_1_642' title='bbox 2078 4197 2187 4261; x_wconf 90' lang='lat' dir='ltr'>per</span> <span class='ocrx_word' id='word_1_643' title='bbox 2226 4177 2487 4258; x_wconf 63' lang='lat' dir='ltr'>legium,</span> <span class='ocrx_word' id='word_1_644' title='bbox 2517 4179 2647 4239; x_wconf 89' lang='lat' dir='ltr'>sine</span> <span class='ocrx_word' id='word_1_645' title='bbox 2698 4178 3105 4239; x_wconf 89' lang='lat' dir='ltr'>instructione</span> <span class='ocrx_word' id='word_1_646' title='bbox 3154 4177 3540 4256; x_wconf 86' lang='lat' dir='ltr'>particulari,</span> <span class='ocrx_word' id='word_1_647' title='bbox 3586 4183 3648 4237; x_wconf 87' lang='lat' dir='ltr'>et</span> 
     </span>
     <span class='ocr_line' id='line_1_99' title="bbox 2082 4269 3640 4349; baseline -0.002 -17"><span class='ocrx_word' id='word_1_648' title='bbox 2082 4276 2279 4334; x_wconf 92' lang='lat' dir='ltr'>totum</span> <span class='ocrx_word' id='word_1_649' title='bbox 2315 4270 2655 4333; x_wconf 90' lang='lat' dir='ltr'>Concilium</span> <span class='ocrx_word' id='word_1_650' title='bbox 2699 4289 2845 4332; x_wconf 92' lang='lat' dir='ltr'>cum</span> <span class='ocrx_word' id='word_1_651' title='bbox 2886 4269 3105 4348; x_wconf 81' lang='lat' dir='ltr'>legatis</span> <span class='ocrx_word' id='word_1_652' title='bbox 3133 4269 3367 4349; x_wconf 88' lang='lat' dir='ltr'>aliquid</span> <span class='ocrx_word' id='word_1_653' title='bbox 3397 4269 3640 4342; x_wconf 85' lang='lat' dir='ltr'>definit,</span> 
     </span>
     <span class='ocr_line' id='line_1_100' title="bbox 2076 4362 3647 4443; baseline -0.003 -18"><span class='ocrx_word' id='word_1_654' title='bbox 2076 4369 2170 4426; x_wconf 88' lang='lat' dir='ltr'>est</span> <span class='ocrx_word' id='word_1_655' title='bbox 2193 4383 2381 4443; x_wconf 83' lang='lat' dir='ltr'>grave</span> <span class='ocrx_word' id='word_1_656' title='bbox 2410 4363 2669 4424; x_wconf 91' lang='lat' dir='ltr'>dubium</span> <span class='ocrx_word' id='word_1_657' title='bbox 2699 4382 2784 4425; x_wconf 86' lang='lat' dir='ltr'>an</span> <span class='ocrx_word' id='word_1_658' title='bbox 2812 4363 2934 4424; x_wconf 83' lang='lat' dir='ltr'>tale</span> <span class='ocrx_word' id='word_1_659' title='bbox 2958 4362 3299 4424; x_wconf 88' lang='lat' dir='ltr'>Concilium</span> <span class='ocrx_word' id='word_1_660' title='bbox 3328 4363 3522 4442; x_wconf 82' lang='lat' dir='ltr'>possit</span> <span class='ocrx_word' id='word_1_661' title='bbox 3548 4377 3647 4421; x_wconf 89' lang='lat' dir='ltr'>er-</span> 
     </span>
     <span class='ocr_line' id='line_1_101' title="bbox 2073 4453 3650 4536; baseline -0.003 -18"><span class='ocrx_word' id='word_1_662' title='bbox 2073 4476 2237 4534; x_wconf 87' lang='lat' dir='ltr'>rare,</span> <span class='ocrx_word' id='word_1_663' title='bbox 2269 4463 2332 4519; x_wconf 91' lang='lat' dir='ltr'>et</span> <span class='ocrx_word' id='word_1_664' title='bbox 2358 4463 2804 4536; x_wconf 88' lang='lat' dir='ltr'>consequenter</span> <span class='ocrx_word' id='word_1_665' title='bbox 2830 4475 2913 4516; x_wconf 90' lang='lat' dir='ltr'>an</span> <span class='ocrx_word' id='word_1_666' title='bbox 2946 4455 3085 4516; x_wconf 86' lang='lat' dir='ltr'>talis</span> <span class='ocrx_word' id='word_1_667' title='bbox 3131 4453 3413 4516; x_wconf 87' lang='lat' dir='ltr'>definitio</span> <span class='ocrx_word' id='word_1_668' title='bbox 3458 4453 3650 4514; x_wconf 87' lang='lat' dir='ltr'>faciat</span> 
     </span>
     <span class='ocr_line' id='line_1_102' title="bbox 2074 4547 3646 4625; baseline -0.003 -15"><span class='ocrx_word' id='word_1_669' title='bbox 2074 4549 2261 4611; x_wconf 90' lang='lat' dir='ltr'>fidem</span> <span class='ocrx_word' id='word_1_670' title='bbox 2288 4556 2432 4612; x_wconf 91' lang='lat' dir='ltr'>ante</span> <span class='ocrx_word' id='word_1_671' title='bbox 2456 4548 2994 4611; x_wconf 83' lang='lat' dir='ltr'>confirmationem</span> <span class='ocrx_word' id='word_1_672' title='bbox 3024 4547 3337 4609; x_wconf 88' lang='lat' dir='ltr'>Pontificis</span> <span class='ocrx_word' id='word_1_673' title='bbox 3352 4561 3373 4625; x_wconf 79' lang='lat'>3</span> <span class='ocrx_word' id='word_1_674' title='bbox 3404 4547 3646 4607; x_wconf 89' lang='lat' dir='ltr'>namin</span> 
     </span>
     <span class='ocr_line' id='line_1_103' title="bbox 2073 4641 3645 4723; baseline -0.004 -17"><span class='ocrx_word' id='word_1_675' title='bbox 2073 4644 2190 4706; x_wconf 89' lang='lat' dir='ltr'>hoc</span> <span class='ocrx_word' id='word_1_676' title='bbox 2242 4649 2389 4706; x_wconf 90' lang='lat' dir='ltr'>sunt</span> <span class='ocrx_word' id='word_1_677' title='bbox 2436 4644 2759 4723; x_wconf 89' lang='lat' dir='ltr'>opiniones</span> <span class='ocrx_word' id='word_1_678' title='bbox 2829 4642 2992 4704; x_wconf 87' lang='lat' dir='ltr'>iuter</span> <span class='ocrx_word' id='word_1_679' title='bbox 3047 4641 3431 4718; x_wconf 81' lang='lat' dir='ltr'>Catholicos3</span> <span class='ocrx_word' id='word_1_680' title='bbox 3472 4641 3645 4701; x_wconf 87' lang='lat' dir='ltr'>Pari-</span> 
     </span>
     <span class='ocr_line' id='line_1_104' title="bbox 2072 4733 3648 4815; baseline -0.004 -16"><span class='ocrx_word' id='word_1_681' title='bbox 2072 4738 2302 4799; x_wconf 88' lang='lat' dir='ltr'>sienses</span> <span class='ocrx_word' id='word_1_682' title='bbox 2332 4737 2525 4813; x_wconf 89' lang='lat' dir='ltr'>enim,</span> <span class='ocrx_word' id='word_1_683' title='bbox 2558 4741 2620 4798; x_wconf 87' lang='lat' dir='ltr'>et</span> <span class='ocrx_word' id='word_1_684' title='bbox 2660 4736 2767 4797; x_wconf 87' lang='lat' dir='ltr'>alii</span> <span class='ocrx_word' id='word_1_685' title='bbox 2815 4737 2925 4815; x_wconf 89' lang='lat' dir='ltr'>qui</span> <span class='ocrx_word' id='word_1_686' title='bbox 2965 4735 3223 4796; x_wconf 85' lang='lat' dir='ltr'>credunt</span> <span class='ocrx_word' id='word_1_687' title='bbox 3270 4733 3392 4794; x_wconf 85' lang='lat' dir='ltr'>tale</span> <span class='ocrx_word' id='word_1_688' title='bbox 3430 4735 3648 4794; x_wconf 80' lang='lat' dir='ltr'>Conci-</span> 
     </span>
     <span class='ocr_line' id='line_1_105' title="bbox 2072 4825 3645 4910; baseline -0.003 -20"><span class='ocrx_word' id='word_1_689' title='bbox 2072 4828 2231 4890; x_wconf 91' lang='lat' dir='ltr'>lium</span> <span class='ocrx_word' id='word_1_690' title='bbox 2259 4848 2390 4892; x_wconf 88' lang='lat' dir='ltr'>esse</span> <span class='ocrx_word' id='word_1_691' title='bbox 2418 4848 2608 4910; x_wconf 89' lang='lat' dir='ltr'>supra</span> <span class='ocrx_word' id='word_1_692' title='bbox 2651 4827 3036 4904; x_wconf 89' lang='lat' dir='ltr'>Pontificem,</span> <span class='ocrx_word' id='word_1_693' title='bbox 3067 4833 3515 4906; x_wconf 87' lang='lat' dir='ltr'>consequenter</span> <span class='ocrx_word' id='word_1_694' title='bbox 3557 4825 3645 4886; x_wconf 84' lang='lat' dir='ltr'>af-</span> 
     </span>
     <span class='ocr_line' id='line_1_106' title="bbox 2075 4919 3641 5001; baseline -0.003 -17"><span class='ocrx_word' id='word_1_695' title='bbox 2075 4921 2327 4984; x_wconf 88' lang='lat' dir='ltr'>firmant</span> <span class='ocrx_word' id='word_1_696' title='bbox 2379 4923 2512 5001; x_wconf 85' lang='lat' dir='ltr'>ejus</span> <span class='ocrx_word' id='word_1_697' title='bbox 2562 4921 2990 4983; x_wconf 88' lang='lat' dir='ltr'>definitionem</span> <span class='ocrx_word' id='word_1_698' title='bbox 3040 4936 3170 4982; x_wconf 85' lang='lat' dir='ltr'>esse</span> <span class='ocrx_word' id='word_1_699' title='bbox 3221 4919 3641 4995; x_wconf 87' lang='lat' dir='ltr'>infallibilem,</span> 
     </span>
     <span class='ocr_line' id='line_1_107' title="bbox 2072 5011 3643 5097; baseline -0.003 -20"><span class='ocrx_word' id='word_1_700' title='bbox 2072 5017 2218 5096; x_wconf 87' lang='lat' dir='ltr'>quia</span> <span class='ocrx_word' id='word_1_701' title='bbox 2258 5023 2351 5078; x_wconf 91' lang='lat' dir='ltr'>est</span> <span class='ocrx_word' id='word_1_702' title='bbox 2390 5035 2428 5077; x_wconf 92' lang='lat' dir='ltr'>a</span> <span class='ocrx_word' id='word_1_703' title='bbox 2462 5033 2749 5097; x_wconf 87' lang='lat' dir='ltr'>suprema</span> <span class='ocrx_word' id='word_1_704' title='bbox 2798 5019 3123 5094; x_wconf 88' lang='lat' dir='ltr'>potestate,</span> <span class='ocrx_word' id='word_1_705' title='bbox 3176 5021 3239 5074; x_wconf 84' lang='lat' dir='ltr'>et</span> <span class='ocrx_word' id='word_1_706' title='bbox 3292 5013 3441 5093; x_wconf 85' lang='lat' dir='ltr'>quia</span> <span class='ocrx_word' id='word_1_707' title='bbox 3484 5011 3643 5072; x_wconf 86' lang='lat' dir='ltr'>illud</span> 
     </span>
     <span class='ocr_line' id='line_1_108' title="bbox 2068 5105 3637 5190; baseline -0.004 -19"><span class='ocrx_word' id='word_1_708' title='bbox 2068 5109 2409 5171; x_wconf 88' lang='lat' dir='ltr'>Concilium</span> <span class='ocrx_word' id='word_1_709' title='bbox 2439 5114 2839 5190; x_wconf 84' lang='lat' dir='ltr'>repraesentat</span> <span class='ocrx_word' id='word_1_710' title='bbox 2852 5107 3182 5168; x_wconf 83' lang='lat' dir='ltr'>Ecclesiam</span> <span class='ocrx_word' id='word_1_711' title='bbox 3196 5105 3608 5167; x_wconf 85' lang='lat' dir='ltr'>universalem</span> <span class='ocrx_word' id='word_1_712' title='bbox 3618 5151 3637 5165; x_wconf 89' lang='lat'>.</span> 
     </span>
     <span class='ocr_line' id='line_1_109' title="bbox 2066 5199 3643 5279; baseline -0.003 -15"><span class='ocrx_word' id='word_1_713' title='bbox 2066 5202 2457 5264; x_wconf 88' lang='lat' dir='ltr'>Contrarium</span> <span class='ocrx_word' id='word_1_714' title='bbox 2514 5219 2661 5263; x_wconf 69' lang='lat' dir='ltr'>vero</span> <span class='ocrx_word' id='word_1_715' title='bbox 2707 5201 2933 5262; x_wconf 89' lang='lat' dir='ltr'>docent</span> <span class='ocrx_word' id='word_1_716' title='bbox 2985 5201 3309 5279; x_wconf 73' lang='lat' dir='ltr'>CaJetanus</span> <span class='ocrx_word' id='word_1_717' title='bbox 3340 5245 3359 5276; x_wconf 93' lang='lat'>,</span> <span class='ocrx_word' id='word_1_718' title='bbox 3412 5199 3643 5260; x_wconf 85' lang='lat' dir='ltr'>Turre-</span> 
     </span>
     <span class='ocr_line' id='line_1_110' title="bbox 2066 5291 3633 5374; baseline -0.002 -20"><span class='ocrx_word' id='word_1_719' title='bbox 2066 5312 2286 5372; x_wconf 84' lang='lat' dir='ltr'>crem.‚</span> <span class='ocrx_word' id='word_1_720' title='bbox 2303 5313 2457 5374; x_wconf 86' lang='lat' dir='ltr'>quos</span> <span class='ocrx_word' id='word_1_721' title='bbox 2475 5296 2662 5356; x_wconf 75' lang='lat' dir='ltr'>refert</span> <span class='ocrx_word' id='word_1_722' title='bbox 2680 5301 2743 5356; x_wconf 91' lang='lat' dir='ltr'>et</span> <span class='ocrx_word' id='word_1_723' title='bbox 2760 5293 3039 5373; x_wconf 88' lang='lat' dir='ltr'>sequitur</span> <span class='ocrx_word' id='word_1_724' title='bbox 3061 5292 3498 5366; x_wconf 76' lang='lat' dir='ltr'>BellarminuS,</span> <span class='ocrx_word' id='word_1_725' title='bbox 3525 5291 3633 5352; x_wconf 88' lang='lat' dir='ltr'>lib.</span> 
     </span>
     <span class='ocr_line' id='line_1_111' title="bbox 2066 5385 3639 5469; baseline -0.001 -21"><span class='ocrx_word' id='word_1_726' title='bbox 2066 5389 2106 5448; x_wconf 70' lang='grc' dir='ltr'><strong>Ξ</strong></span> <span class='ocrx_word' id='word_1_727' title='bbox 2128 5387 2205 5448; x_wconf 90' lang='lat' dir='ltr'>de</span> <span class='ocrx_word' id='word_1_728' title='bbox 2232 5388 2539 5464; x_wconf 81' lang='lat' dir='ltr'>conciliis,</span> <span class='ocrx_word' id='word_1_729' title='bbox 2568 5407 2701 5469; x_wconf 91' lang='lat' dir='ltr'>cap.</span> <span class='ocrx_word' id='word_1_730' title='bbox 2733 5389 2832 5450; x_wconf 76' lang='lat'>11.</span> <span class='ocrx_word' id='word_1_731' title='bbox 2878 5386 3111 5460; x_wconf 86' lang='lat' dir='ltr'>Quibus</span> <span class='ocrx_word' id='word_1_732' title='bbox 3138 5385 3297 5447; x_wconf 89' lang='lat' dir='ltr'>adde</span> <span class='ocrx_word' id='word_1_733' title='bbox 3329 5387 3639 5463; x_wconf 85' lang='lat' dir='ltr'>Castrum,</span> 
     </span>
     <span class='ocr_line' id='line_1_112' title="bbox 2071 5480 3644 5562; baseline 0.001 -22"><span class='ocrx_word' id='word_1_734' title='bbox 2071 5480 2175 5541; x_wconf 87' lang='lat' dir='ltr'>lib.</span> <span class='ocrx_word' id='word_1_735' title='bbox 2210 5485 2227 5541; x_wconf 87' lang='grc' dir='ltr'>Ι</span> <span class='ocrx_word' id='word_1_736' title='bbox 2264 5481 2339 5544; x_wconf 87' lang='lat' dir='ltr'>dc</span> <span class='ocrx_word' id='word_1_737' title='bbox 2358 5483 2533 5544; x_wconf 74' lang='lat' dir='ltr'>Justa</span> <span class='ocrx_word' id='word_1_738' title='bbox 2561 5482 2833 5544; x_wconf 72' lang='lat' dir='ltr'>haeretic.</span> <span class='ocrx_word' id='word_1_739' title='bbox 2860 5483 3091 5561; x_wconf 64' lang='lat' dir='ltr'>punit„</span> <span class='ocrx_word' id='word_1_740' title='bbox 3110 5499 3247 5562; x_wconf 72' lang='lat' dir='ltr'>cap.</span> <span class='ocrx_word' id='word_1_741' title='bbox 3272 5482 3331 5542; x_wconf 84' lang='lat'>6.</span> <span class='ocrx_word' id='word_1_742' title='bbox 3360 5481 3517 5554; x_wconf 81' lang='lat' dir='ltr'>Quia</span> <span class='ocrx_word' id='word_1_743' title='bbox 3544 5501 3644 5542; x_wconf 77' lang='lat' dir='ltr'>ve-</span> 
     </span>
    </p>
   </div>
  </div>
 </body>
</html>
