3900 6217
571 445 690 506 566

567 555 700 615 bat.
728 553 904 618 Multi
947 556 1112 616 enim
1156 555 1434 618 absolute
1477 555 1713 632 dieunt,
1754 558 1962 618 statim
1993 564 2130 638 post

573 649 942 709 sententiam
987 647 1176 709 latam
1225 647 1454 710 auferri
1500 649 1617 712 hoc
1662 649 2035 726 dominium,
2069 655 2131 711 et

572 741 764 821 aliqui
815 741 1092 806 sufficere
1139 751 1362 825 putant
1411 747 1605 826 ipsam
1659 747 2130 809 declarator-iam

575 835 885 914 criminis3
916 835 1022 897 alii
1053 856 1198 900 vero
1222 841 1408 901 etiam
1440 843 2009 904 condemnatoriam
2038 862 2131 904 re-

567 929 851 1008 quirunt.
887 931 1040 991 Mihi
1081 939 1288 993 tamen
1321 935 1562 997 videtur
1588 943 1725 1018 post
1760 937 2129 998 sententiam

573 1028 979 1084 necessariam
1019 1045 1146 1088 esse
1185 1027 1411 1106 judicis
1457 1027 1882 1090 executionem
1905 1045 1925 1107 ;
1960 1029 2129 1110 quia,

579 1117 822 1176 etiamsi
847 1121 1153 1181 sentontia
1179 1119 1304 1182 lata
1333 1116 1434 1198 si't,
1471 1141 1591 1183 non
1620 1129 1866 1185 tenetur
1899 1142 2043 1185 reus
2065 1125 2132 1184 in

575 1211 953 1272 conscientia
982 1218 1092 1274 s'ua
1121 1210 1286 1276 bona
1319 1215 1538 1278 offerre
1579 1215 1725 1277 fisco
1749 1264 1762 1288 ,
1794 1215 1894 1277 sed
1934 1216 2132 1278 solum

571 1315 706 1363 'esse
725 1311 973 1383 paratus
993 1307 1069 1367 ad
1094 1307 1397 1370 tradenda
1415 1309 1542 1385 illa,
1560 1309 1808 1390 quaudo
1827 1309 2134 1390 postulata

573 1396 831 1468 fuerint,
865 1415 989 1460 non
1023 1401 1388 1470 resistendo,
1420 1421 1532 1464 nec
1558 1423 1668 1482 per
1703 1405 1854 1478 vim,
1887 1421 2002 1464 nec
2026 1422 2135 1483 per

572 1488 882 1567 fraudem,
915 1495 1280 1574 perjurium,
1315 1502 1423 1556 aut
1449 1497 1712 1572 similia,
1744 1495 1906 1575 quod
1949 1495 2139 1556 sentit

577 1583 822 1661 Covar.,
853 1590 878 1645 1
916 1581 1185 1664 variar„
1212 1607 1268 1650 c.
1305 1591 1366 1668 ἓ,
1399 1609 1573 1651 num.
1611 1593 1712 1663 10,
1738 1595 1800 1650 et
1828 1587 1893 1650 in
1939 1593 1980 1651 4
2020 1589 2136 1650 De-

578 1685 755 1755 cret.,
808 1679 917 1740 ubi
966 1699 1152 1762 supra
1189 1683 1397 1751 Sanc..
1432 1703 1568 1764 cap.
1612 1684 1714 1758 22,
1765 1699 1940 1743 num.
1976 1683 2038 1757 8,
2074 1686 2137 1742 et

577 1791 714 1854 cap.
759 1776 862 1850 26,
915 1791 1091 1838 num.
1150 1777 1212 1846 8,
1267 1778 1430 1859 apud
1481 1797 1636 1859 quos
1664 1777 1844 1860 plura
1893 1777 1971 1838 d'e
2018 1777 2136 1840 hoc

578 1873 809 1950 'puncto
835 1868 1027 1933 videri
1057 1871 1332 1953 possunt.

1183 2110 1400 2164 88·chss
1435 2112 1516 2163 lv.

591 2285 812 2350 Utrum
849 2287 1174 2352 hoerotz‘oue
1199 2292 1340 2350 ante
1367 2289 1731 2352 sententiam
1761 2287 1961 2352 valido
1984 2294 2040 2352 et
2065 2287 2138 2352 li-

885 2380 1000 2442 cito
1015 2381 1217 2461 possit
1239 2382 1391 2444 bona
1407 2398 1528 2444 sua
1549 2382 1840 2446 alienare.

667 2607 724 2667 l.
771 2603 994 2668 Prima
1046 2603 1242 2686 opinio
1285 2607 1719 2688 nequam—{n
1759 2606 1876 2667 hoc
1911 2613 2139 2688 puncto

587 2698 961 2759 conveniunt
999 2701 1111 2775 (ut
1147 2690 1360 2760 videre
1409 2704 1500 2760 est
1544 2699 1610 2760 in
1665 2699 1873 2775 Sanc„
1925 2717 2135 2779 supra,

585 2807 762 2852 num.
808 2793 910 2866 53,
958 2797 1020 2852 et
1059 2791 1292 2867 Farin„
1320 2793 1400 2854 de
1438 2791 1691 2866 Eoeresi,
1732 2799 1945 2872 quaest.
1997 2793 2136 2869 190,

582 2899 760 2944 num.
813 2885 926 2961 87)
956 2886 1033 2945 ad
1082 2888 1587 2947 sustentationem
1625 2887 1770 2948 ‘vitae
1809 2893 1872 2947 et
1919 2891 2138 2964 status,

578 2987 754 3058 posse
797 2977 1156 3058 hujusmodi
1201 2984 1376 3039 reum
1428 2980 1591 3040 licite
1624 2994 1988 3042 consumere
2034 2987 2141 3041 aut

583 3072 952 3152 expendere,
997 3071 1160 3152 quod
1209 3073 1284 3134 de
1331 3073 1508 3135 honis
1552 3075 1680 3135 suis
1727 3075 2139 3135 necessarium

580 3161 794 3238 suerit,
822 3166 969 3244 quia
993 3164 1115 3226 boc
1152 3172 1245 3226 est
1275 3166 1429 3227 adeo
1470 3163 1904 3241 intrinsecum,
1938 3173 2001 3228 et
2028 3178 2140 3228 na-

583 3255 807 3329 turale,
847 3263 917 3317 ut
941 3258 1257 3338 prohiberi
1291 3272 1418 3319 non
1457 3257 1699 3334 debeat,
1729 3277 1846 3320 nec
1883 3259 2142 3321 fortasse

581 3351 794 3430 possit.
821 3349 1000 3423 item,
1037 3353 1182 3431 qnia
1210 3349 1362 3413 alias
1383 3351 1621 3413 'frustra
1661 3353 1729 3413 in
1765 3353 2141 3433 possessione

583 3459 835 3503 suorum
859 3431 1166 3504 bonorum
1198 3441 1666 3525 relinqueretur.
1691 3447 1770 3506 De
1785 3445 2025 3506 caeteris
2049 3463 2143 3507 er-

585 3552 665 3614 go
709 3535 1205 3612 alienationibus,
1249 3538 1375 3598 sive
1404 3538 1712 3616 gratuitis,
1753 3545 1823 3598 ut
1858 3545 2004 3599 sunt
2032 3539 2143 3599 do-

583 3629 868 3690 nationes
883 3674 904 3705 ,
953 3631 1080 3691 sive
1123 3631 1429 3705 onerosis,
1458 3634 1531 3689 ιη
1559 3632 1704 3689 suut
1737 3631 2034 3706 venditio,
2082 3638 2144 3692 et

586 3721 818 3783 similes
843 3730 1213 3798 contractus,
1239 3723 1338 3784 est
1362 3722 1795 3785 controversia.
1817 3725 1884 3784 In
1907 3737 2029 3802 qua
2052 3729 2145 3784 est

585 3816 786 3894 prima
815 3815 1046 3894 opinio,
1066 3820 1278 3876 omnes
1295 3815 1407 3876 lias
1419 3815 1825 3876 alienationes
1847 3833 1979 3878 esse
2008 3835 2145 3895 pro-

584 3905 811 3968 hibitas
852 3914 916 3968 et
963 3905 1287 3968 invalidas.
1323 3909 1411 3968 lta
1439 3912 1656 3969 tenent
1695 3915 2143 3988 consequenter

583 4001 808 4076 castr„
833 3999 874 4059 l.
903 4001 942 4062 2
969 3999 1046 4061 de
1073 4001 1230 4061 Just.
1260 4001 1475 4062 hoeret.
1493 4019 1676 4081 pun„
1703 4021 1754 4063 c.
1773 4003 1839 4076 Β,
1860 4008 1922 4062 et
1941 4002 1984 4062 1.
2006 4003 2047 4062 2
2067 4002 2143 4063 de

584 4095 732 4174 Leg.
765 4095 1019 4174 poenal,
1051 4109 1105 4156 e.
1140 4094 1179 4155 8
1197 4109 1216 4172 ;
1243 4093 1540 4170 conrad„
1572 4095 1620 4156 1.
1649 4098 1674 4155 1
1704 4095 1780 4157 de
1801 4097 2140 4171 Contraet.,

587 4195 803 4267 quoest.
837 4191 913 4264 73
943 4187 1173 4249 Medin.
1200 4234 1220 4264 ,
1251 4187 1314 4250 C.
1355 4189 1430 4249 de
1456 4189 1651 4263 Rest.,
1691 4207 1753 4268 q.
1792 4192 1850 4264 1,
1896 4205 2139 4268 paragr.

587 4279 742 4345 Post
780 4298 985 4346 nrum
1024 4281 1351 4345 dominium
1361 4308 1386 4356 ,·
1426 4281 1647 4360 Rojas,
1685 4281 1985 4358 singular.
2029 4281 2138 4355 18;

587 4376 815 4437 Anton.
856 4371 1063 4449 Gom„
1091 4374 1139 4436 ·1.
1177 4376 1214 4436 3
1257 4373 1524 4448 variar„
1571 4391 1626 4434 c.
1671 4376 1742 4451 23
1791 4369 2036 4447 Faria„
2068 4373 2146 4434 de

581 4464 849 4543 Hieras,
895 4487 956 4547 q.
1004 4467 1144 4543 190,
1189 4481 1258 4528 n.
1303 4467 1405 4540 68,
1449 4465 1530 4527 ’⁷0
1559 4468 1622 4526 e‘t
1655 4468 1766 4540 '143
1799 4472 1862 4527 et
1889 4465 2147 4526 inclinat

585 4557 756 4636 Soto,
806 4559 868 4622 d.
908 4561 952 4623 1.
987 4564 1013 4623 1
1050 4560 1127 4623 dc
1153 4559 1388 4635 Justit„
1419 4579 1480 4640 q.
1508 4559 1569 4633 δ,
1611 4577 1669 4620 a.
1709 4559 1776 4633 6,
1802 4565 1938 4638 post
1965 4575 2148 4638 quar-

582 4657 714 4716 tam
745 4651 1015 4716 conclus.
1045 4651 1544 4714 Fundamentum
1569 4658 1681 4726 est,
1705 4651 1850 4731 quia
1870 4651 2039 4730 leges
2056 4651 2147 4710 fe·

587 4754 792 4808 rentes
823 4746 1274 4808 confiscationis
1301 4760 1548 4826 poeuam
1588 4745 1653 4805 in
1691 4743 1859 4804 hunc
1887 4744 2144 4804 modum

587 4839 876 4920 explicari
911 4839 1131 4899 solent.
1177 4837 1312 4899 Non
1351 4844 1450 4898 est
1479 4839 1647 4899 enim
1691 4835 1951 4896 dubium
1990 4837 2145 4916 quin

587 4931 902 5014 potuerint
949 4930 1306 5010 huJ'usmodi
1355 4930 1519 5010 leges
1575 4945 1787 4990 omnes
1835 4929 1950 4989 hos
1994 4944 2145 4989 con-

585 5031 816 5085 tractus
849 5025 1089 5085 irritare
1101 5039 1122 5100 3
1155 5040 1300 5084 nam
1356 5025 1420 5083 in
1481 5023 1690 5084 multis
1729 5020 1866 5082 aliis
1903 5019 2145 5080 casibus

585 5119 650 5180 id
677 5113 937 5192 faciunt,
973 5118 1161 5178 etiam
1183 5133 1314 5178 non
1342 5116 1549 5177 ablato
1576 5115 1875 5187 domini0,
1903 5119 2145 5182 utcon-

589 5216 709 5272 stat
753 5211 830 5271 de
859 5207 1118 5290 pupillo,
1160 5217 1371 5283 uxore,
1417 5216 1480 5270 et
1521 5207 1701 5280 aliis;
1749 5217 1897 5284 ergo
1945 5204 2146 5266 multo

589 5303 788 5381 magis
812 5301 943 5382 ipsa
961 5302 1058 5362 lex
1084 5301 1150 5362 id
1177 5303 1380 5382 potuit
1407 5301 1604 5362 facere
1630 5307 1880 5381 propter
1907 5301 2145 5360 crimen

589 5396 870 5472 haeresis3
902 5394 1030 5454 imo
1067 5394 1119 5454 si
1160 5393 1222 5453 id
1249 5394 1432 5461 fecit,
1477 5411 1601 5453 non
1650 5397 1979 5473 propterea
2020 5391 2143 5452 dici

589 5493 790 5570 potest
805 5487 906 5548 lex
924 5484 1347 5572 intolerabilis,
1381 5493 1490 5546 ant
1516 5487 1703 5547 nimis
1723 5485 1950 5566 gravis,
1971 5499 2145 5564 ‘spec-

584 5588 712 5645 tata
759 5579 964 5642 delicti
1019 5578 1337 5660 qualitate,
1382 5580 1528 5658 quia
1565 5580 1696 5640 istoe
1735 5579 2142 5641 alienationes

951 451 1188 505 msPUT.
1223 451 1377 504 xxu.
1413 453 1493 506 m:
1525 453 1877 507 TEMPORAM
1909 453 2101 508 POENA
2132 457 2609 520 unanimanti,
2646 457 2790 522 QUAE
2820 457 2937 510 EST
2969 455 3380 510 comiscuit).

2209 575 2334 618 non
2364 564 2510 620 sunt
2546 560 2899 620 necessariae
2942 557 3019 619 ad
3061 556 3276 632 vitam,
3302 557 3395 618 vel
3424 559 3496 620 ad
3522 565 3713 625 statum

2209 668 2510 734 personae,
2542 658 2605 713 et
2630 651 2781 713 alias
2808 660 3064 732 possunt
3090 649 3233 712 fisco
3273 649 3527 712 multum
3566 673 3717 718 noce·

2210 763 2278 806 re
2333 745 2505 819 Quod
2537 761 2686 823 ergo
2711 747 2800 806 ita
2828 745 3058 806 tactum
3098 745 3197 818 sit,
3230 741 3468 805 videtur
3506 747 3717 824 probari

2212 855 2285 897 ex
2316 837 2360 897 l.
2388 834 2693 912 Manich„
2732 839 2795 899 C.
2827 839 2902 898 de
2926 835 3176 911 Haeret„
3207 835 3299 896 ibi
3346 853 3361 896 ε
3402 835 3536 902 Non
3567 839 3719 902 relin-

2210 932 2452 1014 quimus
2492 931 2881 994 contrahendi
2912 930 3263 1010 facultatem
3280 955 3305 1001 ,·
3340 935 3401 991 et
3430 947 3502 990 ex
3526 929 3567 991 1.
3598 933 3723 996 Post

2213 1029 2609 1100 contractum,
2646 1028 2709 1085 et
2732 1023 2777 1085 1.
2824 1023 3102 1106 Quisque,
3141 1029 3203 1084 et
3247 1020 3291 1083 l.
3327 1021 3549 1098 ultim„
3576 1023 3632 1086 C.
3660 1027 3723 1086 ad

2212 1115 2435 1195 Legem
2464 1116 2693 1178 Juliam
2725 1114 2993 1195 majest„
3018 1113 3125 1175 ubi
3153 1111 3401 1188 dicitur,
3422 1131 3589 1194 neque
3612 1115 3728 1178 alio-

2212 1229 2363 1274 naro
2396 1228 2593 1293 posse.
2640 1211 2793 1272 Item
2838 1207 3150 1286 colligitur
3190 1222 3268 1268 ex
3318 1208 3362 1269 1.
3408 1209 3728 1273 Donatiom

2216 1304 2283 1364 in
2313 1303 2720 1379 concubinam,
2751 1302 2791 1382 'g
2818 1302 2961 1377 ult„
3000 1301 3069 1362 ff.
3110 1297 3186 1362 de
3216 1299 3460 1374 Donat„
3492 1299 3611 1361 etl.
3636 1301 3731 1364 Ju-

2216 1397 2530 1468 dicim-um,
2561 1412 2719 1460 vers,
2752 1397 2934 1474 Adra,
2962 1396 3032 1457 ff.
3064 1389 3139 1458 de
3172 1391 3391 1457 Aecus.
3416 1395 3731 1474 Expressius

2215 1497 2423 1551 autem
2470 1491 2767 1551 videntur
2806 1490 2979 1569 loqui
3024 1489 3191 1567 leges
3236 1484 3575 1568 Hispauioe3
3610 1505 3731 1550 nam

2213 1583 2281 1645 in
2314 1586 2519 1664 partit.
2545 1587 2607 1658 5,
2628 1583 2730 1645 tit.
2766 1586 2829 1660 4,
2860 1581 2968 1644 lib.
3002 1583 3066 1658 Ξ,
3100 1581 3331 1643 dieitur
3353 1579 3429 1642 de
3458 1579 3733 1660 hujusmo-

2214 1673 2277 1736 di
2317 1675 2691 1738 alienatione
2726 1695 2852 1738 non
2890 1691 3065 1755 posse
3086 1673 3250 1748 fieri,
3285 1683 3347 1735 et
3374 1674 3424 1734 si
3452 1673 3600 1734 facta
3618 1673 3733 1734 fue-

2212 1769 2317 1843 rit,
2344 1787 2467 1831 non
2494 1771 2695 1830 valere
2718 1786 2736 1847 3
2764 1773 2825 1832 et
2851 1775 3009 1848 part.
3038 1771 3101 1844 ’1,
3132 1769 3233 1828 tit.
3254 1769 3321 1843 2,
3339 1763 3391 1828 1.
3414 1769 3473 1843 4,
3499 1765 3729 1828 dicitur:

2215 1861 2411 1928 Nullo
2434 1865 2601 1926 modo
2628 1863 2824 1926 valere
2846 1863 3028 1935 debet,
3060 1869 3121 1924 et
3144 1858 3399 1923 additur
3426 1863 3593 1936 ratio,
3619 1861 3735 1940 qnia

2214 1975 2361 2017 reus
2387 1976 2426 2018 a
2453 1955 2551 2017 die
2588 1956 2901 2017 commissi
2928 1955 3209 2017 criminis
3250 1953 3587 2015 dominium
3610 1955 3735 2015 ami-

2218 2056 2383 2112 serat
2416 2065 2433 2111 :
2478 2066 2625 2112 nam
2662 2050 2938 2124 donatio,
2976 2049 3075 2110 vel
3120 2045 3417 2130 quaslibet
3462 2045 3731 2122 alienatio,

2173 2206 2179 2212 ,
2214 2143 2379 2205 faeta
2406 2163 2444 2206 a
2470 2161 2599 2205 non
2635 2162 2782 2205 vero
2811 2143 3085 2218 domino,
3114 2161 3193 2204 ex
3222 2148 3452 2202 natura
3476 2142 3563 2203 rei
3596 2141 3735 2203 nulla

2218 2243 2329 2300 est.
2358 2237 2531 2299 Unde
2562 2243 2754 2316 potest
2780 2237 2922 2298 addi
2947 2236 3070 2298 alia
3092 2237 3278 2307 ratio,
3302 2236 3451 2315 quia
3468 2235 3595 2295 talis
3622 2233 3737 2295 alie-

2220 2333 2391 2392 natio
2439 2332 2711 2391 continet
2761 2329 3162 2390 intrinsecam
3218 2327 3585 2406 injustitiam
3603 2372 3622 2403 ,
3660 2327 3739 2387 vel

2220 2431 2434 2485 contra
2462 2421 2701 2497 fiscum,
2731 2423 2971 2484 etiamsi
2996 2420 3075 2484 sit
3104 2419 3381 2482 liberalis
3400 2467 3419 2495 ,
3446 2419 3540 2481 vel
3567 2423 3739 2480 contra

2218 2518 2464 2577 tertiam
2511 2533 2861 2597 personam,
2891 2513 3061 2575 verbi
3091 2513 3331 2592 gratia,
3356 2515 3671 2584 ementem,
3698 2512 3738 2572 si

2220 2610 2299 2670 'sit
2330 2627 2625 2683 onerosa;
2666 2627 2812 2688 ergo
2848 2613 2941 2670 est
2981 2609 3171 2668 etiam
3212 2605 3415 2667 nulla.

2298 2703 2359 2764 2.
2397 2701 2678 2766 Secunda
2720 2701 2940 2784 opinio.
2967 2735 3051 2748 -
3102 2699 3523 2761 Nihilominus
3569 2703 3649 2759 est
3672 2717 3741 2758 se-

2221 2795 2424 2857 cunda
2449 2795 2682 2874 opinio,
2722 2795 2933 2855 dicens
2952 2793 3065 2853 hos
3098 2797 3455 2854 contractus
3496 2809 3595 2853 sen
3626 2791 3740 2851 alie-

2222 2889 2503 2950 nationes
2530 2906 2655 2948 non
2684 2905 2811 2948 esse
2850 2889 2980 2966 ipso
3002 2887 3145 2965 jure
3165 2885 3400 2960 nullas,
3432 2885 3531 2946 sed
3560 2883 3741 2944 annul·

2221 2979 2459 3055 landas,
2498 2998 2611 3041 seu
2650 2979 3004 3040 irritandas.
3045 2977 3225 3041 Hanc
3265 2977 3628 3039 sententiam
3662 2975 3743 3036 de-

2220 3071 2420 3134 fendit
2462 3073 2696 3146 Victor,
2728 3071 2798 3132 in
2844 3073 2905 3132 d.
2948 3071 3177 3134 Relect.
3239 3071 3319 3132 dc
3344 3069 3556 3147 ‘'Indis3
3604 3084 3742 3142 nam,

2218 3167 2363 3229 licet
2390 3184 2565 3229 num.
2592 3169 2667 3228 13
2690 3166 3090 3227 alienationes
3116 3165 3233 3226 has
3258 3171 3441 3225 vocet
3461 3163 3740 3236 invalidas,

2213 3261 2396 3340 juxta
2446 3261 2703 3320 modum
2752 3259 3044 3338 loquendi
3092 3259 3449 3337 aliquorum
3497 3255 3743 3336 jurium,

2222 3353 2628 3414 nihilomiuus
2646 3353 2714 3412 in
2740 3370 2912 3413 uum.
2950 3354 3026 3413 14
3052 3351 3347 3425 declarat,
3370 3366 3496 3411 non
3518 3365 3635 3410 esse
3656 3365 3743 3428 per

2222 3465 2285 3507 se
2306 3447 2529 3520 irritas,
2564 3447 2690 3506 imo
2715 3465 2828 3506 nec
2850 3446 3128 3506 absolute
3155 3445 3429 3506 illicitas.
3460 3445 3531 3504 Et
3562 3442 3741 3503 eodem
3836 3503 3838 3516 ¹

2220 3539 2406 3600 'modo
2446 3539 2736 3599 videntur
2762 3540 2989 3600 sentire
3015 3537 3313 3618 sylvest„
3346 3535 3516 3598 verb.
3559 3533 3744 3598 Hm·
3836 3543 3838 3556 “

2222 3634 2339 3708 82⁸8,
2396 3635 2455 3708 1,
2515 3640 2685 3694 num.
2748 3633 2853 3706 14;
2912 3637 2975 3692 et
3029 3629 3281 3712 Augei„
3334 3627 3505 3690 verb.
3562 3625 3739 3700 Poma,

2224 3737 2398 3788 num.
2434 3727 2507 3803 33
2544 3723 2803 3786 inclinat
2826 3723 3011 3785 etiam
3038 3723 3352 3797 Corduba,
3392 3723 3439 3784 l.
3468 3721 3493 3782 l
3529 3735 3739 3782 suarum

2224 3817 2474 3893 Quaest.,
2507 3817 2575 3877 in
2619 3817 2720 3878 36.
2770 3816 2980 3878 Latius
3012 3813 3295 3876 defendit
3344 3815 3503 3876 hanc
3540 3820 3741 3874 senten-

2224 3911 2377 3971 tiam
2426 3909 2700 3988 vasquez
2756 3911 2813 3972 1.
2876 3909 2942 3982 2,
2999 3909 3156 3988 disp.
3226 3910 3371 3984 171,
3428 3923 3557 3986 cap.
3587 3903 3655 3980 ἲς
3692 3909 3742 3963 et

2222 4003 2431 4077 Sanc„
2462 4003 2522 4063 d.
2552 4001 2663 4063 nb.
2709 4003 2775 4077 Ξ,
2824 4011 2961 4080 cap.
3000 3999 3110 4077 2¹,
3142 4016 3325 4062 num.
3364 4001 3471 4066 26.
3496 3998 3595 4058 ubi
3621 3996 3738 4056 alios

2221 4095 2607 4174 jurisperitos
2635 4093 2894 4172 allegat3
2946 4099 3007 4155 et
3046 4093 3205 4154 mihi
3240 4093 3431 4154 etiam
3468 4091 3593 4152 hoec
3632 4105 3737 4149 sen·

2224 4187 2419 4248 tentia
2450 4186 2669 4265 placet,
2702 4203 2889 4266 quam
2922 4203 3033 4266 per
3056 4191 3387 4266 sequentes
3415 4184 3737 4246 assertiones

2225 4277 2541 4360 explicabo
2566 4285 2627 4339 et
2645 4278 2937 4357 probabo.

2306 4375 2344 4434 3
2372 4373 2589 4434 Prima
2622 4372 2877 4435 assertio
2911 4389 3028 4453 pro
3065 4371 3177 4436 hac
3214 4371 3511 4454 opinione.
3534 4405 3603 4416 -
3630 4367 3739 4427 Dico

2227 4483 2377 4543 ergo
2411 4465 2653 4543 primo:
2698 4465 3101 4526 alienationes
3126 4457 3443 4526 bonorum
3486 4463 3643 4524 faclae
3678 4458 3739 4519 ab

2225 4556 2515 4618 haeretico
2537 4563 2675 4638 post
2692 4557 3086 4618 commissum
3111 4557 3378 4630 crimen,
3406 4562 3467 4618 et
3488 4563 3619 4616 ante
3630 4570 3742 4613 sen-

2221 4651 2509 4724 tentiam,
2542 4669 2665 4710 uon
2690 4656 2836 4711 sunt
2859 4652 2991 4730 ipso
3032 4649 3192 4710 facto
3232 4649 3437 4711 nullas.
3490 4647 3741 4709 Probatur

2222 4743 2450 4823 primo,
2481 4745 2627 4822 quia
2648 4743 2970 4804 haeretieus
2988 4761 3121 4804 non
3152 4743 3359 4822 perdit
3382 4757 3559 4803 omne
3582 4736 3741 4798 domi·
3833 4807 3834 4820 χ

2226 4837 2403 4896 nium
2432 4836 2735 4897 bonorum
2759 4854 3017 4898 suorum
3054 4837 3263 4896 statim
3288 4837 3523 4896 ratione
3550 4829 3739 4904 delicti,

2224 4935 2297 4989 ut
2320 4929 2449 5008 jam
2475 4929 2802 5008 probatum
2831 4936 2964 5006 est3
2996 4929 3099 4990 sed
3142 4929 3349 4990 omnis
3370 4942 3545 4989 verus
3571 4923 3741 4986 domi-

2228 5039 2344 5081 nus
2372 5027 2569 5101 potest
2593 5021 2912 5083 voluntate
2951 5036 3063 5084 sua
3105 5023 3439 5083 transferre
3464 5020 3527 5080 in
3555 5017 3740 5087 alium,

2219 5115 2324 5193 jus
2347 5121 2410 5175 et
2437 5115 2785 5176 dominium
2832 5115 2997 5194 quod
3027 5117 3094 5176 in
3121 5115 3249 5176 suls
3276 5115 3453 5176 bonis
3474 5111 3667 5183 habet,
3692 5111 3743 5166 et

2225 5207 2406 5289 quale
2430 5209 2638 5283 habet,
2662 5210 2761 5270 vel
2784 5207 3141 5286 liberaliter,
3174 5211 3269 5270 vel
3282 5227 3398 5290 per
3420 5207 3598 5269 alium
3621 5218 3741 5264 eon-

2226 5307 2491 5362 tractum
2512 5325 2529 5379 ;
2563 5319 2713 5382 ergo
2731 5301 2848 5363 hoc
2873 5302 3058 5364 etiam
3074 5308 3282 5383 ‘potest
3312 5301 3507 5363 facere
3531 5295 3741 5360 haereti·

2227 5413 2359 5469 cus,
2416 5412 2529 5476 per
2576 5412 2640 5457 se
2684 5395 3016 5475 loquendo.
3056 5395 3251 5472 Dices,
3299 5395 3592 5456 minorem
3634 5404 3737 5448 non
3831 5413 3832 5454 ῑ

2224 5503 2351 5547 esse
2380 5487 2811 5550 universaliter
2837 5495 2903 5549 et
2930 5487 3207 5549 absolute
3232 5502 3465 5562 veram,
3497 5483 3595 5546 sed
3620 5495 3737 5541 cnm
3831 5483 3832 5507 ¹

2217 5581 2462 5660 vulgari
2487 5581 2879 5658 limitatione,
2906 5575 3189 5663 nisij'ure
3206 5581 3601 5664 prohibeatur,
3623 5591 3739 5655 ‘1¹¹ae
