3900 6217
541 323 661 386 228
954 327 1193 382 DlSPUT.
1226 328 1355 382 vul.
1386 327 1469 380 Du
1500 322 1927 382 nisTmcnoNu
1959 325 2124 380 num
2155 325 2237 378 ΑΒ
2267 324 2532 380 omanus
2561 323 2744 380 nouis
2775 324 2856 378 m·
2885 323 3156 388 cauus,
3183 323 3320 378 mc.

543 433 664 501 tra,
710 425 994 505 quamvis
1030 425 1232 504 prima
1264 423 1347 486 sit
1373 423 1757 504 frequentior
1784 425 1853 484 in
1880 423 2097 499 veteri,

540 520 873 600 aliquando
918 524 1131 580 tamen
1170 519 1360 579 etiam
1401 519 1583 580 tertia
1610 519 1678 578 in
1712 536 1839 584 ,usu
1890 524 2005 594 est,
2033 521 2105 577 ut

542 616 720 674 Prov.
754 611 1053 686 iszczcm
1081 612 1402 692 prophetia
1440 613 1736 691 defecerit,
1776 611 2104 692 dissipabi-

540 714 646 770 tur
679 707 963 788 populus.
1028 705 1231 766 Placet
1283 713 1492 767 autem
1540 705 1933 784 quibusdam,
1973 723 2102 766 non

540 817 997 880 quamcumque
1050 816 1237 858 sacrae
1299 797 1594 878 Sripturae
1648 798 2103 879 interpretatio-

537 912 685 954 nem
717 891 998 970 (etiamsi
1029 891 1250 969 spiritu
1278 891 1489 951 divino
1518 889 1683 971 fiat),
1709 891 2102 971 prophetiam

538 987 743 1046 vocari
770 1002 807 1044 a
840 983 1050 1058 Paule,
1080 983 1187 1044 sed
1236 982 1407 1044 illam
1446 983 1788 1064 specialiter
1818 1001 1960 1064 quae
2011 993 2101 1046 est

539 1077 617 1138 dc
661 1075 999 1159 prophetiis
1045 1094 1257 1138 rerum
1292 1075 1642 1138 futurarum
1678 1077 1818 1140 aliis
1863 1075 2102 1138 revela-—

538 1179 788 1248 tarum3
823 1171 911 1230 ita
957 1176 1029 1231 ιιι
1073 1170 1447 1232 conveniens
1500 1171 1926 1250 interpretatio
1989 1169 2103 1232 ali-

538 1265 716 1344 cujus
762 1263 1102 1344 prophetiae
1122 1308 1145 1340 ‚
1194 1264 1323 1326 sive
1370 1264 1691 1345 completae
1706 1311 1729 1342 ,
1761 1265 1890 1326 sive
1934 1282 2103 1325 eom-

537 1358 804 1439 plendae,
837 1357 915 1419 ad
969 1358 1255 1438 spiritum
1289 1358 1627 1439 prophetice
1672 1359 2004 1440 pertineat,
2041 1363 2103 1420 et

538 1450 862 1533 prophetia
902 1469 940 1512 a
974 1451 1162 1512 Paulo
1190 1457 1444 1514 vocetur
1472 1474 1490 1527 3
1522 1470 1662 1532 quae
1702 1450 1948 1514 videtur
1973 1470 2104 1514 esse

537 1545 844 1607 sententia
872 1545 1178 1606 Ambrosii
1208 1545 1298 1622 (si
1327 1545 1462 1624 ejus
1486 1551 1632 1606 sunt
1659 1545 2005 1608 Commeat.
2036 1545 2104 1605 in

536 1637 764 1716 Paul.),
792 1644 855 1700 et
880 1621 949 1699 Πῖ
980 1640 1235 1700 Thomae
1266 1639 1333 1698 in
1359 1637 1422 1700 id
1452 1642 1482 1700 1
1528 1639 1608 1700 ad
1642 1639 1779 1700 Cor.
1804 1641 1869 1700 11
1910 1657 1923 1698 :
1967 1635 2106 1700 Om-

534 1733 636 1794 nis
668 1733 765 1794 vir
809 1749 991 1795 orans
1036 1738 1211 1813 atquo
1239 1733 1612 1814 prophetans
1641 1776 1657 1805 ,
1702 1739 1817 1794 etc.
1846 1747 1867 1809 3
1912 1737 1975 1793 et
2015 1736 2106 1792 est

534 1823 913 1904 probabilior
938 1826 1265 1886 sententia.

614 1917 677 1978 6.
730 1915 997 1992 Quartus
1035 1936 1185 1982 usus
1237 1917 1699 1998 metaphooioue.
1736 1951 1819 1964 -—
1849 1919 2102 1995 Quarto,

534 2010 904 2072 translatum
958 2018 1050 2073 est
1095 2010 1434 2092 prophetiae
1491 2030 1723 2075 nomen
1743 2055 1765 2088 ,
1794 2013 2105 2093 praecipue

534 2107 603 2165 in
632 2105 825 2168 veteri
855 2113 1224 2168 testamento
1246 2107 1322 2168 ad
1361 2105 1845 2185 significandum
1889 2107 2103 2169 minis-

534 2199 764 2260 terium
790 2199 1077 2260 cantandi
1114 2199 1325 2261 laudes
1363 2205 1426 2261 et
1463 2199 1819 2280 Prophetias
1849 2200 1915 2262 in
1943 2208 2104 2262 tem-

534 2291 639 2372 plo
680 2293 948 2368 Domini,
988 2293 1296 2371 quomodo
1325 2293 1579 2373 exponit
1610 2293 1772 2372 Lyra
1811 2294 1877 2355 id
1920 2295 2104 2356 Para-

534 2385 646 2464 lip.
685 2387 785 2459 ⁴5,
822 2384 930 2445 ubi
959 2386 1153 2447 David
1184 2385 1411 2446 dicitur
1442 2404 1798 2464 segregasse
1821 2389 1931 2467 qui
1964 2407 2100 2468 pro·

534 2478 863 2557 phetarent
905 2480 975 2538 in
1012 2478 1284 2558 cytharis
1323 2483 1385 2540 et
1427 2478 1733 2558 psalteriis
1754 2523 1775 2555 ,
1821 2482 2103 2560 quamvis

534 2569 780 2632 Hebroei
816 2577 1165 2646 autument,
1198 2589 1342 2632 cum
1392 2571 1661 2632 ministri
1687 2572 1779 2634 illi
1808 2585 2103 2640 canerent

532 2665 966 2725 instrumentis
993 2664 1265 2739 musiciS,
1304 2662 1439 2725 fieri
1472 2683 1655 2745 super
1677 2683 1781 2726 eos
1815 2665 2104 2747 spiritum

530 2758 801 2834 Domini,
832 2764 903 2818 ut
946 2765 1008 2819 et
1037 2758 1511 2838 prophetarent,
1552 2759 1711 2821 sicut
1767 2760 1845 2822 de
1888 2759 2104 2822 Elisaeo

534 2851 764 2912 dicitur
784 2895 807 2926 ,
860 2854 901 2912 4
940 2852 1180 2930 Regum
1228 2851 1289 2911 3.
1342 2851 1472 2913 Hoc
1514 2858 1724 2914 tamen
1779 2871 1905 2914 nou
1957 2853 2104 2916 satis

534 2949 791 3005 constat.
856 2943 1032 3004 Unde
1086 2942 1256 3004 illam
1325 2951 1609 3024 quartam
1680 2947 2103 3026 acceptionem

533 3035 829 3115 intelligit
850 3037 1200 3116 cajetanus,
1224 3054 1368 3098 cum
1394 3039 1422 3098 1
1458 3037 1611 3118 Reg.
1646 3040 1723 3100 12
1751 3039 1980 3118 legitur
2009 3039 2105 3100 iu·

536 3130 754 3192 siliisse
807 3132 1101 3210 spiritum
1144 3131 1390 3192 Domini
1430 3133 1497 3192 in
1532 3131 1781 3194 Saulem
1804 3179 1827 3210 ,
1857 3140 1921 3194 et
1966 3152 2106 3214 pro-

534 3224 817 3304 phetasse
842 3273 858 3298 ,
906 3232 1146 3286 motum
1176 3269 1197 3299 ‚
1238 3222 1527 3286 videlicet
1559 3225 1745 3287 fuisse
1792 3245 1831 3287 a
1871 3227 2106 3307 Spiritu

536 3317 785 3394 Sancte,
818 3324 891 3378 ut-
920 3337 1063 3379 cum
1108 3317 1247 3378 aliis
1288 3315 1651 3378 canentibus
1696 3319 1937 3381 divinas
1972 3319 2107 3382 lau-

537 3410 645 3472 des
667 3413 1057 3491 jungeretur,
1088 3417 1151 3471 et
1180 3416 1446 3472 caneret.
1478 3411 1555 3472 Et
1581 3412 1670 3472 ita
1716 3411 1875 3474 forte
1923 3413 2107 3475 intel-

538 3503 864 3584 ligendum
885 3511 975 3566 est
998 3504 1087 3580 id,
1123 3507 1153 3564 1
1178 3503 1319 3564 Cor.
1352 3507 1423 3564 11
1454 3504 1749 3566 allatum:
1778 3503 1988 3568 Omnis
2006 3507 2107 3568 vir

541 3615 725 3661 oram
752 3603 861 3662 aut
890 3597 1283 3678 prophetam.
1320 3598 1623 3680 Namque,
1653 3607 1723 3662 ut
1748 3599 2106 3661 Ambrosius

541 3698 603 3753 et
643 3689 822 3752 divus
846 3691 1117 3752 Thomas
1142 3691 1440 3768 indicant,
1470 3691 1839 3773 prophetare
1876 3695 2107 3756 dicitur

541 3785 651 3864 qui
696 3784 765 3845 in
794 3783 1049 3846 eeclesia
1098 3783 1487 3868 prophetiam
1523 3786 1767 3863 recitat,
1812 3792 1877 3850 et
1912 3787 2107 3848 aedifi-

546 3884 669 3938 cat.

626 3972 685 4032 7.
736 3970 996 4046 Quintm
1066 3990 1217 4036 usus
1268 3975 1467 4056 maffia
1519 3973 1982 4054 metaphorica.
2029 4007 2110 4020 -—

549 4064 799 4140 Quinte,
831 4065 1035 4127 adhuc
1080 4067 1282 4146 magis
1319 4066 1734 4147 metaphorice
1752 4112 1775 4145 ,
1810 4069 2109 4148 quoniam

546 4159 655 4238 qui
689 4159 1033 4238 praedicunt
1074 4159 1289 4222 futura
1326 4160 1525 4222 solent
1570 4161 1765 4240 signis
1810 4169 1872 4222 ct
1922 4163 2110 4224 mira·

546 4251 703 4312 culis
741 4269 817 4313 ea
868 4251 1237 4315 confirmare
1263 4298 1286 4331 ,
1340 4254 1475 4333 ipsa
1540 4271 1729 4333 opera
1788 4255 2110 4333 signorum

520 4345 903 4425 ·(proecipne
940 4365 1085 4409 eum
1124 4343 1304 4407 fiunt'
1324 4346 1394 4406 in
1422 4346 1958 4408 confirmationem
1999 4347 2110 4410 ali-

546 4437 722 4515 cujus
763 4439 1104 4519 prophetias
1128 4441 1261 4520 jam
1296 4439 1471 4502 factae
1493 4485 1515 4516 ,
1556 4439 1655 4501 vel
1704 4440 1773 4502 in
1813 4441 2111 4502 ostensio-

546 4548 692 4592 nem
736 4533 1074 4594 sanctitatis
1111 4533 1371 4613 alicujus
1395 4533 1749 4614 prophetae)
1774 4533 1976 4596 solent
2015 4534 2114 4595 in-

548 4625 793 4686 terdum
812 4625 934 4686 dici
959 4627 1325 4708 prophetiae.
1354 4625 1443 4687 lta
1464 4627 1533 4688 D.
1564 4627 1850 4703 Thomas,
1875 4645 1936 4707 q.
1968 4630 2108 4704 171,

546 4724 665 4778 art.
703 4721 762 4795 1,
792 4717 871 4780 ad
901 4723 961 4795 1,
993 4723 1103 4799 qui
1128 4720 1246 4781 hoc
1268 4721 1453 4781 modo
1485 4719 1781 4798 intelligit
1804 4721 1871 4781 id
1906 4720 2114 4782 Eccle-

546 4810 715 4871 siast.
745 4813 825 4872 48
847 4856 868 4888 ,
900 4812 1009 4873 ubi
1040 4812 1117 4874 de
1146 4812 1362 4875 Elisseo
1398 4813 1620 4875 dicitur
1648 4832 1661 4874 :
1692 4815 1786 4875 Et
1810 4819 2116 4878 mortuum

442 4907 447 4910 ’
538 4905 924 4984 prophetavit
946 4923 1161 4988 corpus
1186 4907 1343 4985 ejvs.
1363 4905 1539 4968 Unde
1566 4905 1815 4970 additur
1836 4925 1851 4966 :
1872 4908 1959 4969 In
1983 4908 2116 4970 vita

544 5012 662 5058 sua
690 4999 837 5076 fecit
872 5003 1173 5075 monstra,
1212 5002 1270 5062 et
1309 5000 1377 5061 in
1413 5005 1605 5062 morto
1640 4999 1949 5064 mirabilia
1983 5017 2118 5082 ope-

553 5095 733 5152 ratus
756 5096 869 5165 est,
896 5109 1046 5152 nam
1068 5091 1149 5154 ad
1172 5098 1405 5153 tactum
1425 5093 1695 5172 corporis
1721 5093 1855 5173 ejus
1884 5093 2117 5155 mortui

548 5199 772 5262 eorpus
817 5183 987 5246 aliud
1024 5185 1272 5262 revixit,
1306 5191 1377 5246 ut
1426 5185 1691 5248 habetur
1717 5186 1758 5246 4
1804 5186 1958 5266 Reg.
1992 5186 2069 5248 13
2087 5199 2110 5262 3

550 5275 639 5336 sic
684 5277 875 5337 etiam
924 5279 989 5339 in
1038 5278 1376 5358 Scriptura,
1406 5279 1473 5338 in
1518 5279 1735 5342 eodem
1762 5297 1969 5356 sensu,
2001 5279 2114 5341 Ec-

547 5365 690 5429 cles.
717 5369 821 5446 49,
846 5369 1098 5448 dicitur,
1123 5389 1261 5435 ossa
1278 5371 1333 5436 J
1327 5371 1529 5456 oreph·
1540 5377 1685 5453 post
1702 5377 1954 5437 mortem
1963 5389 2113 5454 pro·

542 5461 828 5541 phetam
839 5489 869 5540 ,·
899 5482 1047 5526 uam
1070 5465 1215 5528 licet
1241 5466 1309 5527 in
1334 5467 1651 5546 Scriptura
1668 5484 1797 5528 non
1824 5465 2116 5547 legantur

2180 422 2484 486 miracula
2520 441 2632 504 per
2671 439 2808 486 ossa
2853 421 3105 502 Josephi
3147 421 3332 498 facta,
3362 419 3622 484 fortasse
3655 425 3751 480 ta-

2182 535 2330 579 men
2363 517 2644 580 fecerunt
2686 516 2930 596 aliqua3
2978 515 3078 578 vel
3115 521 3280 578 certe
3327 514 3478 595 quia
3513 511 3752 592 Joseph

2185 610 2551 690 praedixerat
2585 629 2600 672 ε
2665 611 2820 672 Deus
2887 609 3162 674 visitabit
3215 627 3321 673 vos
3361 633 3388 682 ,·
3431 609 3754 689 asportato

2185 721 2324 767 ossa
2349 723 2512 776 mea,
2556 705 2772 766 Genes.
2819 703 2934 764 ult.
2964 748 2986 778 ,
3023 702 3186 783 quod
3235 702 3618 782 completum
3655 704 3756 760 est

2182 797 2375 860 Exod.
2427 798 2540 874 13,
2592 798 2882 858 dicuntur
2927 814 3062 858 ossa
3107 795 3506 876 prophetasse
3533 839 3554 869 ,
3597 794 3755 872 quia

2181 892 2509 971 praesentia
2537 910 2648 954 sua
2675 889 3095 966 declarabant,
3129 890 3284 952 dum
3309 887 3748 969 portabantur,

2182 1002 2401 1046 verum
2425 985 2612 1046 fuisse
2641 982 3032 1065 prophetam.

2261 1079 2323 1140 8.
2371 1077 2605 1144 Sextus
2657 1096 2807 1142 uem
2851 1096 2990 1142 onom
3029 1077 3260 1144 addito.
3291 1111 3374 1122 —
3405 1077 3750 1148 Postremo,

2182 1172 2332 1252 quia
2353 1173 2668 1234 interdum
2701 1171 2988 1252 quaedam
3031 1169 3271 1232 occulta
3311 1168 3535 1248 Angeli
3589 1166 3754 1228 lucis

2181 1265 2361 1328 nobis
2393 1265 2748 1341 ostendunt,
2779 1264 2880 1326 vel
2911 1265 3102 1326 etiam
3121 1264 3274 1343 quia
3297 1261 3571 1342 Angelus
3614 1277 3755 1320 ma-

2183 1357 2282 1422 lus
2309 1359 2710 1440 transfigurat
2743 1377 2874 1422 sese
2897 1359 3293 1440 permittente
3313 1357 3462 1432 Dee,
3484 1359 3550 1417 et
3573 1371 3755 1434 quae-

2185 1453 2330 1516 dam
2363 1453 2576 1516 abdita
2617 1452 2898 1534 praedicit
2933 1470 3101 1514 nunc
3125 1451 3308 1527 talea,
3337 1467 3506 1512 nunc
3549 1465 3703 1508 vera
3731 1468 3750 1520 3

2185 1547 2324 1610 ideo
2352 1554 2416 1609 et
2450 1545 2788 1627 prophetiae
2816 1563 3048 1616 nomen
3075 1543 3324 1606 extendi
3363 1544 3554 1604 etiam
3591 1539 3756 1602 solet

2185 1641 2266 1702 ad
2308 1641 2724 1720 cognitionem
2753 1645 2818 1701 et
2840 1639 3327 1719 praedictionem,
3363 1653 3506 1716 quoe
3535 1635 3608 1696 in
3637 1633 3748 1694 tali

2184 1734 2545 1801 daemonum
2575 1733 2887 1794 locutione
2910 1732 3230 1806 fundatur,
3263 1737 3336 1790 ιιι
3379 1734 3556 1790 notat
3601 1728 3752 1790 Hie-

2184 1845 2486 1907 ronymus
2513 1827 2582 1888 in
2609 1826 2828 1888 Ezech.
2862 1828 2938 1888 13
2964 1870 2983 1901 ,
3023 1826 3260 1887 Jerem.
3294 1824 3376 1885 23
3391 1867 3413 1898 ,
3443 1822 3618 1884 Oseoe
3661 1823 3702 1882 4
3727 1835 3751 1897 3

2185 1927 2250 1983 et
2297 1920 2610 2000 colligitur
2645 1938 2723 1982 ex
2751 1919 2970 1982 Ezech.
3005 1922 3106 1994 14,
3133 1919 3364 1980 Jerem.
3407 1918 3469 1979 2.
3503 1917 3608 1978 Est
3660 1921 3753 1975 ta-

2185 2032 2333 2076 men
2381 2032 2524 2076 cum
2573 2014 2790 2077 eodem
2841 2013 3224 2092 Hieronymo
3251 2009 3702 2073 advertendum
3725 2053 3750 2084 ,

2185 2125 2326 2170 cum
2354 2108 2430 2169 de
2458 2107 2570 2170 tali
2613 2125 2842 2187 genere
2887 2105 3232 2187 prophetias
3281 2122 3486 2168 sermo
3535 2109 3632 2164 est
3681 2102 3756 2162 in

2186 2201 2528 2282 Scriptura,
2575 2219 2821 2281 semper
2867 2200 3014 2262 addi
3049 2199 3322 2278 aliquam
3377 2194 3754 2277 partic-ulam

2185 2295 2662 2370 diminuentem,
2709 2313 2846 2374 quoe
2885 2290 3422 2372 imperfectionem
3468 2289 3613 2350 talis
3649 2307 3756 2349 eo·-

2183 2387 2480 2466 gnitionis
2508 2386 2794 2450 ostendat
2819 2408 2838 2462 3
2867 2404 3016 2448 nam
3035 2385 3204 2446 Oseae
3229 2386 3270 2446 9
3293 2383 3557 2446 dicitur:
3587 2382 3756 2444 Pro·

2172 2480 2363 2562 pheta
2391 2481 2652 2556 matus,
2686 2486 2744 2544 et
2795 2479 3052 2542 insanus
3078 2476 3217 2552 vim
3247 2484 3311 2540 et
3357 2477 3593 2540 Jerem.
3621 2475 3704 2536 23
3733 2493 3752 2534 ε

2199 2573 2356 2640 Vilio
2406 2575 2605 2638 cordis
2641 2572 2890 2638 lamnam·
2929 2590 3051 2634 nou
3085 2573 3154 2636 do
3205 2589 3304 2634 ore
3337 2569 3590 2633 Domini
3609 2595 3640 2642 ,·
3691 2573 3758 2630 et

2185 2665 2402 2728 Ezech.
2431 2667 2532 2743 13,
2558 2666 2962 2747 perhibentur
2981 2665 3072 2741 hi,
3087 2666 3454 2747 prophetare
3479 2665 3550 2728 do
3575 2663 3756 2726 eorde

2185 2777 2294 2822 suo
2309 2785 2337 2837 ;
2379 2777 2568 2840 quare
2606 2759 2930 2841 prophetia
2977 2759 3110 2821 haec
3159 2777 3288 2820 non
3333 2755 3702 2836 simpliciter
3729 2797 3751 2830 ,

2184 2854 2292 2916 sed
2329 2871 2474 2914 cum
2521 2854 2732 2914 addito
2777 2852 2928 2915 falsa
2959 2852 3284 2932 prophetia
3329 2856 3424 2912 est
3459 2848 3750 2910 dicenda.

2262 2948 2322 3008 9.
2369 2943 2656 3010 Auctoris
2673 2947 2986 3026 jndioium
3028 2948 3096 3010 de
3115 2943 3433 3025 proediotis
3461 2939 3758 3023 acceptio-

2182 3041 2380 3102 nibus.
2424 3073 2507 3085 -—
2545 3038 2740 3102 Aliud
2775 3040 3097 3122 prophetie
3121 3083 3137 3113 ,
3191 3038 3371 3100 aliud
3419 3035 3755 3100 instinctus

2178 3131 2586 3215 propheticus.
2632 3164 2715 3179 --
2753 3133 2846 3194 Ex
2895 3133 3118 3213 quibus
3163 3131 3455 3193 omnibus
3511 3133 3758 3190 constat

2184 3227 2579 3307 prophetiam
2611 3226 2682 3288 in
2729 3227 2930 3307 prima
2968 3228 3321 3305 acceptione
3349 3273 3366 3299 ‚
3399 3239 3542 3300 ,esse
3577 3220 3758 3282 illam

2185 3337 2324 3400 quae
2353 3320 2518 3381 inter
2542 3321 2772 3399 gratias
2815 3320 3006 3398 gratis
3050 3319 3226 3380 datas
3257 3322 3654 3390 numeratur,
3691 3319 3762 3374 et

2186 3413 2264 3474 de
2309 3432 2436 3493 qua
2493 3413 2598 3476 hic
2648 3412 3058 3494 disputamus.
3094 3412 3192 3474 Ad
3239 3428 3428 3491 quam
3467 3406 3758 3470 revocari

2185 3512 2384 3586 potest
2429 3505 2696 3568 secunda
2750 3505 3060 3585 acceptio3
3091 3521 3238 3566 nam
3257 3547 3280 3580 ,
3329 3516 3400 3564 ut
3437 3519 3517 3586 ex
3565 3499 3760 3562 dictis

2185 3605 2378 3680 patet,
2410 3606 2502 3662 est
2527 3601 2701 3681 quasi
2727 3617 2872 3680 pars
2897 3605 2960 3662 et
2996 3597 3348 3660 membrum
3395 3597 3614 3675 prima}
3655 3609 3762 3652 ac-

2187 3695 2508 3772 ceptionis.
2549 3695 2623 3754 ln
2673 3693 2858 3754 tertia
2901 3710 3050 3754 vero
3115 3689 3474 3769 acceptione
3494 3733 3521 3763 ,
3561 3689 3614 3747 si
3651 3703 3764 3748 su-

2185 3793 2395 3847 matur
2413 3793 2486 3848 ut
2515 3785 2798 3868 specialis
2821 3786 3050 3864 gratia,
3071 3783 3152 3846 ad
3175 3781 3762 3862 interpretationem

2187 3881 2488 3940 sermonis
2526 3885 2780 3961 spectat.
2812 3880 2882 3940 ln
2934 3879 3175 3958 quinta,
3211 3876 3292 3938 od
3331 3874 3762 3954 operationem

2188 3971 2516 4036 virtutum.
2549 3974 2779 4048 Quarta
2813 3989 2960 4034 vero
3005 3978 3069 4034 et
3105 3974 3277 4032 sexta
3300 4011 3322 4045 ,
3373 3972 3554 4030 extra
3587 3984 3718 4044 prae
3731 3997 3764 4010 -

2189 4070 2431 4127 sentem
2473 4071 2619 4128 sunt
2675 4065 3231 4127 considerationem
3283 4069 3349 4124 et
3385 4060 3716 4122 materiam
3731 4103 3760 4134 ,

2189 4159 2475 4238 quamvis
2521 4159 2601 4220 ad
2651 4159 3002 4240 Scripturas
3058 4153 3494 4233 intelligendas
3545 4151 3768 4214 conse-

2190 4258 2353 4314 rant.
2389 4252 2545 4314 Illud
2590 4251 2813 4314 ultimo
2861 4251 3209 4314 notandum
3234 4267 3315 4312 ex
3361 4250 3431 4310 D.
3472 4247 3716 4308 Thema
3735 4289 3764 4322 ,

2193 4345 2366 4406 aliud
2393 4363 2524 4408 esse
2561 4346 2972 4428 prophetiam,
3001 4343 3174 4406 aliud
3207 4343 3572 4406 instinctum
3607 4358 3770 4419 pro-

2193 4437 2533 4518 pheticum,
2565 4441 2672 4519 qui
2699 4439 2854 4502 solet
2879 4439 3071 4501 etiam
3099 4435 3434 4516 aliquando
3461 4434 3588 4494 dici
3612 4449 3768 4512 pro-

2191 4530 2426 4611 phetia,
2455 4531 2622 4610 licet,
2653 4533 2706 4594 si
2749 4532 2828 4596 de
2866 4532 3192 4614 prophetia
3229 4529 3499 4610 perfecta
3541 4527 3770 4606 loqua-

2193 4644 2361 4703 mur,
2391 4625 2500 4686 illa
2549 4627 2796 4707 proprie
2844 4633 2936 4690 est
2971 4625 3211 4686 donum
3260 4619 3766 4702 supernaturale,

2194 4726 2258 4781 et
2282 4720 2486 4798 gratia
2512 4722 2706 4800 gratis
2733 4719 2900 4780 data.
2931 4719 3040 4782 Ille
3069 4735 3218 4779 vero
3251 4717 3578 4778 instinctus
3606 4731 3768 4793 pro·-

2196 4813 2500 4895 pheticus,
2530 4815 2642 4893 qui
2679 4813 3008 4893 multiplex
3031 4818 3096 4874 et
3123 4811 3332 4874 varius
3357 4827 3488 4871 esse
3529 4813 3768 4888 potest,

2195 4906 2276 4967 ad
2304 4905 2694 4986 prophetiam
2725 4912 3074 4968 revocatur.
3103 4905 3264 4978 Quid
3289 4921 3438 4965 vero
3463 4903 3544 4964 sit
3571 4907 3638 4962 et
3679 4900 3772 4961 ad

2194 5000 2343 5079 quid
2393 5000 2692 5078 conferat,
2735 5017 2815 5062 ex
2853 5000 3132 5062 dicendis
3157 4997 3481 5060 constabit.
3513 4996 3624 5058 His
3649 5011 3772 5074 po-

2195 5087 2328 5153 sitis
2370 5091 2450 5154 de
2477 5093 2734 5155 nomine
2773 5093 3140 5174 prophetia,
3171 5092 3350 5154 facile
3385 5088 3776 5166 intelligitur

2195 5185 2362 5264 quod
2403 5187 2485 5247 sit
2511 5186 2832 5248 materiale
2853 5187 3168 5267 obJeetum
3211 5192 3275 5246 et
3321 5182 3586 5247 formale
3615 5199 3770 5260 pro-

2193 5278 2446 5359 phetioe,
2471 5279 2550 5340 de
2577 5297 2704 5358 qua
2727 5285 3087 5342 tractamus.

2277 5373 2378 5434 10.
2419 5371 2698 5436 Assertio
2707 5374 2944 5454 prima.
2960 5373 3366 5438 —Probatur
3395 5369 3766 5452 Scriptura.

2195 5499 2274 5513 -
2297 5467 2394 5533 Et
2443 5469 2701 5534 ratione.
2755 5468 2898 5530 Dico
2947 5485 3096 5547 ergo
3148 5468 3352 5547 primo
3385 5485 3401 5527 ;
3447 5463 3774 5545 objectum
