3900 6217
572 308 692 370 708

574 424 707 493 τοῖς
752 412 1019 477 intendit
1047 411 1213 475 enim
1246 429 1317 473 eo
1344 409 1479 473 loco
1508 408 1877 473 confirmare
1902 426 1968 469 se
2007 426 2140 469 non

574 530 652 573 ex
680 509 822 571 odio
848 508 1244 580 Judaeorum,
1280 504 1384 565 sed
1416 522 1491 565 ex
1516 520 1749 576 amore,
1783 506 1997 561 eontra
2029 518 2138 561 eo-

574 622 719 667 rum
745 600 1033 663 duritiem
1066 598 1421 678 praedicare,
1454 602 1517 658 et
1544 594 1663 656 hoc
1690 582 2019 656 confirmat
2041 593 2139 673 ju-

573 715 719 759 rans
752 713 817 755 se
845 691 1023 754 valde
1058 690 1263 753 dolere
1298 691 1375 753 de
1405 706 1622 752 eorum
1651 706 1859 749 errore
1886 693 1947 750 et
1975 693 2138 747 statu

574 788 853 872 perdit03
886 792 949 847 et
975 784 1323 861 confirmat,
1343 784 1490 864 quia
1510 782 1793 843 similiter
1820 800 1898 841 ex
1920 780 2139 843 eodem

574 899 787 944 amore
828 884 1161 959 antequam
1212 876 1671 937 illuminaretur
1691 920 1712 950 ,
1767 871 2140 953 praedicabat

573 981 787 1037 eontra
816 972 1149 1040 Christum,
1182 976 1243 1032 et
1269 968 1515 1030 volebat
1541 984 1669 1028 esse
1700 966 2031 1029 anathema
2060 964 2139 1027 ab

573 1068 825 1130 i110.1ta
849 1063 1210 1128 Ambrosius
1239 1069 1299 1125 et
1328 1063 1765 1141 Hieronymus,
1809 1057 2065 1119 Glossa
2048 1075 2144 1119 m·

573 1162 855 1223 terlinea.
899 1164 961 1220 et
1002 1156 1344 1233 ordinaria,
1392 1155 1742 1229 AnselmuS,
1781 1154 1963 1233 Hugo
2003 1152 2144 1213 Car-

574 1254 734 1331 din„
768 1255 839 1314 D.
872 1254 1135 1313 Thomas
1165 1252 1225 1311 2.
1273 1252 1335 1326 2,
1378 1254 1597 1329 quaest.
1644 1248 1748 1322 27,
1798 1253 1916 1307 art.
1960 1247 2020 1321 8,
2063 1246 2142 1307 ad

576 1348 872 1429 prImum.
908 1346 1120 1406 DiceS.
1164 1344 1213 1404 si
1245 1343 1471 1404 Paulus
1498 1340 1854 1421 loqueretur
1881 1339 1958 1399 de
1985 1345 2142 1400 tem-

574 1460 723 1522 pore
779 1459 905 1500 suae
957 1436 1359 1511 infidelitatis,
1421 1454 1548 1496 non
1600 1428 1755 1496 esset
1806 1452 1917 1493 cur
1970 1437 2143 1493 tanta

572 1532 1049 1612 exaggeratione
1076 1530 1453 1609 loqueretur,
1492 1546 1637 1587 nam
1670 1527 1731 1587 id
1762 1525 1943 1587 facile
1975 1525 2142 1586 credi

574 1634 777 1709 posset
812 1647 824 1689 ε
866 1628 1015 1687 item
1044 1641 1171 1684 non
1210 1629 1301 1684 est
1331 1622 1665 1685 verisimile
1694 1640 1769 1683 ex
1798 1638 2009 1681 amore
2035 1618 2142 1678 Ju-

576 1722 854 1783 daeorum
914 1718 1101 1779 fuisse
1158 1722 1301 1777 ante
1362 1721 1748 1795 persecutum
1806 1714 2139 1775 Christum.

576 1814 1034 1877 Occurrendum
1071 1816 1283 1873 tamen
1321 1809 1713 1889 interponere
1746 1808 2010 1869 Paulum
2041 1823 2141 1866 ex-

572 1907 1038 1989 aggerationem
1066 1905 1274 1981 istam,
1320 1903 1398 1965 ad
1446 1902 1942 1983 persuadendum
1990 1918 2145 1979 prae-

574 2007 813 2063 sentem
834 2000 1122 2061 affectum
1150 1996 1378 2057 amoris
1398 2015 1545 2075 erga
1566 1995 1599 2055 J
1604 1994 1829 2069 udaeos,
1858 1999 1921 2055 et
1941 2011 2138 2072 quan-

575 2101 639 2156 to
675 2094 883 2154 dolore
922 2091 1273 2152 afficeretur
1306 2096 1558 2169 propter
1598 2104 1813 2149 eorum
1851 2086 2134 2162 malum3

573 2188 947 2270 praeteiitum
983 2202 1125 2247 vero
1152 2191 1398 2263 tempus
1426 2186 1893 2257 commemorat,
1934 2185 2005 2239 ut
2033 2196 2136 2239 ve-

570 2280 887 2343 risimilius
932 2277 1119 2338 iaciat
1158 2276 1327 2357 quod
1366 2294 1534 2337 nune
1575 2276 1763 2355 jurat.
1813 2276 1885 2335 Et
1913 2270 2136 2334 confir-

572 2380 703 2435 mat
727 2373 843 2433 hoe
869 2371 961 2433 vis
987 2370 1154 2431 illius
1175 2368 1349 2431 verbi
1378 2370 1677 2450 optabam,
1706 2376 1768 2428 et
1794 2385 1945 2441 non,
1978 2370 2133 2446 opt0.

572 2465 820 2529 Falsum
850 2470 943 2527 est
970 2464 1157 2525 etiam
1181 2463 1467 2537 Paulum,
1488 2479 1630 2523 eum
1657 2458 2142 2541 persequebatur

574 2559 905 2622 Ecclesiam
928 2605 943 2633 ‚
993 2557 1053 2619 id
1086 2576 1213 2617 non
1240 2555 1452 2618 fecisse
1494 2574 1569 2617 ex
1599 2572 1809 2616 amore
1838 2568 2092 2613 suorum
2119 2569 2136 2625 ;

574 2672 722 2715 nam
757 2652 958 2713 Actor.
992 2652 1094 2727 22,
1141 2655 1203 2711 et
1244 2648 1323 2711 ad
1352 2646 1549 2711 Galat.
1589 2651 1645 2724 l,
1693 2647 1843 2707 dicit
1873 2664 1936 2707 se
1961 2645 2023 2705 id
2051 2644 2139 2705 fe-

572 2748 746 2824 cisse,
780 2752 851 2806 ut
876 2744 1297 2807 aemulatorem
1322 2742 1476 2823 legis
1512 2748 1573 2803 ct
1622 2740 1943 2820 religionis
1988 2758 2132 2799 suae.

651 2842 711 2901 5.
760 2838 977 2903 Altera
1000 2837 1118 2900 loci
1148 2836 1339 2899 Pauli
1376 2834 1924 2918 empositio.—Non
1950 2833 2139 2895 satis-

569 2934 739 3015 facit.
759 2964 841 2979 —-
870 2929 1079 2996 Tertia
1128 2928 1437 3010 empositio.
1456 2961 1537 2976 -—
1564 2927 1709 2992 Non
1736 2928 1974 2989 omnino
2003 2926 2133 3007 pla-

572 3033 683 3091 cet.
716 3060 799 3072 —
822 3024 1007 3104 Apud
1031 3022 1488 3087 Ribadineiram
1512 3064 1533 3096 ,
1564 3020 1669 3083 lib.
1705 3022 1741 3080 3
1771 3022 1838 3082 de
1876 3018 2016 3085 Vita
2051 3017 2132 3079 B.

574 3119 835 3204 Iynatii.
871 3153 950 3163 --
982 3116 1259 3179 Secundo
1290 3113 1715 3194 respondetur,
1752 3110 2138 3173 admittendo

570 3211 741 3293 loqui
772 3213 847 3273 de
896 3210 1183 3291 praesenti
1216 3208 1517 3268 desiderio
1546 3253 1565 3283 ,
1616 3204 1769 3266 illud
1816 3205 2137 3267 anathema

571 3325 697 3368 non
728 3304 1074 3385 significare
1102 3302 1442 3363 carentiam
1472 3298 1900 3373 beatitudinis,
1932 3314 2135 3377 neque

571 3397 819 3477 aliquod
868 3395 1188 3477 spirituale
1226 3392 1502 3470 malum,
1533 3392 1638 3453 sed
1683 3408 1853 3471 posse
1900 3388 2136 3471 signifi-

572 3510 711 3553 care
738 3495 999 3551 mortem
1028 3486 1436 3569 corporalem,
1468 3491 1541 3548 ut
1570 3484 1779 3546 videre
1814 3490 1903 3545 est
1930 3484 1998 3543 in
2024 3483 2135 3544 Pa-

572 3584 788 3665 gnin0,
822 3588 884 3644 et
920 3582 986 3643 in
1020 3581 1332 3642 Thesauro
1377 3579 1609 3657 linguae
1649 3586 1906 3653 sanetae,
1947 3576 2136 3638 verbo

572 3676 765 3740 Aram
782 3700 810 3747 ,·
856 3682 919 3737 et
940 3675 1060 3736 hoc
1110 3675 1247 3735 loco
1290 3673 1545 3753 exponit
1588 3672 2027 3750 HieronmeS,
2067 3688 2128 3750 q.

573 3774 612 3833 9
641 3772 719 3831 ad
754 3768 1069 3848 Algasiam
1087 3811 1108 3843 ,
1149 3771 1210 3827 et
1248 3766 1411 3827 idem
1440 3764 1699 3825 tradunt
1742 3761 1846 3824 alii
1901 3764 2129 3824 Patres,

571 3863 781 3927 Solum
820 3862 1020 3923 obstat
1064 3859 1171 3921 illa
1199 3858 1499 3939 particula
1536 3875 1575 3920 a
1606 3855 1880 3932 Christo,
1910 3861 1981 3916 ut
2018 3873 2130 3917 no-

570 3958 725 4019 tavit
759 3955 1033 4017 Adamus
1066 3971 1139 4015 eo
1178 3953 1337 4028 loce,
1364 3969 1515 4012 nam
1544 3949 1663 4010 nisi
1706 3948 2129 4028 detorquendo

569 4049 841 4112 litteram
884 4065 1011 4109 non
1038 4052 1236 4129 potest
1278 4043 1574 4124 conjungi
1605 4059 1744 4103 eum
1776 4048 1974 4103 morte
1999 4059 2129 4103 cor-

569 4142 788 4224 porali.
838 4140 1042 4203 Tertio
1092 4154 1241 4219 ergo
1298 4137 1698 4199 admittamus
1754 4134 2126 4196 desiderasse

570 4235 832 4299 Paulum
878 4232 1215 4295 carentiam
1266 4230 1669 4291 beatitudinis
1690 4274 1711 4305 ,
1742 4247 1867 4290 non
1911 4246 2128 4308 perpe-

570 4334 743 4389 tuam
762 4333 995 4402 tamen,
1018 4324 1123 4387 sed
1148 4324 1227 4385 ad
1255 4329 1524 4403 tempus,
1548 4328 1853 4402 quantum
1883 4321 1918 4381 J
1923 4322 2132 4383 udaeo-

569 4440 711 4483 rum
748 4420 934 4481 saluti
961 4424 1116 4480 esset
1143 4417 1504 4478 necessaria.
1540 4416 1629 4475 lta
1659 4414 1837 4476 divus
1866 4412 2132 4475 Thomas

568 4519 629 4577 2.
662 4516 751 4590 2.,
782 4518 997 4593 quoest.
1028 4512 1129 4588 27,
1161 4510 1336 4571 artic.
1370 4510 1439 4585 8,
1482 4509 1562 4569 ad
1604 4511 1660 4569 1.
1697 4506 1997 4569 Eamdem
2025 4524 2129 4569 ex·

566 4606 935 4689 positionem
965 4604 1194 4665 habent
1238 4602 1529 4681 Magister
1568 4608 1629 4663 et
1669 4602 2128 4677 Bonaventura,

563 4703 630 4761 in
666 4703 703 4762 3
738 4745 758 4777 ,
810 4698 1188 4761 distinction.
1221 4698 1327 4769 193
1374 4696 1699 4775 Lyranus,
1764 4700 1829 4757 et
1888 4694 2130 4775 Haymo

563 4794 632 4856 in
672 4792 930 4856 Paulum
947 4810 968 4871 3
1013 4790 1347 4868 Arboreus,
1386 4790 1499 4853 lib.
1528 4792 1631 4866 14,
1662 4808 1798 4871 cap.
1831 4792 1907 4851 17
1937 4786 2131 4851 Theo-

566 4888 819 4969 sophiae.
851 4886 1065 4949 Solum
1111 4905 1259 4948 vero
1303 4884 1527 4961 obstat,
1559 4884 1708 4965 quia
1752 4882 1830 4945 ad
1868 4883 1932 4943 id
1971 4902 2131 4944 asse-

565 4982 854 5057 rendum,
890 4998 1017 5042 non
1062 4986 1196 5042 erat
1220 4978 1564 5041 necessaria
1591 4983 1765 5038 tanta
1794 4994 2131 5056 exaggera-

564 5076 681 5151 tio,
711 5092 859 5134 nam
895 5078 1025 5134 erat
1059 5092 1159 5134 res
1204 5072 1422 5150 facilis,
1452 5078 1523 5132 ut
1568 5077 1740 5151 patet
1786 5088 1863 5131 ex
1909 5069 2127 5131 eodem

565 5166 645 5231 ad
676 5166 898 5245 Philip.
935 5169 964 5227 1
1006 5184 1020 5227 ε
1062 5165 1350 5230 coarctor
1377 5170 1572 5229 autem
1612 5182 1641 5227 ο
1686 5164 1930 5238 duobus,
1972 5163 2125 5227 desi-

566 5260 798 5325 derium
837 5260 1053 5323 habens
1096 5258 1367 5333 dissolvi,
1398 5264 1455 5322 et
1480 5275 1603 5320 esse
1648 5274 1782 5321 oum
1830 5254 2065 5321 Christo
2093 5282 2122 5331 ,-

1022 310 1261 365 DISPUT.
1296 310 1377 362 IX.
1414 308 1495 361 ΒΕ
1528 308 1755 361 ORDINE
1788 308 1972 360 (ΗΒΕΑ
2003 307 2320 360 ΡΕΒὸΟΝΑδ
2351 308 2680 363 SERVANDO
2717 310 2778 363 IN
2811 310 3170 371 PRAEGEP‘ro.
3205 310 3349 363 ETc.

2217 406 2600 471 voluntatem
2629 409 3020 486 habuerunt,
3053 416 3122 471 ut
3145 409 3422 489 legimus
3461 409 3536 471 de
3576 422 3747 477 saneto

2218 502 2506 577 Martino,
2537 504 2644 582 qui
2673 503 2842 583 apud
2873 503 3232 585 Sulpitium,
3283 522 3434 565 cum
3470 504 3598 583 jam
3641 526 3752 569 evo-

2219 595 2454 655 candus
2482 602 2639 657 esset
2663 596 2745 657 ad
2771 596 3078 659 coelestem
3105 597 3402 676 gloriam,
3422 598 3748 663 testabatur:

2218 689 2494 764 Domine,
2521 689 2578 751 si
2607 690 2803 754 adhuc
2821 689 3048 773 populo
3091 696 3191 755 tuo
3221 709 3366 755 sum
3402 693 3752 771 necessarius,

2217 800 2338 845 non
2381 800 2586 845 recuso
2631 782 2892 847 laborem
2911 808 2937 857 ,·
2977 782 3140 863 quod
3175 784 3388 864 ipsum
3423 782 3502 845 ad
3535 803 3752 864 praeseus

2218 875 2573 937 institutum
2621 877 2950 957 perpendit
2993 876 3380 951 Bernardus,
3413 878 3484 939 in
3518 896 3754 942 sermone

2219 967 2295 1029 de
2329 968 2498 1030 Beati
2528 968 2780 1030 Martini
2807 968 3112 1031 laudibus.
3141 969 3364 1051 Neque
3403 968 3670 1034 absimile
3691 971 3754 1035 le·

2223 1060 2428 1140 gimus
2458 1062 2534 1124 de
2557 1062 2606 1122 B
2662 1062 2729 1122 P.
2769 1062 2843 1123 N.
2878 1063 3141 1141 Ignati0.

2303 1154 2368 1215 6-
2413 1152 2648 1229 Quarta
2691 1155 3008 1237 esopo-sitio.
3040 1188 3121 1203 —
3145 1157 3491 1240 Responsio
3535 1157 3754 1239 ejusdem

2225 1246 2421 1309 teo-tice
2461 1246 2812 1328 objectionis
2851 1250 3052 1330 quoad
3087 1250 3282 1314 locum
3313 1251 3550 1315 Exodi.
3577 1284 3649 1297 -
3667 1252 3755 1315 Ca-

2215 1342 2462 1423 preolus
2502 1342 2917 1423 redaryuitwr.
2956 1375 3038 1389 -
3065 1342 3302 1418 Quarto
3349 1362 3540 1421 ergo,
3579 1344 3754 1407 demus

2223 1451 2355 1495 esse
2387 1452 2736 1496 sermonem
2765 1436 2842 1495 de
2863 1437 3138 1497 carentia
3166 1443 3490 1517 perpetuae
3531 1436 3752 1499 beatitu-

2223 1526 2386 1587 dinis
2413 1545 2429 1600 ;
2453 1533 2661 1588 tamen
2691 1528 2743 1587 si
2767 1528 2854 1589 ita
2870 1546 3274 1609 exponamus,
3309 1548 3442 1591 non
3466 1535 3556 1591 est
3577 1538 3752 1611 putan-

2223 1619 2372 1680 dum
2417 1620 2700 1682 hahuisse
2739 1620 3000 1683 Paulum
3046 1622 3167 1685 tale
3213 1622 3592 1685 desiderium
3617 1625 3750 1686 abso·

2222 1710 2447 1789 lutum,
2479 1713 2628 1793 quia
2661 1732 2876 1775 revera
2920 1733 3046 1776 non
3087 1715 3304 1779 fuisset
3353 1715 3624 1795 bonum3
3657 1738 3750 1781 non

2225 1808 2390 1867 enim
2421 1807 2562 1867 talis
2594 1808 2868 1869 carentia
2889 1805 3036 1870 ‘erat
3082 1808 3366 1872 medium
3409 1811 3491 1872 ad
3537 1811 3748 1873 salutem

2224 1898 2510 1962 aliorum.
2548 1901 2700 1961 Item
2743 1900 2885 1962 talis
2925 1904 3200 1965 carentia
3227 1922 3361 1966 non
3399 1910 3633 1985 poterat
3653 1923 3750 1967 esso

2224 1993 2357 2055 siue
2411 1994 2682 2056 carentia
2727 1994 3084 2071 charitatis;
3129 2016 3282 2078 ergo
3333 1998 3668 2060 desiderare
3698 1999 3747 2059 il-

2216 2085 2343 2147 lam
2364 2094 2522 2149 esset
2550 2086 2712 2149 hane
2741 2089 3032 2151 virtutem
3069 2108 3196 2151 non
3221 2090 3598 2166 desiderare,
3621 2092 3748 2170 quod

2219 2186 2311 2241 est
2358 2180 2688 2242 intrinsece
2734 2182 2969 2243 malum
3031 2182 3240 2259 Dices,
3275 2202 3454 2264 posse
3489 2202 3665 2245 unum
3689 2182 3746 2245 ab

2219 2272 2342 2333 alio
2382 2274 2729 2353 praescindi,
2769 2274 2914 2354 qnia
2945 2275 3022 2336 de
3052 2277 3338 2356 potentia
3363 2276 3750 2357 absolut-apos-

2221 2371 2366 2425 sunt
2407 2368 2700 2447 separari.
2737 2366 2986 2444 Contra,
3019 2388 3192 2443 nam,
3227 2370 3452 2433 saltem
3489 2370 3562 2433 de
3597 2370 3742 2446 facto,

2219 2477 2348 2520 non
2389 2457 2618 2521 licebat
2667 2460 2732 2522 id
2776 2460 2957 2524 velle.
2991 2463 3144 2525 Item
3177 2462 3254 2525 de
3297 2464 3573 2545 potentia
3612 2463 3746 2525 ahso-

2220 2551 2354 2613 luta
2405 2558 2608 2633 potest
2655 2554 2814 2616 Deus
2859 2555 3104 2634 privare
3159 2574 3262 2617 me
3309 2556 3602 2619 charitate
3641 2556 3744 2619 sine

2219 2654 2469 2727 peccato
2501 2664 2517 2708 :
2557 2646 2775 2709 ideone
2831 2646 2976 2709 licet
3031 2648 3096 2711 id
3149 2648 3554 2712 desiderare?
3591 2650 3743 2729 Igitur

2217 2740 2654 2820 exponendum
2684 2747 2774 2802 est
2803 2759 3150 2805 sermonem
3166 2741 3363 2805 fuisse
3391 2762 3501 2823 per
3525 2760 3742 2823 exagge-

2217 2833 2520 2893 rationem
2547 2834 2908 2912 qnamdam,
2939 2834 3028 2897 ita
3062 2842 3134 2897 ut
3153 2854 3374 2898 sensus
3393 2838 3493 2912 sit,
3523 2836 3570 2897 si
3591 2853 3735 2915 opor-

2217 2930 2394 3001 teret,
2427 2932 2488 2987 et
2513 2933 2670 2987 esset
2702 2929 3138 3007 necessarium,
3169 2928 3234 2991 id
3263 2936 3562 3010 optarem,
3592 2929 3663 2989 ita
3689 2934 3740 2987 ut

2220 3017 2478 3079 verbum
2521 3020 2829 3098 optabam,
2874 3039 3002 3082 non
3052 3022 3370 3100 significet
3413 3020 3740 3083 desiderium

2217 3128 2487 3190 praesens
2514 3110 2612 3173 vel
2641 3113 2952 3193 praeteritu
2965 3132 3048 3190 m,
3081 3114 3184 3177 sed
3219 3114 3402 3197 quasi
3425 3112 3732 3195 potentiale,

2219 3222 2329 3264 seu
2361 3203 2528 3285 quod
2557 3210 2759 3283 posset
2785 3204 3021 3268 haberi.
3058 3207 3172 3269 Hic
3199 3212 3416 3269 autem
3446 3214 3607 3269 actus
3637 3224 3732 3265 non

2216 3302 2418 3376 potest
2446 3296 2569 3357 diei
2602 3296 3024 3374 inordinatus,
3069 3300 3218 3379 quia
3263 3318 3486 3363 revera
3527 3317 3638 3361 non
3667 3304 3736 3361 est

2217 3388 2472 3450 affectus
2505 3391 2754 3451 carendi
2805 3390 3188 3454 beatitudine
3221 3439 3238 3467 ,
3295 3393 3405 3456 sed
3445 3393 3640 3455 modus
3665 3391 3732 3451 lo-

2217 3482 2446 3563 quendi
2487 3482 2566 3544 ad
2608 3483 3035 3564 explicandam
3061 3485 3188 3547 vim
3217 3484 3551 3561 eharitatis,
3577 3491 3629 3546 et
3651 3502 3731 3563 po·

2217 3582 2338 3637 test
2380 3576 2687 3637 deservire
2739 3576 2820 3637 ad
2861 3578 3260 3641 excitandam
3305 3579 3477 3641 illam
3509 3599 3522 3655 ;
3573 3576 3730 3639 eonsi-

2217 3670 2391 3731 derat
2419 3671 2589 3731 enim
2619 3670 2807 3732 homo
2841 3672 3106 3748 gratiam
3135 3678 3197 3735 et
3225 3673 3512 3753 gloriam,
3534 3678 3594 3733 ut
3617 3676 3730 3732 sunt

2215 3762 2379 3825 bona
2430 3764 2705 3845 propria,
2747 3764 3008 3826 salutem
3046 3783 3194 3828 vero
3229 3767 3650 3847 proximorum,
3677 3770 3729 3823 ut

2215 3856 2378 3917 cedit
2394 3857 2460 3917 in
2479 3857 2814 3937 quamdam
2833 3858 3132 3937 majorem
3165 3858 3434 3939 gloriam
3453 3858 3574 3934 Dei,
3592 3862 3643 3918 et
3662 3854 3727 3915 sic

2211 3950 2300 4009 ait
2327 3968 2391 4011 se
2420 3955 2634 4030 optare
2658 3968 2876 4029 ,carere
2902 3950 3000 4011 his
3034 3952 3302 4031 propriis
3331 3951 3502 4013 bonis
3523 3954 3726 4031 propter

2209 4043 2506 4120 majorem
2539 4042 2800 4121 gloriam
2829 4042 2938 4105 Dei
2960 4058 2982 4120 3
3015 4050 3076 4104 et
3093 4044 3174 4105 ad
3191 4043 3364 4106 hune
3379 4042 3640 4107 effect-um
3661 4039 3723 4101 si·

2208 4133 2632 4213 gnificandum
2660 4136 2858 4197 utitur
2877 4135 2984 4198 illo
3010 4134 3316 4199 desiderio
3335 4136 3719 4207 conditionate,

2211 4229 2370 4290 sieut
2400 4229 2806 4309 Augustinus,
2837 4236 2908 4291 ut
2951 4230 3138 4311 vulgo
3189 4232 3549 4307 celebratur,
3577 4227 3722 4291 vellet

2209 4322 2414 4402 potius
2467 4324 2570 4402 (id
2610 4324 2774 4405 quod
2821 4326 2951 4404 est)
2981 4325 3180 4389 Deum
3229 4326 3434 4407 ipsum
3479 4341 3640 4405 quam
3669 4338 3718 4381 se

2212 4416 2405 4480 Deum
2449 4436 2604 4493 esse,
2634 4436 2762 4480 non
2801 4437 2836 4480 e
2877 4419 3212 4495 contrario,
3243 4420 3299 4481 si
3339 4419 3456 4481 hoc
3483 4412 3718 4499 possibile

2210 4509 2572 4589 fingeretur.
2610 4511 2781 4573 Dices
2825 4510 3009 4574 licere
3054 4512 3274 4574 eodem
3317 4511 3493 4575 modo
3531 4508 3716 4571 habere

2210 4600 2377 4663 hune
2403 4608 2612 4666 aetum
2638 4625 2653 4665 ε
2705 4602 2789 4669 Sa·
2828 4610 2980 4669 esset
3004 4606 3209 4687 major
3243 4606 3448 4686 gloria
3469 4602 3589 4675 Dei,
3611 4616 3716 4683 pec·

2213 4700 2414 4759 catum
2455 4698 2880 4763 committerem
2911 4714 3029 4779 pro
3067 4696 3268 4765 salute
3300 4699 3520 4765 mundi.
3558 4696 3712 4771 Nega-

2210 4793 2316 4849 tur
2351 4794 2561 4853 tamen
2606 4790 3065 4869 consequentia,
3101 4791 3250 4871 qnia
3291 4790 3428 4853 talis
3467 4794 3618 4853 aetus
3641 4784 3710 4845 di-

2211 4888 2375 4945 recte
2401 4884 2665 4946 involvit
2690 4882 2987 4963 injuriam
3016 4885 3085 4947 in
3109 4886 3329 4963 Deum,
3357 4884 3497 4967 quia
3535 4896 3709 4963 peeca-

2211 4982 2346 5036 tum
2407 4978 2610 5059 majus
2654 4978 2889 5040 malum
2935 4984 3026 5043 est
3069 4986 3350 5059 respectu
3388 4976 3514 5051 Dei,
3555 4987 3708 5054 quam

2207 5076 2488 5151 respectu
2533 5071 2902 5151 peccatoris3
2942 5070 3112 5134 unde
3157 5072 3244 5133 ibi
3291 5090 3415 5133 non
3443 5082 3706 5148 compara-

2207 5170 2312 5225 tur
2357 5164 2592 5226 malum
2637 5166 2958 5245 proprium
3007 5182 3150 5229 cum
3191 5166 3351 5228 bono
3389 5163 3597 5236 divino,
3621 5155 3704 5219 sed

2205 5274 2348 5318 cum
2377 5256 2541 5319 malo
2583 5257 2712 5319 Dei.
2744 5258 2989 5321 Eisdem
3017 5259 3147 5322 fere
3187 5258 3380 5321 modis
3423 5258 3598 5337 potest
3620 5268 3702 5313 ex-

555 5370 903 5437 pes-manere
924 5358 1119 5415 autem
1153 5354 1221 5415 in
1249 5370 1425 5415 carne
1450 5352 1851 5414 necessarium
1872 5355 2124 5433 propter
2201 5350 2351 5430 poni
2377 5350 2641 5425 alterum
2662 5352 3111 5429 testimonium,
3133 5352 3296 5433 quod
3321 5349 3528 5413 multas
3547 5344 3700 5409 etiam

562 5465 689 5511 vos.
722 5446 845 5507 Alii
878 5464 1121 5527 quoque
1165 5443 1372 5507 Sancti
1406 5442 1613 5506 minus
1639 5442 1896 5525 perfecti
1942 5443 2120 5505 illam
2201 5443 2436 5525 patitur
2500 5445 2912 5527 expositiones
2937 5490 2958 5521 ,
2991 5445 3141 5527 quia
3179 5445 3329 5507 illud
3375 5439 3620 5513 verbum,
3643 5434 3698 5497 db
