3900 6217
734 413 907 465 SECT.
942 412 1027 463 lx.
1066 409 1128 459 ΓΝ
1160 408 1384 471 QUIBUS
1418 409 1713 462 PERsoms
1746 409 1826 462 ET
1860 411 1944 462 Ex
1976 409 2198 472 QUIBUS
2233 409 2448 461 CAUSIS
2479 408 2696 470 ACTUS,
2733 407 2868 459 mc.
3293 403 3410 466 499

184 511 389 576 videri
436 519 637 594 potest
680 512 842 574 facta
868 511 1215 573 evidentior
1259 529 1370 592 per
1414 511 1762 592 aliquarum

184 625 407 669 rerum
434 607 975 686 experimentum3
1004 604 1110 666 illa
1137 610 1348 667 autem
1383 605 1765 684 experientia

184 717 321 760 non
362 701 747 764 transcendit
766 699 1143 761 evidentiam
1178 699 1245 759 in
1278 697 1669 774 testificante,
1702 705 1765 760 et

190 791 337 856 ideo
365 813 495 856 non
522 793 799 855 excludit
825 799 1034 854 actum
1059 790 1227 870 fidei,
1246 799 1530 873 utsupra
1558 793 1759 854 visum

187 893 307 950 est.

272 984 339 1044 5.
385 979 762 1062 Disputatur
815 981 1067 1063 quoestio
1128 981 1197 1044 dc
1253 998 1373 1042 non.
1422 979 1761 1044 viatoribus

184 1076 405 1140 ὀιαίἰε.
437 1105 522 1120 -
550 1075 771 1138 Prima
819 1073 1015 1156 opinio
1080 1075 1429 1152 affirmans.
1472 1107 1555 1120 —
1594 1073 1764 1155 Ejus

180 1169 669 1247 fundament.
702 1199 786 1212 —
830 1166 1236 1248 conlimatur
1275 1169 1495 1249 opinio.
1525 1200 1608 1215 —
1644 1169 1759 1230 Su-

180 1267 399 1342 perest
423 1260 752 1322 dicendum
778 1257 856 1323 de
882 1266 1045 1322 statu
1074 1263 1354 1337 termini,
1380 1262 1489 1342 qui
1530 1267 1623 1324 est
1646 1262 1761 1322 du-

178 1356 359 1436 plex,
386 1353 633 1428 scilicet,
676 1352 1078 1415 beatitudinis
1110 1361 1175 1416 01
1208 1354 1646 1416 damnationis,
1681 1356 1759 1417 Et

180 1447 267 1509 de
306 1447 515 1528 primo
540 1446 796 1526 quidem
825 1447 944 1508 fuit
968 1448 1180 1527 opinio
1211 1447 1448 1524 Alens.,
1476 1448 1544 1510 in
1586 1450 1624 1509 3
1663 1466 1755 1527 p.,

178 1547 411 1621 quaest„
440 1542 543 1615 64,
574 1539 805 1602 memb.
838 1545 873 1602 7
900 1557 921 1617 3
961 1541 1263 1617 Dal-and„
1289 1539 1357 1601 in
1385 1542 1442 1614 3,
1474 1539 1619 1602 dist.
1654 1543 1756 1618 32,

178 1639 411 1712 quaest.
440 1633 480 1694 3
507 1639 571 1695 01
610 1633 688 1711 43
740 1631 1001 1712 Argen„
1031 1633 1212 1712 ibid„
1258 1639 1377 1695 art.
1424 1635 1487 1709 3,
1530 1634 1761 1714 quibus

176 1727 401 1788 favere
423 1727 665 1789 videtur
694 1727 966 1806 Magist„
997 1727 1067 1788 in
1096 1729 1157 1804 3,
1198 1727 1342 1789 dist.
1373 1727 1473 1802 23,
1508 1723 1765 1807 §Aliud

180 1821 379 1895 enim,
407 1819 750 1882 dicentium
778 1839 905 1881 11011
947 1839 1295 1900 repugnare
1342 1819 1530 1882 fidem
1571 1819 1761 1881 statui

180 1913 591 1976 beatitudinis
610 1930 631 1991 3
652 1920 715 1974 et
740 1912 886 1975 licet
911 1913 990 1976 de
1018 1913 1235 1976 habitu
1266 1913 1572 1995 praecipue
1590 1911 1761 1993 loqui

182 2008 543 2080 videantur,
576 2013 785 2069 tamen
817 2007 1008 2069 etiam
1044 2007 1388 2072 extendunt
1410 2025 1762 2069 sermonem

182 2104 266 2164 ad
312 2110 551 2168 actum.
601 2103 1103 2166 Fundamentum
1146 2109 1260 2178 est,
1295 2103 1444 2184 quia
1488 2101 1645 2164 visio
1694 2106 1759 2163 01

182 2197 341 2258 fides
370 2215 500 2258 11011
524 2201 899 2276 repugnant,
932 2196 1051 2257 nisi
1088 2201 1387 2275 tanquam
1416 2202 1590 2257 aetus
1614 2213 1757 2274 per-

180 2289 384 2350 fectus
408 2295 477 2351 et
511 2289 935 2368 imperfectuS,
964 2288 1069 2368 qui
1100 2295 1357 2370 possunt
1385 2289 1573 2350 simul
1622 2307 1757 2350 esse

180 2382 248 2444 in
286 2384 536 2460 Beatis;
566 2401 715 2445 nam
758 2383 1016 2446 scientia
1058 2382 1364 2444 abstracta
1404 2388 1757 2462 comparata

178 2479 261 2538 ad
278 2478 647 2540 intuitivam
674 2477 1033 2558 imperfecta
1052 2483 1167 2552 «est,
1199 2481 1263 2538 et
1282 2482 1493 2558 tamen
1521 2481 1755 2536 utram·

177 2591 305 2653 que
366 2571 559 2632 simul
610 2569 845 2632 hahent
902 2569 1076 2632 Beati
1126 2569 1203 2630 de
1249 2571 1372 2630 Deo
1404 2585 1421 2628 :
1471 2567 1761 2630 similiter

178 2683 243 2726 se
267 2663 513 2726 habent
544 2663 804 2726 scientia
830 2662 1129 2726 naturalis
1158 2667 1219 2726 01
1246 2661 1753 2739 supernaturalia,

180 2765 245 2820 et
303 2757 725 2818 nihilominus
777 2762 991 2818 manet
1026 2757 1285 2817 scientia
1336 2754 1637 2816 naturalis
1687 2755 1755 2816 in

180 2851 405 2912 Beatis.
438 2852 535 2912 Ita
564 2851 755 2912 etiam
784 2851 1110 2930 prophetia
1128 2856 1223 2910 est
1245 2849 1607 2926 imperfecta
1632 2867 1755 2910 res·

188 2952 369 3025 pectu
410 2944 701 3018 visionis„
755 2950 819 3004 et
874 2942 1282 3004 nihilominus
1328 2948 1525 3021 potest
1573 2941 1753 3002 simul

194 3056 323 3098 esse
362 3055 505 3100 eum
546 3037 810 3110 visione,
842 3035 999 3096 sicut
1027 3035 1149 3096 fuit
1196 3035 1264 3096 in
1310 3035 1567 3108 Christe,
1604 3041 1758 3096 teste

190 3131 257 3190 D.
292 3131 559 3204 Thoma,
593 3132 633 3191 3
656 3133 843 3208 part„
872 3135 1087 3208 quaest.
1127 3131 1190 3203 7,
1214 3135 1335 3189 art.
1367 3131 1427 3202 8,
1457 3127 1625 3206 quod
1644 3126 1763 3188 ibi-

182 3224 349 3296 dem,
381 3224 453 3284 in
474 3222 634 3302 disp.
660 3224 765 3299 21,
796 3228 941 3284 sect.
973 3225 1032 3294 1,
1060 3222 1476 3300 exposuimus.
1518 3221 1611 3282 Ex
1636 3239 1762 3300 quo

176 3316 515 3390 respondet
542 3315 869 3376 Durandus
901 3315 980 3376 ad
1022 3314 1309 3386 Paulum,
1338 3314 1647 3376 dicentem
1688 3313 1761 3375 fi-

176 3411 325 3470 dem
352 3427 487 3470 non
514 3425 792 3482 manere,
826 3406 1095 3485 intelligi
1124 3426 1251 3468 11011
1296 3407 1374 3468 (10
1412 3406 1759 3467 substantia

174 3501 352 3577 fidei,
390 3499 503 3562 sed
536 3502 613 3562 de
650 3500 1139 3580 imperfectione,
1168 3518 1317 3562 nam
1364 3499 1555 3560 etiam
1600 3497 1761 3559 dixit

174 3594 579 3674 prophetiam
634 3611 763 3654 non
810 3611 1082 3656 manere.
1138 3593 1414 3672 Denique
1463 3593 1755 3668 lreuaeus,

174 3687 283 3749 lib.
318 3691 361 3747 2
392 3695 611 3750 eontra
630 3687 933 3762 Haereses,
962 3705 1097 3766 cap.
1132 3689 1235 3760 47,
1264 3693 1328 3748 et
1366 3685 1475 3748 lib.
1522 3689 1586 3761 4,
1617 3703 1755 3764 cap.

178 3785 255 3844 25
282 3827 299 3856 ,
333 3787 399 3842 et
418 3779 863 3857 Tertullianus,
888 3780 999 3842 lib.
1035 3781 1112 3842 de
1144 3780 1471 3855 Patientia,
1494 3798 1629 3858 cap.
1659 3781 1755 3854 13,

176 3876 462 3936 indicant
495 3873 711 3950 fidem,
736 3893 911 3953 spem
940 3881 1001 3936 et
1045 3873 1417 3935 charitatem
1441 3873 1759 3953 posthanc

180 3971 377 4029 vitam
438 3985 727 4042 manere,
778 3973 841 4028 et
892 3967 1240 4046 expressius
1290 3966 1494 4046 quoad
1552 3970 1757 4026 actum

182 4062 439 4123 Photius
482 4060 975 4142 Constantinop.,
1023 4064 1093 4122 in
1142 4060 1297 4122 illud
1353 4063 1385 4122 1
1445 4059 1579 4120 Cor.
1636 4059 1755 4120 23:

178 4155 367 4218 Nunc
408 4159 617 4216 autem
652 4158 897 4217 manent
918 4155 1091 4232 fides,
1122 4171 1283 4235 spos,
1312 4159 1429 4214 etc.

258 4249 321 4310 6.
373 4246 665 4311 Secunda
704 4248 906 4327 opinio
944 4248 1297 4310 communis.
1330 4279 1412 4292 —
1437 4245 1577 4306 Alia
1614 4265 1758 4306 vero

182 4339 525 4412 sententia,
561 4339 973 4402 communiter
1000 4345 1273 4419 recepta,
1302 4345 1392 4402 est
1435 4339 1501 4399 in
1550 4339 1753 4399 Beatis

180 4451 309 4494 11011
334 4449 517 4511 posse
550 4441 763 4493 actum
790 4431 935 4494 fidei
962 4431 1183 4492 infusae
1207 4433 1497 4493 inveniri.
1534 4433 1622 4492 lta
1660 4430 1755 4491 di·-

180 4545 291 4586 vus
328 4525 611 4588 Thomas
638 4529 699 4589 2.
731 4527 795 4600 2,
826 4533 1039 4605 quaest.
1090 4528 1149 4598 5,
1194 4531 1319 4587 art.
1367 4528 1429 4600 2,
1475 4531 1539 4586 01
1586 4528 1644 4586 1.
1688 4529 1751 4600 2,

176 4626 399 4701 quast.
425 4622 539 4694 67,
566 4627 685 4681 art.
717 4620 757 4680 3
783 4625 849 4680 et
871 4621 933 4695 5,
956 4636 1141 4698 quem
1166 4618 1289 4679 illis
1314 4617 1463 4680 locis
1488 4637 1755 4698 sequun—

170 4723 278 4774 tur
306 4731 532 4776 omnes
560 4713 871 4787 moderni,
904 4718 965 4774 et
986 4709 1210 4790 reliqui
1230 4710 1573 4773 scholastici
1599 4713 1665 4772 in
1690 4715 1753 4787 3,

170 4807 317 4868 dist.
371 4807 459 4867 23
504 4811 571 4866 et
623 4805 725 4866 32.
770 4805 999 4882 Estque
1043 4804 1347 4866 sententia
1396 4804 1751 4884 Augustini,

174 4919 363 4960 serm.
396 4900 480 4960 13
501 4897 583 4960 (10
610 4898 855 4974 Temp.,
888 4897 1328 4976 chrysostomi,
1366 4909 1429 4957 et
1451 4897 1757 4976 exposito-

173 5009 319 5053 rum
348 4991 775 5054 communiter
802 4989 871 5050 in
898 4989 1221 5068 sequentia
1246 4987 1380 5050 loca
1414 4987 1612 5064 Pauli,
1652 4989 1753 5050 cui

178 5085 487 5146 sententia
512 5083 652 5144 haec
679 5081 929 5144 videtur
953 5087 1365 5144 consentanea
1392 5098 1554 5159 esse3
1600 5099 1749 5142 nam

180 5180 379 5258 prima
419 5178 500 5240 ad
542 5178 683 5238 Cor.
718 5177 797 5238 13
826 5175 1075 5254 inquit:
1128 5176 1275 5240 Cum
1312 5177 1546 5241 venerit
1598 5178 1757 5258 quod

178 5277 506 5352 perfectum
532 5277 649 5342 est,
684 5270 1073 5334 evacuabitur
1117 5270 1276 5351 quod
1313 5287 1386 5332 σω
1424 5275 1608 5351 parto
1632 5274 1745 5341 est,

182 5363 285 5424 ubi
310 5383 427 5444 per
448 5362 875 5444 cognitionem
902 5379 979 5423 ex
999 5367 1195 5441 parte,
1217 5361 1409 5423 fidem
1430 5360 1749 5440 intelligit,

184 5464 249 5516 ut
273 5475 493 5518 omnes
522 5463 869 5536 exponunt,
895 5461 959 5515 et
986 5473 1064 5517 ex
1092 5455 1225 5536 ipso
1253 5459 1540 5516 contextu
1566 5455 1746 5517 facile

186 5549 587 5630 intelligit-un
617 5547 805 5626 unde,
830 5549 873 5610 2
894 5547 973 5610 ad
996 5547 1276 5610 Corinth.
1304 5549 1367 5624 5,
1384 5546 1747 5610 (11011ῡάοω

1844 516 1907 572 et
1933 510 2237 572 visionem
2277 509 2652 570 constituere
2685 506 3003 570 hominem
3036 509 3104 570 in
3149 512 3410 574 diversis

1842 603 2106 664 statibus
2147 603 2262 664 viae
2300 609 2363 664 et
2397 601 2670 679 termini,
2706 609 2771 662 et
2801 601 2994 679 addit,
3026 603 3094 664 in
3121 623 3256 684 cap.
3301 606 3408 667 illo

1844 697 1962 760 13¹:
2014 695 2292 764 Videmus
2319 713 2480 760 nunc
2505 715 2615 778 per
2641 696 2944 778 speculum
2968 699 3035 759 in
3061 699 3405 782 oeniymate,

1842 797 1986 856 tuno
2023 796 2222 854 autem
2259 791 2414 872 facio
2447 791 2531 852 ad
2559 791 2799 871 faciem.
2840 792 3052 870 Neque
3093 793 3282 854 habet
3321 795 3410 854 lo-

1842 903 1989 947 cum
2021 884 2334 963 responsio
2360 884 2675 960 Durandij
2707 903 2853 946 nam
2903 885 3289 967 imperfectio
3333 889 3407 950 fi-

1841 978 1943 1039 dei
1975 984 2066 1040 est
2092 977 2169 1040 de
2195 977 2539 1039 substantia
2565 978 2720 1057 ejuS,
2750 985 2820 1040 111
2845 997 2922 1040 ex
2963 980 3142 1042 dictis
3183 982 3260 1044 de
3300 982 3408 1043 ob·

1839 1073 2005 1154 Jecto
2031 1073 2224 1154 ipsius
2252 1079 2522 1150 constat3
2553 1079 2616 1134 et
2643 1073 2781 1135 ideo
2807 1074 2857 1134 si
2886 1082 3216 1137 evacuatur
3259 1075 3410 1137 fides

1836 1166 2044 1246 quoad
2077 1168 2612 1247 imperfectionem
2654 1169 2811 1246 ejuS,
2842 1169 3032 1229 etiam
3075 1176 3411 1231 evacuatur

1836 1261 2045 1339 quoad
2074 1260 2504 1322 substantiam.
2538 1261 2716 1322 110110
2745 1279 2892 1322 vero
2933 1261 3118 1341 hujus
3165 1269 3411 1325 senten·

1838 1356 1942 1416 tiae
1976 1361 2090 1430 est,
2117 1354 2265 1434 quia
2298 1354 2398 1416 vel
2427 1360 2822 1436 comparatur
2851 1355 3198 1418 intellectus
3237 1357 3409 1418 Beati

1840 1449 1919 1510 ad
1948 1465 2020 1510 ea
2046 1465 2184 1528 quae
2205 1447 2397 1525 videt,
2425 1449 2522 1510 vel
2552 1449 2632 1510 ad
2665 1467 2738 1510 ea
2766 1465 2908 1528 quae
2939 1455 3116 1510 extra
3135 1449 3411 1512 Verbum

1840 1539 2402 1620 supernaturaliter
2449 1542 2783 1621 cognoscit.
2827 1541 3002 1605 Circa
3051 1544 3258 1622 priora
3305 1561 3411 1604 ne-

1840 1651 1966 1714 que
1999 1641 2140 1712 eget
2167 1631 2313 1708 fide,
2343 1652 2548 1714 neque
2576 1633 2810 1696 habere
2839 1633 3010 1697 illam
3039 1642 3271 1716 potest3
3311 1635 3409 1697 vel

1842 1728 2012 1789 enim
2043 1727 2301 1789 omnino
2338 1734 2673 1807 repugnat,
2703 1728 2803 1790 vel
2845 1729 3060 1790 saltem
3089 1727 3231 1790 talis
3258 1727 3412 1790 fides

1842 1827 2002 1883 esset
2049 1821 2306 1881 omnino
2351 1821 2688 1901 superflua,
2735 1840 2877 1884 cum
2923 1839 3125 1902 neque
3161 1823 3410 1883 certitu-

1842 1914 2081 1990 dinem,
2111 1932 2315 1994 neque
2343 1915 2685 1978 claritatem
2716 1929 2945 1994 augere
2977 1916 3204 1995 possit;
3235 1921 3411 1977 extra

1838 2007 2116 2069 Verbum
2144 2012 2354 2069 autem
2379 2009 2662 2088 quaedam
2683 2009 2998 2086 cognoscit
3015 2009 3237 2070 Beatus
3263 2027 3410 2086 qua·

1839 2102 1891 2164 si
1921 2106 2382 2182 permanenter,
2415 2121 2526 2163 seu
2579 2101 3001 2176 habitualiter,
3050 2109 3112 2163 et
3159 2101 3236 2162 de
3289 2101 3410 2162 illis

1836 2195 2029 2257 habet
2076 2196 2402 2257 scientiam
2456 2196 2726 2258 infusam
2754 2217 2771 2270 3
2827 2214 2954 2256 non
3003 2213 3150 2274 ergo
3193 2193 3405 2256 fidem.

1837 2289 1978 2352 Alia
2025 2307 2170 2350 vero
2220 2290 2541 2368 cognoscit
2579 2307 2690 2370 per
2737 2290 3046 2351 actualem
3089 2289 3410 2350 revelatio-

1836 2401 2010 2456 nem,
2039 2383 2216 2462 quasi
2245 2388 2697 2458 transeuntem,
2743 2387 2806 2444 01
2830 2382 2933 2444 1110
2957 2383 3144 2444 0110111
3177 2380 3410 2442 revela·

1836 2475 1927 2538 tio
1956 2495 2082 2538 non
2109 2483 2364 2553 generat
2409 2474 2620 2552 fidem,
2653 2477 2804 2556 quia
2843 2494 2967 2536 11011
3001 2482 3093 2536 031
3123 2475 3404 2549 obscura,

1836 2570 1945 2632 sed
1981 2570 2169 2644 clara,
2197 2586 2308 2630 seu
2347 2569 2424 2630 de
2457 2568 2710 2649 objecto
2740 2561 3032 2644 revelato,
3063 2569 3191 2630 sive
3213 2569 3290 2630 de
3319 2570 3404 2648 ip·

1836 2681 1904 2724 so
1936 2664 2059 2723 Deo
2093 2661 2432 2736 revelante,
2469 2665 2578 2742 qui
2612 2661 2932 2726 evidenter
2980 2668 3148 2741 patet
3195 2663 3406 2737 Beate,

1834 2761 1900 2817 01
1942 2755 2084 2817 ideo
2112 2755 2301 2818 etiam
2345 2754 2452 2816 illa
2490 2754 2760 2833 cognitio
2788 2753 2868 2816 ad
2897 2754 3084 2815 fidem
3115 2773 3243 2816 non
3272 2773 3403 2834 per·

1836 2849 2018 2924 tinet,
2057 2849 2241 2928 juxta
2273 2849 2553 2929 superius
2583 2847 2750 2909 dicta
2778 2847 2858 2909 de
2888 2846 3128 2927 objecto
3161 2847 3407 2910 formali

1837 2940 2009 3002 fidei.

1924 3037 1982 3095 ’7.
2030 3035 2418 3118 Bipartitwm
2445 3036 2710 3100 auctoris
2727 3035 3151 3116 ,iudicium—
3179 3035 3248 3096 In
3289 3033 3408 3094 hoc

1841 3133 2096 3207 puncto,
2131 3129 2402 3190 breviter
2433 3131 2766 3190 dicendum
2809 3147 3028 3190 censeo
3075 3128 3244 3189 aliud
3277 3145 3406 3189 esse

1839 3222 2012 3302 loqui
2033 3221 2111 3283 de
2135 3222 2416 3300 potentia
2443 3223 2551 3284 Dei
2583 3223 2886 3296 absoluta,
2916 3221 3085 3283 aliud
3110 3221 3188 3282 de
3215 3221 3403 3294 facto,

1842 3333 1951 3376 seu
1998 3315 2075 3375 de
2113 3315 2252 3391 lege
2295 3315 2612 3376 ordinaria
2632 3361 2648 3390 ,
2694 3322 2756 3377 et
2801 3315 2979 3395 quasi
3024 3313 3408 3376 connaturali

1842 3409 2066 3470 visioni
2108 3409 2240 3484 Dei,
2272 3414 2334 3469 et
2371 3409 2557 3469 statui
2607 3408 2912 3472 beatifico.
2975 3407 3172 3470 Priori
3225 3407 3407 3469 modo

1840 3519 1968 3560 non
2006 3499 2254 3563 videtur
2280 3500 2436 3562 mihi
2478 3503 2796 3582 implicare
2829 3502 3403 3576 contradictionem,

1840 3593 2008 3671 quod
2037 3594 2317 3654 videntes
2359 3595 2552 3656 Deum
2590 3595 2865 3657 habeant
2899 3595 3168 3674 aliquem
3197 3600 3403 3655 actum

1842 3686 2014 3748 fidei.
2045 3687 2153 3748 Est
2172 3693 2384 3748 autem
2413 3686 2529 3749 hoc
2555 3687 2804 3765 elarius,
2827 3689 2879 3749 si
2905 3687 3046 3748 talis
3075 3694 3246 3748 act-us
3269 3705 3404 3748 ver-

1839 3786 2012 3841 setur
2034 3780 2194 3841 eirca
2215 3799 2310 3841 res
2340 3798 2468 3842 non
2493 3781 2650 3842 visas
2678 3800 2788 3862 per
2811 3781 3108 3842 visionem
3133 3780 3402 3853 beatam,

1838 3876 2135 3952 quoniam
2169 3873 2342 3934 nulla
2371 3890 2460 3935 est
2507 3875 2919 3954 repugnantia
2959 3875 3096 3934 illas
3143 3873 3403 3934 revelari

1840 3964 2122 4040 obscure,
2148 3966 2392 4027 etiamsi
2417 3967 2576 4028 Deus
2607 3968 2735 4048 ipse
2786 3967 2950 4028 clare
2987 3967 3291 4040 videatur,
3322 3969 3402 4028 si-

1838 4065 1942 4120 cut
1967 4065 2165 4138 potest
2199 4077 2362 4120 1111113
2391 4059 2662 4140 Angelus
2689 4061 2935 4122 credere
2961 4061 3198 4140 aliquid
3225 4062 3402 4122 alteri

1838 4150 2078 4230 Angelo
2105 4151 2223 4211 sibi
2268 4151 2423 4213 illud
2473 4150 2728 4230 dicenti,
2762 4155 3048 4234 quamvis
3091 4153 3400 4214 dicentem

1838 4243 2068 4319 videat,
2095 4261 2238 4304 cum
2265 4263 2398 4306 rem
2426 4245 2656 4308 dictam
2685 4265 2812 4308 non
2843 4247 3072 4322 videat,
3115 4253 3184 4308 ut
3213 4265 3399 4325 agen·

1837 4341 1930 4398 tes
1971 4336 2047 4397 de
2081 4335 2388 4398 locutione
2416 4339 2797 4418 Angelorum
2841 4341 2963 4401 late
2994 4340 3390 4401 ostendimus».

1834 4430 2007 4503 Quod
2038 4429 2091 4489 si
2121 4448 2322 4491 sermo
2350 4432 2430 4492 sit
2454 4433 2530 4493 de
2557 4433 2785 4494 eisdem
2826 4433 3008 4495 rebus
3037 4433 3205 4508 visiS,
3235 4433 3396 4494 diffi-

1836 4523 2014 4584 cilius
2035 4533 2128 4583 est
2151 4524 2227 4583 ad
2265 4523 2736 4602 intelligendum
2765 4525 2930 4604 quod
2953 4531 3122 4586 actus
3147 4523 3292 4586 fidei
3317 4525 3397 4585 sit

1834 4615 2025 4677 simul
2053 4633 2194 4676 cum
2222 4615 2454 4677 visione
2468 4639 2487 4691 ;
2511 4617 2918 4679 nihilominus
2944 4620 3010 4679 in
3035 4617 3243 4695 rigore
3267 4635 3392 4678 11011

1834 4709 2018 4770 video
2046 4709 2530 4788 implicationem
2560 4711 3083 4787 contradictioniS,
3118 4711 3265 4789 quia
3287 4710 3395 4772 ilia

1835 4803 2315 4864 concomitantia
2349 4821 2478 4865 non
2509 4809 2600 4864 est
2630 4811 2843 4866 contra
2888 4805 3293 4866 substantiam
3321 4803 3394 4865 fi-

1836 4895 1962 4968 dei,
1987 4913 2192 4975 neque
2222 4903 2436 4956 contra
2459 4897 2720 4958 formale
2763 4897 2925 4958 illius
2957 4896 3289 4976 objectum,
3327 4907 3396 4956 ut

1834 5007 1910 5050 011
1936 4989 2036 5049 1113
2057 5005 2195 5068 quae
2225 4989 2428 5062 deillo
2459 5007 2647 5069 supra
2668 4989 2962 5067 diximus,
2983 4991 3045 5052 d.
3074 4992 3135 5064 3,
3158 4999 3303 5054 3001.
3328 4993 3392 5064 9,

1832 5100 1871 5142 0
1914 5099 1979 5142 11.
2012 5083 2074 5156 7,
2107 5073 2384 5144 constare
2412 5088 2644 5161 potest3
2676 5089 2740 5144 et
2776 5083 2892 5144 hoe
2918 5085 3396 5144 etiam'suadent

1831 5173 2040 5253 aliquo
2070 5174 2254 5236 modo
2299 5185 2671 5254 argumenta
2700 5177 2994 5236 Dur-ancli.
3023 5177 3100 5237 At
3141 5195 3288 5236 vero
3315 5176 3394 5238 de

1829 5267 1992 5328 facto
2025 5267 2210 5347 longe
2232 5267 2460 5344 verius,
2500 5275 2564 5330 et
2600 5270 2728 5333 fere
2755 5275 2991 5332 certum
3022 5275 3138 5344 est,
3175 5269 3393 5330 Beatos

1829 5378 1958 5421 non
1995 5379 2281 5422 exercere
2313 5367 2482 5422 actus
2530 5361 2709 5437 fidei3
2748 5363 2866 5423 1100
2889 5363 3053 5424 0111111
3081 5369 3174 5424 031
3196 5361 3392 5422 multo

1827 5455 2029 5534 magis
2053 5462 2533 5518 consentaneum
2561 5456 2929 5517 testimoniis
2959 5455 3135 5517 Pauli
3177 5463 3240 5518 et
3265 5457 3392 5516 dic-

1828 5548 1907 5610 tis
1926 5549 2318 5610 Sanctorum.
2360 5551 2464 5610 Est
2491 5549 2682 5610 etiam
2731 5547 2908 5610 valde
2944 5567 3306 5624 consonum,
3329 5554 3394 5612 et
