3900 6217
667 394 835 447 SECT.
869 393 952 445 Ἦ.
991 392 1072 444 ΑΝ
1108 388 1423 443 ECCLESIAE
1451 386 1674 441 UNITAS
1707 386 1878 441 UNUM
1913 386 2106 439 E'rmn
2140 384 2401 437 wslmLE
2434 382 2656 445 CAPUT,
2688 380 2823 433 ETC.

201 506 448 569 Dominus
482 508 654 577 super
681 495 984 565 familiam
1020 491 1237 556 suam?
1271 489 1488 551 Matth.
1531 491 1608 549 ¹2·
1635 494 1696 549 et

201 604 278 661 23.
304 599 429 659 Luc.
457 596 558 655 22:
589 591 706 664 Qui
738 590 940 667 majo-r
967 592 1054 650 est
1079 584 1145 648 in
1177 585 1370 657 vobis,
1396 586 1512 662 fiat
1533 585 1696 647 sicut

205 694 391 761 ninom
416 688 706 747 indicarat
745 684 916 744 enim
960 681 1236 743 Christus
1281 677 1556 757 aliquem
1589 696 1696 739 eo-

205 802 310 845 rum
337 798 450 842 csse
477 776 700 839 caeteris
743 772 1254 855 praeponendum,
1286 791 1360 833 ex
1407 791 1530 853 quo
1561 778 1697 833 orta

207 880 290 939 fuit
319 874 602 936 contentio
641 868 1016 951 praelationis
1046 870 1206 929 intes
1233 886 1360 944 eOS,
1399 873 1470 927 ut
1499 866 1698 946 Chry-

205 978 448 1031 sustomus
473 972 532 1026 et
559 966 970 1043 Hieronymus
997 961 1350 1023 advertunt.
1389 962 1696 1021 Praeterea

199 1066 248 1126 in
271 1060 521 1123 omnibus
541 1056 940 1137 metaphoris,
962 1056 1184 1138 quibus
1207 1055 1490 1117 Ecclesiae
1513 1060 1696 1133 caput

199 1160 248 1219 in
275 1155 556 1234 Scriptura
587 1150 1000 1230 significatur,
1043 1151 1228 1232 plane
1270 1150 1476 1211 unitas
1507 1148 1694 1210 etiam

197 1250 366 1331 capitis
402 1247 700 1309 indicatur
731 1263 750 1324 3
781 1246 1008 1309 dicitur
1053 1247 1218 1307 enim
1266 1262 1544 1323 requam,
1583 1260 1694 1306 na·

195 1345 500 1419 rodomus,
529 1358 765 1419 corpus,
794 1343 1094 1403 exercit-us
1112 1339 1447 1403 ordinatus.
1487 1338 1696 1415 Neque

191 1437 310 1501 satis
351 1433 807 1515 respondebitur
857 1434 1166 1495 Christum
1211 1450 1342 1495 esse
1387 1431 1694 1512 ejusmodi

193 1536 368 1609 eapu13
394 1546 556 1601 nam,
585 1533 656 1588 ut
683 1533 996 1589 ostensum
1025 1527 1154 1605 jam
1181 1531 1294 1597 est,
1325 1526 1456 1605 ipsa
1491 1524 1695 1586 Eccle-

192 1626 271 1685 siae
295 1622 602 1693 iustituti0,
628 1628 692 1681 et
724 1623 928 1681 unitas
953 1638 1026 1680 ac
1049 1622 1208 1680 ratio
1231 1620 1454 1679 divinae
1487 1619 1694 1699 provi-

195 1717 376 1777 dentiae
403 1714 688 1792 postulat,
732 1720 806 1774 ut
831 1715 934 1793 qui
961 1714 1075 1773 toti
1121 1713 1402 1774 Ecclesiae
1434 1711 1694 1792 praefici·-

196 1816 287 1881 tnr,
307 1808 360 1867 in
389 1808 554 1868 terris
581 1808 686 1882 sit,
725 1814 786 1867 et
836 1807 1160 1867 visibiliter
1185 1823 1321 1867 eam
1347 1804 1689 1884 gubernet3

190 1902 314 1981 quod
344 1918 460 1961 non
497 1901 729 1961 minuit
755 1900 980 1961 Christi
1019 1900 1413 1979 dignitatem,
1455 1898 1561 1959 sed
1587 1915 1692 1977 po·

191 1996 280 2057 lius
302 2000 573 2057 consonat
601 1995 786 2055 valde
827 1995 1018 2075 ipsius
1042 1992 1328 2067 bonitati,
1377 1992 1541 2072 quod
1588 2010 1695 2051 ex-

189 2091 450 2151 cellentem
499 2095 874 2169 potestatem
915 2106 1092 2149 suam
1137 2104 1282 2147 cum
1335 2085 1692 2148 hominibus

188 2184 572 2255 communicet3
622 2200 844 2243 verum
869 2182 950 2243 de
989 2181 1307 2261 principiis
1347 2180 1524 2255 fidei,
1577 2198 1692 2259 pro

188 2280 458 2339 assertione
497 2274 820 2356 probanda
859 2274 1132 2355 proprie,
1197 2280 1270 2335 ut
1324 2273 1476 2349 dixi,
1529 2274 1692 2337 infra

189 2372 320 2452 piura
340 2372 730 2431 adducemus,

246 2468 290 2525 8.
311 2462 532 2527 Accedit
551 2465 768 2545 primo
795 2466 959 2527 ratio
997 2466 1066 2529 do
1093 2482 1210 2547 qua
1237 2464 1343 2527 lib.
1377 2465 1414 2523 2
1445 2463 1685 2533 Darem.

185 2558 309 2635 fida,
327 2562 489 2637 ⁶2¹⁰·
523 2576 587 2620 n.
615 2559 722 2619 23.
752 2590 836 2605 -
861 2558 1273 2639 confirmatur
1311 2556 1582 2621 secundo.
1610 2586 1692 2601 -

191 2652 392 2711 Ratione
410 2652 534 2730 jam
563 2658 981 2729 argumentor
1007 2651 1234 2731 prime,
1263 2651 1409 2731 quia
1437 2649 1692 2711 creden-

194 2744 300 2805 dum
315 2752 392 2804 est
409 2746 494 2805 ita
517 2744 840 2807 Christum
868 2746 1202 2806 Dominum
1226 2744 1560 2805 instituisse
1581 2744 1693 2803 Ec-

198 2838 374 2899 cloeiam
390 2884 409 2914 ,
445 2857 638 2919 quam
673 2856 918 2901 summa
947 2840 1246 2899 charitate
1285 2836 1692 2919 prosequeba-

206 2938 296 3004 tur,
317 2940 370 2993 ut
391 2934 628 3013 optimo
661 2941 724 2995 et
759 2934 1200 3013 perfectissimo
1235 2933 1420 2993 modo
1447 2948 1692 3009 regere·

212 3032 302 3099 tur;
325 3034 388 3087 est
419 3034 634 3089 autem
677 3028 980 3107 optimum
1024 3027 1304 3106 regimen
1347 3024 1692 3087 monarchi-

206 3136 314 3190 cnm,
347 3126 482 3181 teste
507 3120 871 3196 Aristotele,
909 3127 1124 3182 octavo
1169 3120 1548 3193 Ethicorum,
1591 3136 1692 3179 ca·

197 3212 284 3289 pite
299 3213 528 3290 decimo,
551 3214 750 3275 tertio
773 3213 1192 3285 politicorum,
1215 3214 1412 3292 capite
1446 3211 1704 3291 quinto,-

193 3311 236 3363 εἰ
259 3306 314 3363 12
333 3306 616 3385 Metaph„
651 3308 718 3367 iu
739 3305 888 3383 fine,
915 3325 988 3367 ex
1021 3308 1286 3367 Homero
1303 3328 1318 3380 ;
1349 3306 1596 3367 Platone
1627 3305 1693 3364 in

192 3398 420 3475 Politicis;
451 3398 791 3461 Plutarcho
811 3400 878 3460 in
903 3400 1156 3477 Solone3
1189 3400 1562 3480 quodetiam
1587 3400 1692 3460 de-

189 3499 428 3553 monstrat
451 3493 636 3553 divus
683 3493 980 3567 ThomaS,
1015 3493 1218 3573 prima
1247 3500 1442 3571 parte,
1472 3498 1686 3573 quaest.

3214 374 3335 435 265

1775 488 2147 567 regulariter
2173 504 2297 547 non
2320 484 2607 545 turbatur
2624 483 2995 543 intrinsecus
3018 480 3334 542 seditioni-

1777 581 1890 643 bus
1913 598 1944 656 ,·
1988 580 2350 659 faciliusque
2408 576 2637 638 resistit
2690 576 2961 637 externis
3016 575 3329 650 hostibus,

1776 693 1917 736 cum
1947 673 2066 735 sibi
2090 673 2483 735 conciliatum
2514 671 2593 731 sit
2612 675 2673 729 et
2698 670 3124 746 conjunctum.
3161 668 3335 729 Unde

1778 788 1852 831 ex
1881 768 2155 829 historiis
2186 774 2421 829 constat
2451 763 2839 826 monarchias
2860 763 3172 823 ordinarie
3196 762 3336 822 diu-

1781 867 2082 927 turniores
2135 863 2322 923 fuisse
2376 878 2563 940 quam
2606 859 3001 938 respublicas.
3056 856 3335 918 Tandem

1775 961 1836 1021 id
1863 958 2112 1039 probari
2144 961 2341 1037 potest
2366 972 2443 1017 ex
2482 953 2841 1015 monarchia
2870 952 2998 1026 Dei,
3042 968 3228 1030 quam
3258 968 3335 1010 ex

1775 1056 2017 1117 ratione
2066 1050 2500 1113 commodioris
2544 1046 2867 1124 regiminis
2907 1051 2969 1106 et
3008 1045 3337 1125 providen-

1775 1151 1878 1211 uae
1907 1148 2129 1230 probat
2152 1144 2507 1209 Aristoteles
2532 1143 2720 1203 citato
2748 1141 2883 1201 loco
2910 1138 3181 1219 Metaph.
3220 1137 3335 1201 Ubi

1775 1243 2083 1307 concludit
2104 1258 2300 1302 unum
2320 1236 2544 1299 debere
2563 1254 2691 1297 esse
2712 1234 2901 1295 totius
2924 1233 3142 1295 mundi
3165 1232 3333 1311 prin·

1775 1340 1995 1417 cipem.
2024 1337 2222 1415 Atque
2252 1334 2467 1395 eadem
2490 1331 2727 1393 ratione
2749 1328 3033 1401 ostendit,
3068 1328 3171 1387 Dei
3198 1327 3337 1387 uni-

1773 1440 1966 1494 tatem
2009 1431 2201 1501 Philo,
2236 1428 2345 1489 lib.
2386 1426 2463 1487 de
2510 1422 2897 1495 Monarchia3
2928 1420 3184 1494 Justin„
3222 1417 3328 1479 lib.

1775 1526 2047 1605 ejusdem
2083 1521 2291 1595 tituli3
2326 1517 2725 1589 AthanasiuS,
2757 1516 2923 1576 Orat.
2958 1518 3175 1573 contra
3201 1511 3335 1572 Ido-

1773 1620 1832 1680 la
1850 1636 1870 1695 3
1936 1618 2373 1698 Hieronymus,
2418 1613 2595 1693 epist.
2648 1608 2727 1670 ad
2772 1607 3090 1670 Rusticum
3121 1622 3337 1665 mona-

1773 1715 1983 1776 chum.
2026 1712 2305 1775 Habetur
2342 1726 2475 1787 cap,
2532 1707 2617 1769 In
2666 1704 2903 1787 apibus,
2938 1700 2999 1761 d.
3050 1702 3111 1775 7,
3162 1718 3223 1779 q.
3264 1704 3287 1760 l
3312 1721 3330 1775 ;

1772 1808 2149 1887 Cyprianus,
2184 1808 2364 1864 tract.
2408 1802 2486 1863 dc
2514 1800 2823 1861 idolorum
2860 1794 3177 1871 vanitate3
3226 1793 3334 1854 ubi

1773 1902 1963 1963 etiam
2012 1898 2279 1959 ostendit
2318 1893 2616 1973 animalia
2657 1890 3038 1953 irrationalia
3086 1903 3334 1948 monar-

1773 1994 1975 2055 chiam
1994 1998 2303 2071 appetere.
2350 1989 2836 2051 Ecclesiasticum
2862 2000 3013 2063 ergo
3052 1980 3333 2061 regimen

1773 2106 1846 2150 eo
1873 2087 1991 2148 erit
2020 2083 2367 2171 perfectius,
2402 2100 2526 2162 quo
2554 2082 2764 2142 divino
2799 2079 3085 2139 similiuS.

1849 2183 1911 2243 9.
1965 2180 2411 2243 Hoeretioorum
2448 2176 2647 2239 evasio
2688 2192 2761 2237 ezr
2808 2171 3225 2239 incommodis.
3253 2202 3333 2214 -

1771 2276 1863 2337 Ad
1905 2276 2069 2336 hanc
2112 2271 2442 2335 secundam
2471 2268 3033 2342 confirmationem,
3079 2282 3333 2345 respou-

1769 2370 1919 2430 dent
1945 2366 2219 2430 haeretici
2245 2366 2433 2444 longe
2462 2363 2823 2426 dissimilem
2870 2379 2997 2422 esse
3028 2360 3333 2421 rationem

1767 2461 2097 2523 hominum
2153 2466 2216 2522 et
2264 2460 2411 2537 Dei,
2474 2458 2583 2539 qui
2637 2456 3029 2534 omnipotens
3086 2458 3201 2528 est,
3258 2468 3333 2513 ac

1771 2572 2014 2617 summe
2056 2555 2275 2630 bonus,
2319 2560 2383 2614 et
2412 2552 2645 2631 ubique
2672 2566 2964 2629 praesens,
3016 2552 3078 2607 et
3122 2546 3335 2607 omnia

1771 2666 2164 2730 pernoscens,
2200 2653 2577 2729 quapropter
2602 2642 2893 2706 facillime
2914 2645 3136 2721 potest,
3172 2656 3335 2699 nnus

1774 2760 1914 2803 cum
1957 2744 2059 2816 sit,
2094 2742 2386 2803 universa
2420 2739 2805 2820 gubernare3
2857 2754 3030 2797 secus
3069 2751 3216 2795 vero
3257 2730 3337 2793 de

1773 2835 2129 2897 hominibus
2150 2881 2171 2911 ,
2233 2834 2457 2914 quibus
2506 2832 2605 2893 hae
2658 2848 2873 2892 omnes
2926 2829 3335 2909 proprietates

1774 2928 2017 2991 desunt.
2058 2928 2229 2991 Unde
2260 2928 2437 3007 plura
2480 2925 2877 2999 incommoda
2906 2922 3182 2985 haeretici
3216 2936 3330 2980 uu-

1773 3028 2041 3097 merant‚
2085 3040 2221 3101 quae
2242 3022 2309 3082 in
2338 3020 2459 3081 hoc
2482 3020 2809 3099 regimine,
2842 3018 2897 3078 si
2938 3016 3015 3077 ad
3052 3013 3337 3075 homines

1772 3114 2295 3189 accommodetur,
2347 3116 2761 3195 reperiuntur.
2820 3112 3123 3184 Primum,
3186 3107 3337 3189 quia

1771 3212 1929 3272 sicut
1948 3210 2125 3272 facile
2145 3218 2237 3271 est
2260 3228 2458 3270 unum
2484 3208 2681 3269 solum
2706 3206 3187 3285 gubernatorem
3214 3202 3335 3262 im-

1773 3306 2144 3385 prudentem
2194 3322 2346 3378 esse,
2378 3310 2489 3365 aut
2535 3320 2823 3383 pravum,
2871 3306 2979 3360 aut
3020 3302 3197 3359 curto
3240 3297 3337 3357 in-

1773 3397 1981 3476 genio,
2033 3399 2121 3459 sic
2144 3397 2384 3479 facilius
2417 3414 2623 3459 errare
2648 3397 2875 3475 poterit
2904 3396 3012 3454 aut
3041 3390 3337 3467 ignoran-

1771 3494 1884 3567 tia,
1913 3498 2025 3553 aut
2058 3492 2317 3553 malitia.
2352 3490 2729 3565 Secundum,
2770 3506 2931 3549 unus
2970 3486 3059 3545 ita
3087 3484 3337 3564 respicit

189 3586 290 3661 103,
315 3586 540 3649 articul.
579 3591 664 3664 33
691 3588 844 3667 quia
867 3588 1052 3649 unius
1097 3588 1378 3667 regimen
1421 3604 1694 3648 commo·
1719 3585 1936 3647 *bona
1982 3591 2046 3647 et
2097 3586 2421 3646 commoda
2465 3584 2755 3665 propria,
2802 3589 2866 3643 et
2910 3598 3165 3642 suorum
3188 3624 3207 3655 ,
3268 3583 3339 3638 ut

185 3679 286 3739 dius
307 3688 386 3743 est
425 3684 500 3745 ad
543 3684 1060 3759 conservandam,
1111 3682 1275 3743 inter
1307 3700 1412 3742 eos
1454 3682 1564 3761 qui
1595 3698 1691 3743 re-

183 3782 386 3850 guntur,
409 3778 809 3839 concordiam
839 3782 900 3839 et
943 3794 1183 3856 pacem,
1214 3776 1280 3835 in
1325 3793 1448 3855 qua
1496 3775 1693 3835 maxi·

183 3884 316 3929 mum
339 3869 562 3931 bonum
593 3872 792 3931 totius
834 3870 1105 3949 corporis
1141 3870 1462 3931 consistit:
1498 3867 1692 3947 Cujus

183 3960 372 4041 siquem
409 3964 663 4043 (iuquit)
691 3968 804 4035 est,
837 3964 983 4045 quia
1021 3964 1200 4028 etiam
1241 3980 1376 4026 oto-m
1415 3966 1690 4043 potestas

183 4058 373 4133 rependi
398 4058 464 4120 ia
489 4056 712 4119 multis
737 4058 973 4132 extistit,
1001 4060 1235 4139 oportet
1283 4073 1400 4128 eos,
1444 4062 1516 4123 ut
1557 4055 1692 4118 bene

181 4156 376 4228 requae,
409 4169 598 4213 uuum
633 4150 852 4231 aliqua
883 4151 1120 4215 rationo
1163 4150 1336 4227 fieri:
1382 4166 1535 4227 ergo
1567 4166 1690 4228 quo

184 4243 338 4319 major
359 4243 638 4307 fueritin
683 4251 936 4323 regente
969 4244 1200 4318 unitas„
1231 4262 1304 4303 eo
1327 4244 1447 4304 erit
1473 4244 1692 4305 utilius

184 4339 228 4391 et
269 4338 632 4399 commodius
683 4339 964 4417 regimen
1019 4338 1098 4399 ad
1153 4354 1366 4417 pacem
1418 4337 1691 4399 retinen·

183 4426 324 4505 dam3
373 4431 728 4509 hujusmodi
757 4440 966 4493 autem
1026 4431 1294 4511 perlecta
1343 4432 1550 4491 unitas
1599 4449 1696 4492 so·

181 4518 279 4581 lum
320 4526 608 4603 reperitur
660 4526 724 4587 in
771 4526 1170 4599 monarchia3
1206 4542 1374 4603 ergo,
1421 4530 1536 4585 etc.
1562 4526 1693 4599 Qua

181 4617 374 4678 ratione
408 4637 554 4679 usus
597 4620 804 4681 fuerat
849 4620 998 4680 olim
1041 4618 1268 4680 sustin.
1319 4621 1574 4698 Martyr,
1621 4621 1687 4681 in

183 4708 312 4770 Orat.
359 4713 723 4775 Paroenetira
769 4714 850 4775 ad
905 4724 1144 4793 gentes,
1177 4715 1324 4773 satis
1365 4721 1509 4775 ante
1561 4732 1679 4775 me·

185 4801 793 4883 diumrcmfirmatur,
823 4809 972 4888 quia
995 4808 1100 4867 ubi
1130 4826 1292 4868 unus
1321 4814 1414 4867 est
1437 4808 1544 4887 qui
1575 4826 1688 4886 gu-

187 4892 378 4973 bernat,
407 4906 492 4961 est
517 4902 720 4979 major
745 4904 1046 4982 potentia,
1091 4902 1238 4980 quia
1281 4902 1477 4963 virtus
1510 4900 1688 4961 unita

188 4986 357 5049 fortior
398 4994 616 5055 evadit.
665 4995 840 5057 Unde
889 4996 1036 5075 ipsas
1077 4994 1266 5055 etiam
1307 4994 1688 5073 Respublica}

189 5099 294 5157 quoe
337 5088 730 5151 democratice
789 5089 1244 5168 gubernantur,
1303 5107 1448 5149 cum
1503 5106 1688 5167 gran-

193 5174 325 5237 diora
343 5187 398 5239 et
423 5184 778 5261 urgentiora
803 5182 1077 5263 pericula
1099 5192 1451 5257 occurrunt,
1488 5200 1688 5245 uuum

196 5268 384 5347 eligunt
415 5278 779 5355 principem,
833 5285 904 5337 ut
948 5276 1331 5339 commodius
1364 5294 1428 5336 se
1475 5286 1692 5337 tuean-

197 5367 369 5435 tur-,ut
408 5370 662 5431 Romani
705 5370 1018 5449 eligebant
1057 5370 1419 5447 dictatorcs;
1461 5388 1537 5430 ex
1567 5388 1692 5449 quo

197 5457 524 5523 concluditur
565 5463 1026 5525 monarchicum
1075 5463 1354 5541 regimen
1410 5462 1691 5523 stabilius

199 5566 296 5611 esse
317 5570 380 5614 ac
403 5554 654 5634 firmius,
678 5567 811 5618 tum
839 5558 987 5639 quia
1015 5556 1348 5637 potentius,
1380 5562 1516 5617 tum
1545 5558 1696 5637 quia

1773 3680 2128 3741 communia
2168 3679 2347 3739 facile
2384 3682 2780 3755 contemnat3
2812 3675 2977 3735 unde
3026 3691 3151 3734 non
3196 3690 3337 3732 raro

1770 3773 1993 3835 accidit
2042 3781 2113 3835 ut
2167 3790 2432 3851 regnum
2478 3772 2545 3831 in
2589 3770 2983 3850 tyrannidem
3044 3764 3333 3827 declinet.

1769 3868 2075 3942 Tertium,
2123 3884 2264 3926 cum
2306 3882 2501 3927 unum
2550 3870 2737 3945 caput
2780 3863 3156 3943 superiorem
3210 3872 3370 3921 uon·

1769 3961 2073 4040 agnoscit,
2099 3979 2137 4021 a
2156 3959 2325 4020 nullo
2352 3958 2574 4039 corrigi
2600 3964 2798 4039 potest
2822 3974 2842 4035 ;
2875 3973 3139 4035 cumque
3166 3954 3337 4015 laba-

1771 4061 1875 4115 tur
1922 4054 2125 4130 facile,
2177 4055 2312 4133 ejus
2358 4056 2638 4132 regimen
2686 4052 3031 4131 expositum
3077 4058 3170 4112 est
3213 4050 3337 4112 fre·

1772 4148 2105 4229 quentihus
2148 4147 2457 4228 periculis.
2508 4148 2833 4223 Quartum,
2864 4166 3007 4209 cum
3051 4145 3339 4207 homines

1772 4247 2067 4323 appetant
2093 4242 2465 4316 libertatem,
2495 4249 2557 4303 et
2583 4243 2889 4320 imperare
2916 4241 3122 4321 potius
3150 4258 3339 4320 quam

1779 4335 1979 4409 subdi,
2040 4335 2150 4396 uni
2194 4335 2524 4395 bominum
2580 4353 2825 4413 semper
2874 4334 3151 4394 subditos
3206 4351 3339 4394 esse

1780 4427 2310 4505 molestissimum,
2340 4436 2403 4489 et
2428 4429 2719 4489 humanae
2750 4427 3139 4489 inclinationi
3170 4446 3339 4507 pror·

1775 4542 1888 4601 sus
1901 4523 2279 4583 contrarium
2308 4541 2432 4583 esse
2457 4541 2700 4584 necesse
2728 4530 2861 4600 est;
2892 4522 3009 4583 erit
3036 4539 3187 4599 ergo
3218 4520 3339 4581 tale

1772 4617 2051 4695 regimen
2088 4618 2447 4692 violentum,
2477 4624 2539 4677 et
2568 4622 2789 4697 praeter
2827 4616 3151 4677 hominum
3184 4632 3337 4675 con-

1768 4712 2090 4771 ditionem.
2138 4710 2313 4771 Unde
2360 4710 2431 4770 iit
2474 4712 2713 4790 quinto,
2759 4716 2830 4771 ut
2881 4710 2988 4770 ubi
3037 4726 3199 4770 unus
3245 4715 3339 4770 est

1769 4806 2074 4885 princepS,
2125 4822 2341 4866 omnes
2390 4803 2481 4864 illi
2524 4802 2885 4880 invideant3
2944 4823 3017 4866 ex
3074 4824 3195 4884 quo
3243 4822 3338 4865 se·-

1769 4907 2048 4979 quuntnr
2086 4900 2417 4963 seditiones
2456 4906 2519 4959 et
2546 4899 2897 4973 schismata,
2927 4898 3093 4979 quod
3124 4900 3190 4960 in
3218 4900 3337 4960 Ec-

1769 4995 1955 5057 clesia
2005 4995 2295 5057 accidisse
2328 4994 2636 5068 videmus,
2668 4996 2775 5056 ubi
2816 5012 3003 5073 quam
3048 4995 3337 5074 plurimae

1769 5088 2031 5149 haereses
2059 5095 2121 5149 et
2164 5089 2505 5167 peruiciosa
2536 5088 2887 5159 schismata,
2930 5088 3029 5149 vel
3073 5106 3150 5149 ex
3198 5088 3340 5148 odio

1770 5188 1985 5242 contra
2008 5182 2319 5242 Vicarium
2346 5182 2590 5255 Christi,
2628 5182 2725 5241 vel
2750 5200 2826 5242 ex
2846 5182 3204 5243 inordinata
3228 5200 3339 5255 ap-

1771 5278 1968 5358 petitu
2003 5276 2166 5336 illius
2193 5275 2571 5336 excellentias
2606 5274 3011 5354 pullularunt.
3048 5275 3330 5336 Tandem

1771 5370 1919 5431 hinc
1970 5369 2342 5431 concludunt
2392 5368 2749 5442 adversarii,
2808 5367 2952 5429 licet
3008 5368 3075 5428 in
3122 5368 3334 5446 aliquo

1775 5463 2002 5524 minori
2047 5480 2241 5542 regno
2278 5462 2638 5523 monarchia
2668 5460 2913 5541 probari
2944 5462 3153 5541 possit,
3196 5478 3337 5522 eam

1771 5564 1984 5619 tamen
2029 5558 2095 5619 in
2152 5558 2506 5621 universum
2559 5556 2775 5619 orbem
2816 5555 3227 5630 introducere,
3274 5564 3337 5620 et
