3900 6217
555 434 675 495 630

558 539 1081 617 magnanimitati.
1110 540 1227 600 Sed
1255 540 1329 599 de
1352 539 1469 600 1106
1496 539 1739 618 legatur
1764 540 1831 599 D.
1856 540 2124 601 Thomas

556 636 617 694 2.
655 634 715 705 2.
748 640 964 711 quaest.
1004 635 1139 693 130.
1188 634 1251 693 81
1294 652 1440 693 vero
1486 634 1584 693 hic
1624 652 1907 693 excessus
1946 634 2026 694 sit
2058 634 2124 695 in

560 728 820 788 materia
848 728 977 806 spei
1002 728 1385 806 theolog-alis,
1411 733 1480 788 ut
1508 733 1600 789 est
1626 727 1968 800 beatitudo,
1990 748 2126 806 gra-

554 824 668 898 tia,
702 825 1167 901 supernaturale
1206 824 1536 897 auxilium,
1572 825 1825 904 ponitur
1865 824 2126 903 speciale

557 916 781 976 vitium
808 918 1183 977 contrarium
1214 916 1360 978 huic
1386 918 1636 989 virtuti3
1660 936 1833 992 nam,
1862 918 2009 979 licet
2031 918 2124 977 in-

558 1010 801 1071 terdum
844 1017 1126 1070 sumatur
1155 1012 1221 1070 in
1262 1011 1489 1071 bonam
1520 1018 1755 1089 partem
1786 1030 1896 1089 pro
1925 1010 2125 1071 excel-

558 1103 714 1165 lenti
744 1104 1012 1183 quadam
1044 1104 1289 1178 fiducia,
1320 1110 1391 1165 ut
1418 1104 1637 1165 Jndith
1682 1105 1723 1164 6
1747 1122 1763 1165 :
1788 1104 1935 1169 Non
1965 1106 2126 1167 dere-

558 1199 792 1278 linquis
820 1202 1253 1277 proesumeutes
1281 1200 1351 1261 dc
1386 1204 1477 1271 te,·
1504 1204 1565 1259 et
1590 1216 1724 1277 cap.
1758 1199 1799 1259 9
1822 1214 1839 1259 :
1864 1198 2127 1261 Exaudi

559 1310 652 1354 mc
685 1293 971 1354 miseram
1006 1294 1431 1372 deprecantem,
1464 1297 1523 1354 et
1546 1294 1613 1354 dc
1636 1295 1743 1355 tua
1766 1292 1941 1353 venia
1965 1310 2128 1373 proe·

561 1389 907 1461 minentem,
939 1392 1147 1446 tamen
1176 1386 1559 1463 frequentius
1587 1386 1654 1445 in
1682 1384 1909 1446 malam
1940 1385 2128 1446 decli-

560 1484 671 1539 nat
708 1486 969 1559 partem,
1002 1486 1063 1542 et
1098 1480 1854 1557 significat.inordinatum
1884 1484 2126 1541 motum

560 1573 721 1634 circa
752 1574 913 1633 bona
941 1573 1454 1654 supernaturalia.

640 1668 699 1729 2.
748 1668 970 1731 Prima
1009 1668 1308 1730 conclusio
1344 1668 1412 1730 de
1445 1667 1915 1750 praesumptione
1942 1666 2125 1744 huju-s

559 1760 679 1823 loci
701 1762 973 1840 propria.
991 1794 1068 1805 —
1092 1760 1584 1829 Primusmodus
1602 1760 2119 1842 prcesumptionis.

559 1886 641 1900 -
661 1856 743 1915 D.
774 1855 1034 1917 Thomas
1062 1853 1808 1935 emortuae—Secundus
1830 1872 2124 1935 proesum-

548 1946 784 2027 ptionis
809 1949 1127 2008 modus.—
1152 1948 1413 2010 Tertius.
1430 1984 1507 1992 —
1532 1948 1909 2022 Quartus.-—-
1936 1946 2125 2019 Quin-

560 2045 682 2103 tus.
715 2070 795 2085 -
833 2040 963 2112 Qua
1004 2040 1202 2119 posita
1239 2040 1708 2119 significatione,
1743 2040 1878 2101 dico
1921 2042 2125 2119 primo

558 2132 719 2193 hanc
752 2135 1297 2213 praesumptionem
1330 2154 1460 2195 esse
1490 2152 1768 2213 pravam,
1811 2139 1871 2193 et
1908 2132 2127 2193 virtuti

563 2227 690 2306 spei
734 2244 805 2287 ac
848 2232 1153 2305 pra-cepto
1194 2229 1589 2287 contrariam.
1636 2229 1740 2288 Est
1780 2235 1947 2287 certa
1983 2246 2126 2289 con-

562 2318 789 2394 clusi0‚
838 2320 1172 2383 Ecclesiast.
1230 2322 1347 2382 18:
1415 2322 1553 2388 Vidi
1590 2322 2126 2401 praesumptionem

563 2414 760 2476 cordis
799 2431 1023 2489 corum,
1056 2416 1341 2494 quoniam
1375 2415 1542 2478 mala
1580 2418 1704 2482 est:
1732 2421 2020 2493 patetque
2049 2431 2126 2474 ex

562 2507 1068 2585 interpretatione
1098 2508 1388 2568 nominis,
1422 2510 1573 2569 ltem
1609 2508 1950 2589 explicatur
1977 2507 2126 2569 assi·

560 2600 810 2677 gnando
861 2601 1061 2661 varios
1110 2601 1324 2661 modos
1368 2601 1555 2681 hujus
1604 2602 2121 2681 praesumptionis

563 2694 805 2755 Primus
833 2700 946 2769 est,
978 2694 1029 2753 si
1058 2695 1193 2773 quis
1225 2700 1426 2775 speret
1462 2695 1753 2775 consequi
1795 2695 2123 2756 beatitudi-

560 2806 705 2849 nem
724 2832 745 2863 ,
798 2786 908 2848 vel·
942 2789 1367 2849 remissionem
1418 2796 1805 2869 peccatorum
1860 2789 2124 2868 propriis

560 2881 795 2941 viribus
810 2897 830 2958 3
872 2886 965 2941 est
1014 2883 1413 2961 pra’sumptio
1460 2882 1814 2961 Pelagiana,
1847 2890 1909 2943 et
1956 2900 2124 2943 com-

560 2974 725 3035 mitti
749 2993 874 3034 non
906 2981 1103 3053 {otest
1132 2976 1263 3037 siue
1294 2975 1401 3035 illa
1436 2976 1673 3037 haeresi.
1708 2976 2000 3050 Quamvis
2027 2976 2124 3036 di-

557 3086 673 3129 vus
717 3068 983 3130 Thomas
1030 3068 1262 3147 judicet
1309 3070 1477 3129 hunc
1525 3070 1778 3131 modum
1830 3088 2121 3149 praesum-

558 3163 789 3243 ptioms
818 3181 943 3223 esse
963 3170 1174 3223 contra
1194 3164 1791 3242 magnanimitatem,
1817 3164 1881 3223 id
1912 3170 2122 3223 tamen

559 3264 651 3318 est
688 3257 1182 3333 intelligendum,
1224 3257 1475 3336 quando
1509 3264 1789 3317 versatur
1830 3256 1898 3316 in
1941 3256 2124 3316 rebus

558 3349 720 3423 aliis,
764 3348 859 3407 vel
892 3350 1234 3410 actionibus
1268 3368 1407 3430 quae
1440 3370 1565 3411 non
1595 3356 1871 3430 spectant
1898 3350 1975 3410 ad
2019 3350 2120 3409 bo-

558 3462 711 3505 num
753 3444 1015 3516 animae3
1060 3462 1205 3504 nam
1239 3446 1291 3504 si
1338 3444 1404 3504 in
1450 3444 1546 3504 his
1591 3444 1774 3504 rebus
1819 3450 2120 3517 versetur,

558 3538 803 3598 videtur
831 3537 1059 3598 directe
1083 3538 1310 3616 opponi
1336 3538 1488 3617 spei,
1514 3556 1588 3598 ex
1616 3540 1790 3616 cujus
1816 3542 2122 3615 praecepto

556 3636 807 3692 tenetur
846 3631 1065 3710 aliquis
1107 3631 1237 3691 haec
1278 3632 1441 3691 bona
1483 3649 1729 3709 sperare
1763 3650 1799 3691 a
1828 3632 1972 3703 De0,
2019 3630 2120 3689 cui

556 3730 863 3804 proecepto
923 3731 1015 3784 est
1067 3725 1295 3785 directe
1349 3725 1691 3784 contrarius
1742 3723 1844 3783 ille
1901 3725 2119 3784 modus

555 3819 1077 3898 praesumptionis
1104 3818 1419 3879 Secundus
1454 3824 1567 3891 est,
1601 3818 1649 3877 si
1680 3818 1817 3895 quis
1846 3817 2119 3878 indebito

558 3912 776 3972 ordine
800 3918 1001 3991 speret
1028 3918 1136 3971 aut
1162 3913 1308 3973 velit
1342 3911 1855 3991 supernaturalia,
1882 3917 1992 3971 aut
2025 3930 2119 3972 re-

558 4005 914 4066 missionem
961 4006 1191 4085 peccati
1240 4008 1373 4068 sine
1420 4007 1819 4087 poenitentia,
1853 4005 2118 4083 gloriam

558 4099 690 4159 sine
734 4100 992 4176 meritiS,
1037 4100 1437 4162 excellentem
1482 4100 1868 4160 sanctitatem
1912 4099 2119 4179 tepide

559 4194 906 4271 operand03
946 4201 1007 4254 et
1034 4195 1167 4256 haec
1206 4203 1296 4255 est
1324 4195 1675 4255 Lutherana
1702 4194 2116 4273 praesumptio,

558 4306 697 4368 quae
724 4289 825 4348 vix
852 4296 1049 4368 potest
1072 4289 1371 4349 committi
1402 4289 1675 4366 graviter
1697 4289 1828 4347 sine
1858 4287 1969 4347 tali
1995 4287 2120 4347 hae-

558 4382 679 4444 resi
692 4398 714 4459 3
741 4390 802 4442 et
827 4384 957 4462 spei
986 4389 1192 4461 aperte
1221 4389 1553 4461 repugnat,
1581 4382 1657 4442 ad
1683 4400 1867 4462 quam
1894 4388 2126 4461 spectat

556 4494 685 4536 non
712 4475 909 4536 solum
946 4474 1159 4554 digna,
1190 4478 1293 4535 sed
1330 4477 1517 4536 etiam
1548 4476 1735 4554 digne
1764 4494 2008 4554 sperare
2049 4477 2126 4537 de

560 4570 705 4629 Deo,
737 4570 978 4630 Tertius
1003 4574 1116 4642 est,
1148 4570 1198 4628 si
1240 4570 1380 4649 quis
1416 4576 1618 4649 speret
1642 4589 1679 4629 a
1706 4570 1830 4630 Deo
1862 4569 2123 4648 speciale

560 4661 863 4721 auxilium
884 4662 961 4722 ad
986 4680 1080 4722 res
1106 4661 1371 4737 illic-itas,
1395 4670 1466 4722 ut
1485 4662 1561 4722 ad
1596 4662 2000 4740 peccandum,
2022 4662 2122 4723 vel

558 4754 637 4814 ad
667 4754 1030 4815 sumendam
1058 4755 1395 4815 vindictam
1426 4756 1501 4815 de
1536 4756 1808 4830 1111111160,
1836 4756 1901 4815 111
1932 4774 2122 4833 quam

558 4846 841 4908 incidunt
887 4846 1257 4922 Calvinistae,
1292 4854 1363 4908 ut
1401 4848 1509 4928 qui
1558 4847 1645 4909 ita
1678 4848 1963 4908 tribuunt
2000 4850 2122 4908 Deo

558 4941 953 5018 negationem
1000 4942 1187 5015 Petri,
1227 4942 1385 5001 sicut
1421 4941 1882 5002 conversionem
1917 4940 2118 5002 Pauli.

560 5034 822 5107 Quartus
851 5040 961 5107 est,
989 5035 1040 5095 si
1071 5036 1205 5114 quis
1232 5043 1433 5116 speret
1470 5054 1509 5097 a
1540 5038 1661 5097 Deo
1688 5042 2120 5115 supernatura·

556 5126 643 5188 lia
680 5128 845 5188 bona
872 5136 1097 5209 praeter
1123 5131 1405 5191 ordinem
1438 5131 1663 5191 divinae
1694 5129 2119 5209 providentiae,

558 5226 631 5280 ut
658 5224 707 5280 si
737 5222 872 5300 quis
899 5230 1173 5302 speraret
1214 5242 1277 5284 se
1314 5224 1671 5283 habiturum
1702 5229 1941 5283 tantam
1991 5222 2123 5300 glo-

558 5313 742 5389 riam,
774 5324 1072 5393 quantam
1118 5315 1305 5377 habet
1350 5316 1536 5376 Beata
1577 5318 1789 5394 virge,
1821 5318 1887 5375 in
1934 5333 2121 5396 quam

562 5408 747 5467 etiam
793 5410 1333 5488 praesumptionem
1373 5410 1593 5470 incidit
1633 5409 1934 5468 Lutherus
1946 5426 1967 5485 3
2016 5408 2122 5469 sed

558 5507 653 5561 est
682 5506 894 5562 contra
918 5519 1112 5581 spem,
1150 5520 1295 5562 nam
1324 5503 1431 5565 illa
1462 5503 1685 5563 nititur
1710 5502 1986 5581 potentia
2016 5502 2122 5561 Dei

556 5594 858 5669 ordinata,
885 5600 946 5656 et
978 5596 1487 5675 promissionibus
1519 5596 1685 5676 ejus3
1722 5596 1885 5656 unde
1909 5612 2122 5676 quam-

1234 438 1470 489 mst’tJ‘r.
1508 439 1567 489 11.
1602 437 1873 489 memus
1908 438 1986 489 ΒΕ
2019 438 2132 491 SPE
2163 440 2506 495 CONTINENS
2539 442 2872 496 SEchoNEs
2903 444 3078 496 TRES.

2205 543 2322 615 vis,
2353 544 2461 621 qui
2497 542 2600 605 illa
2627 544 2966 623 praesumit‚
2995 544 3276 605 videatur
3303 564 3518 623 magna
3543 571 3714 631 spera.

2204 654 2273 697 re
2304 637 2380 697 de
2425 639 2568 711 Dee,
2609 644 2819 699 tamen
2859 644 3166 717 quatenus
3194 638 3440 700 invertit
3475 644 3717 709 ordinem

2206 732 2434 793 divinae
2479 732 2816 812 sapientiae,
2863 732 3116 809 indigne
3159 733 3342 793 sentit
3385 734 3458 794 de
3505 738 3630 813 Dea,
3669 748 3719 803 et

2207 826 2502 905 pervertit
2527 825 2808 885 ordinem
2830 824 3138 903 sperandi.
3162 826 3432 904 Denique
3453 828 3564 889 huc
3581 850 3720 911 spec-

2205 926 2298 979 tat
2339 937 2476 997 spes
2503 918 2749 979 illorum
2778 919 2909 998 qui,
2953 937 3096 979 cum
3133 919 3242 979 diu
3285 924 3530 997 peccatis
3555 943 3720 1003 perse.

2205 1018 2448 1088 verent,
2474 1018 2600 1073 tam
2633 1012 2880 1073 facilem
2917 1018 3166 1091 sperant
3192 1013 3461 1077 futuram
3490 1018 3718 1097 veniam,

2207 1112 2269 1167 et
2293 1111 2423 1167 tam
2447 1110 2678 1165 certam
2705 1123 2776 1165 ac
2796 1105 2848 1165 si
2872 1105 3030 1165 nihil
3061 1112 3412 1185 peccarent3
3432 1109 3542 1170 hoc
3565 1114 3722 1176 etiam

2205 1205 2300 1261 est
2324 1204 2536 1261 eontra
2561 1198 2842 1259 debitum
2883 1198 3168 1259 ordinem
3217 1199 3346 1278 spei
3363 1215 3386 1279 ;
3425 1220 3580 1278 nam,
3608 1205 3722 1270 lieet

2205 1292 2521 1353 interdum
2567 1310 2648 1353 ex
2683 1290 3022 1369 fragilitate
3062 1291 3422 1371 delinquere
3467 1295 3540 1355 ob
3581 1316 3722 1377 spem

2208 1386 2404 1446 venias
2456 1386 2644 1464 possit
2685 1404 2810 1445 non
2843 1402 2975 1445 esse
3019 1387 3436 1465 praesumptiO,
3483 1388 3598 1450 imo
3632 1392 3724 1453 ali-

2209 1480 2582 1560 quantulum
2634 1480 2914 1541 minuere
2961 1487 3322 1559 peccatum,
3375 1482 3512 1545 inde
3551 1492 3722 1550 tamen

2206 1577 2587 1636 occasionem
2632 1574 3059 1654 perseverandi
3099 1573 3168 1635 in
3215 1582 3465 1653 peccato
3499 1596 3720 1657 sumere,

2207 1668 2518 1749 quoddam
2547 1676 2638 1728 est
2665 1667 3165 1748 praesumptionis
3193 1686 3411 1745 genus,

2286 1764 2347 1824 3.
2399 1761 2680 1825 Secunda
2724 1762 3043 1825 conclusio.
3075 1794 3157 1807 —
3189 1761 3526 1825 observatio
3555 1767 3720 1847 prima

2197 1874 2314 1939 pro
2356 1853 3194 1919 conclusione—observatio
3248 1858 3722 1921 secundm—Dico

2205 1951 2474 2015 secundo
2495 1972 2512 2010 ε
2537 1951 2933 2031 praesumptio
2953 1951 3212 2010 mortale
3233 1957 3546 2030 peccatum
3565 1960 3660 2029 est,
3678 1962 3722 2017 et

2207 2044 2639 2123 gravissimum
2679 2062 2756 2104 ex
2796 2060 3024 2122 genere
3079 2062 3215 2105 suo,
3250 2045 3443 2117 Patet,
3485 2050 3616 2125 quia
3652 2058 3719 2110 est

2205 2143 2422 2198 contra
2441 2155 2627 2214 grave
2656 2141 3054 2216 praeceptum,
3088 2142 3148 2196 et
3179 2142 3396 2198 contra
3413 2140 3726 2217 perfectissi-

2206 2248 2374 2291 mam
2403 2231 2717 2301 virtutem,
2753 2248 3176 2307 magnumque
3216 2231 3400 2291 affert
3431 2252 3724 2295 nocumen-

2207 2330 2378 2398 tum3
2416 2323 2542 2383 imo
2573 2323 2752 2383 divus
2779 2322 3047 2383 Thomas
3079 2325 3138 2383 Ξ.
3181 2325 3244 2395 2,
3285 2331 3497 2403 quaest.
3536 2328 3624 2401 21,
3650 2346 3726 2387 ar-

2205 2418 2310 2477 tic.
2343 2421 2400 2487 1,
2417 2417 2507 2476 ait
2533 2434 2665 2477 esse
2693 2422 3012 2495 peccatum
3035 2416 3100 2475 in
3121 2416 3424 2495 Spiritum
3449 2419 3720 2497 Sanctum,

2206 2511 2354 2589 quia
2387 2510 2614 2569 directe
2643 2509 2818 2588 ponit
2846 2508 3363 2587 impedimentum
3391 2512 3590 2588 gratiae
3619 2513 3725 2591 Spi-

2204 2604 2361 2664 ritus
2405 2602 2644 2675 Sancti3
2669 2602 2840 2661 addit
2859 2620 3030 2676 vern,
3066 2601 3134 2661 in
3156 2608 3275 2661 art.
3308 2604 3369 2679 2,
3399 2622 3522 2664 esse
3557 2605 3722 2667 minus

2204 2702 2520 2777 peccatum
2571 2695 3027 2775 desperatione,
3089 2696 3238 2775 quia
3293 2697 3616 2776 desperatio
3657 2706 3725 2758 est

2204 2791 2403 2869 magis
2437 2790 2665 2852 dire‘cte
2711 2796 2926 2851 contra
2954 2790 3232 2851 divinam
3267 2793 3720 2867 misericordiam,

2204 2883 2603 2963 praesumptio
2646 2884 2844 2959 magis
2898 2888 3110 2943 contra
3155 2884 3485 2962 justitiam.
3530 2886 3724 2947 Adver-

2201 2978 2462 3036 tcndum
2513 2995 2659 3037 vero
2709 2978 2910 3056 primo
2941 2984 3056 3051 est,
3102 2978 3166 3037 in
3201 2978 3487 3039 omnibus
3513 2980 3722 3059 quidem

2203 3070 2381 3131 dictis
2405 3071 2603 3131 modis
2627 3070 2891 3130 inveniri
2918 3071 3316 3147 gravitatem,
3333 3072 3437 3131 sed
3465 3078 3578 3131 tres
3595 3073 3725 3150 prio-

2205 3182 2301 3224 res
2327 3164 2720 3242 gravissimos
2749 3182 2899 3236 esse,
2933 3169 2994 3223 et
3028 3165 3192 3223 inter
3225 3182 3330 3224 eos
3358 3164 3565 3225 tertius
3591 3164 3726 3224 vide·

2201 3263 2306 3317 tur
2335 3259 2606 3335 primum
2663 3257 2867 3317 locum
2914 3256 3165 3334 habere,
3200 3258 3309 3337 qui
3357 3268 3446 3317 est
3497 3259 3722 3317 maxime

2206 3358 2420 3411 contra
2437 3351 2539 3410 Dei
2563 3350 2926 3410 bonitatem.
2948 3351 3180 3410 Deinde
3199 3350 3517 3423 secunduS,
3542 3351 3633 3429 qui
3652 3356 3723 3411 est

2205 3450 2421 3503 contra
2450 3443 2716 3503 debitam
2748 3444 2822 3502 de
2867 3446 2985 3502 Deo
3015 3444 3550 3519 existimationem,
3579 3450 3640 3503 ut
3667 3445 3719 3503 D.

2201 3535 2468 3595 Thomas
2493 3536 2600 3596 ait.
2627 3538 2698 3596 In
2723 3534 2859 3596 aliis
2883 3536 3122 3595 duobus
3153 3536 3395 3597 facilius
3415 3556 3533 3597 6556
3561 3544 3722 3616 potest

2201 3628 2380 3708 culpa
2404 3628 2577 3689 levis,
2605 3628 3064 3689 Advertendum
3095 3630 3390 3705 secundo,
3415 3630 3522 3689 1106
3549 3648 3724 3707 pecca·

2203 3730 2334 3782 tum
2375 3722 2717 3782 formaliter
2748 3729 2810 3782 et
2849 3740 3132 3802 expresse
3159 3724 3265 3783 vix
3310 3724 3594 3783 committi
3614 3722 3720 3781 sine

2198 3816 2587 3889 infidelitate,
2612 3816 2732 3876 nisi
2787 3817 2949 3895 quiS,
2996 3818 3326 3877 retinendo
3351 3818 3415 3877 in
3441 3834 3640 3894 genere
3665 3815 3721 3873 fi-

2199 3908 2362 3977 dem.
2383 3908 2644 3987 practice
2671 3916 2916 3987 putaret
2935 3912 3124 3971 Deum
3146 3929 3354 3971 secum
3377 3927 3607 3970 usurum
3619 3908 3719 3969 sin-

2201 4003 2403 4081 gulari
2427 4004 2750 4082 privilegio
2763 4020 2781 4079 ;
2811 4014 2958 4063 tunc
2999 4006 3164 4064 enim
3221 4024 3352 4065 esse
3385 4010 3570 4083 posset
3595 4020 3715 4080 prte-

2200 4110 2619 4173 sumptuosus,
2637 4104 2698 4157 et
2717 4115 2840 4156 nou
2868 4096 3194 4157 haereticus
3216 4114 3236 4175 3
3259 4100 3407 4158 item
3424 4098 3645 4168 virtute,
3667 4100 3714 4153 et

2201 4191 2372 4267 quasi
2406 4190 2470 4249 in
2501 4197 2642 4250 actu
2689 4191 2956 4251 exercito
2999 4198 3198 4269 posset
3226 4192 3365 4270 quis
3407 4188 3711 4251 contrahere

2201 4282 2365 4342 hanc
2399 4284 2724 4357 malitiam,
2753 4291 2822 4343 ut
2847 4285 2912 4344 in
2943 4285 3158 4363 quinto
3190 4284 3375 4344 modo
3402 4302 3571 4362 supra
3594 4281 3710 4341 assi-

2205 4383 2416 4456 gnat0,
2459 4384 2520 4437 et
2571 4379 2814 4439 videtur
2853 4380 3038 4439 etiam
3088 4379 3336 4458 proprie
3371 4374 3710 4458 praesumptio

2205 4488 2278 4532 ex
2301 4472 2500 4531 nimio
2526 4471 2768 4553 defectu
2797 4472 3061 4547 timoris,
3090 4472 3165 4532 de
3194 4490 3317 4551 quo
3345 4471 3604 4533 Proverb.
3633 4469 3707 4527 lt:

2210 4564 2461 4628 Stultus
2505 4566 2807 4638 transilit,
2855 4570 2912 4627 ct
2941 4567 3209 4642 confidit.
3244 4566 3428 4625 Addit
3467 4571 3710 4644 praeterea

2203 4659 2383 4718 divus
2421 4656 2711 4734 ThomaS‚
2743 4667 2954 4737 quaest.
2995 4660 3132 4733 130,
3158 4661 3334 4719 artic.
3364 4660 3423 4733 2,
3445 4658 3514 4717 ad
3543 4658 3591 4729 l,
3611 4672 3707 4714 non

2203 4752 2401 4812 solum
2431 4771 2560 4813 esse
2588 4752 2750 4813 hanc
2784 4752 3326 4831 praesumptionem
3353 4761 3550 4813 contra
3565 4750 3707 4809 timo-

2202 4864 2334 4905 rem
2363 4846 2674 4921 servilem,
2707 4846 2810 4905 sed
2842 4846 3025 4906 etiam
3049 4852 3263 4905 contra
3285 4844 3634 4915 charitatem,
3660 4846 3706 4899 et

2202 4940 2490 4999 timorem
2515 4940 2785 5001 filialem.
2834 4940 3008 5013 Quod
3048 4940 3330 5017 intelligo
3359 4958 3477 4999 non
3513 4938 3706 4997 torma-

2200 5031 2364 5107 liter,
2416 5033 2518 5093 sed
2553 5052 2628 5093 ex
2677 5038 2849 5112 parte
2881 5035 3174 5105 materiae,
3227 5033 3372 5113 quia
3403 5030 3603 5093 avertit
3621 5028 3708 5089 ho·

2202 5126 2438 5185 minem
2464 5126 2544 5186 ab
2593 5126 2717 5187 illis
2762 5126 2940 5187 bonis
2969 5146 3041 5188 ex
3079 5127 3301 5206 quibus
3349 5123 3600 5186 amicitia
3621 5118 3708 5180 Dei

2203 5220 2452 5299 pendet,
2478 5225 2539 5279 et
2566 5220 2836 5280 indebite
2865 5220 2971 5280 illa
2999 5221 3274 5282 obtinere
3298 5217 3606 5300 praesumit.

2289 5316 2343 5374 t.
2394 5313 2671 5376 Primwn
2701 5314 3089 5376 corollarium
3113 5332 3184 5376 ecc
3203 5314 3477 5376 dictis.—
3493 5312 3570 5371 Ex
3596 5305 3706 5387 qui-

2203 5407 2318 5468 bus
2338 5407 2534 5467 obiter
2553 5407 2920 5484 intelligitur
2938 5425 3020 5467 an
3045 5408 3160 5467 hoc
3175 5408 3386 5467 vitium
3403 5402 3706 5478 corrumpat

2203 5520 2398 5581 spem.
2439 5502 2576 5561 Dico
2634 5501 2802 5561 enim
2835 5501 3110 5580 primum
3154 5508 3213 5561 et
3255 5499 3569 5560 secundum
3596 5510 3702 5554 mo·

2203 5595 2353 5656 dum
2409 5594 2901 5674 praesumptionis
2945 5612 3334 5675 corrumpere
3385 5608 3564 5672 spem,
3599 5600 3702 5646 non
