3900 6217
903 364 1073 416 ssscr.
1109 362 1213 415 vn.
1250 361 1390 424 QUIS
1422 361 1518 413 Sl‘l'
1551 358 1811 412 DEBITUS
1843 357 2047 414 MODUS
2080 361 2348 416 (21:135an
2386 364 2657 416 BELLUM.

141 461 351 523 deudi
379 480 575 542 usque
620 461 696 522 ad
727 459 943 535 finem,
984 459 1149 521 unde
1177 459 1292 519 sibi
1338 459 1603 538 imputet
1630 457 1736 517 de-

139 555 448 631 bellatus,
493 553 656 634 qnod
711 571 834 612 11011
881 553 1088 613 debito
1137 557 1411 630 tempore
1442 549 1734 611 obtulerit

143 649 668 710 satisfactionem.
701 647 817 708 Sed
849 647 1096 726 inquiro
1122 646 1273 724 quid
1303 645 1608 722 intelligat
1627 644 1733 703 Ca-

131 743 402 820 jetanus
449 761 560 822 per
607 741 904 804 actualem
960 740 1432 822 conqressiouem
1476 737 1633 799 belli.
1670 735 1734 797 Si

141 853 439 913 pugnam
471 834 774 895 actualem
803 833 1091 894 ultimam
1133 851 1254 910 qna
1277 837 1480 891 totum
1505 829 1736 890 bellum

145 937 253 986 est
306 929 441 1006 jam
490 926 975 996 terminandum,
1030 942 1154 984 non
1201 929 1290 983 est
1338 921 1636 994 dubium,
1682 921 1737 982 si

135 1022 287 1098 jam
322 1039 419 1082 res
439 1022 518 1080 sit
551 1019 859 1094 inchoata,
883 1027 946 1078 ct
987 1020 1244 1078 victoria
1270 1015 1526 1094 incipiat
1553 1014 1738 1075 decli-

147 1133 313 1174 nare
343 1115 423 1174 ad
452 1131 590 1174 eam
619 1121 884 1194 partem,
907 1131 944 1172 a
970 1129 1097 1192 qua
1119 1112 1277 1189 juste
1299 1109 1587 1183 bellatur,
1607 1126 1733 1168 non

149 1207 364 1267 teneri
398 1213 545 1268 tunc
596 1213 913 1286 acceptare
963 1203 1466 1278 satisfactionem,
1516 1209 1735 1282 praeter

145 1301 488 1361 victoriam
520 1300 828 1378 integram
854 1345 874 1376 ,
937 1298 1085 1378 quia
1113 1296 1242 1356 haec
1263 1295 1394 1374 jam
1425 1294 1736 1354 moraliter

147 1411 288 1452 non
314 1394 562 1453 videtur
591 1377 840 1465 distare,
885 1393 1012 1451 imo
1040 1390 1141 1449 vix
1189 1395 1388 1470 potest
1417 1387 1735 1448 moraliter

147 1487 230 1545 in
287 1505 360 1546 00
398 1485 660 1547 articulo
706 1485 954 1544 tractari
1005 1483 1080 1543 de
1107 1501 1276 1562 pace.
1327 1481 1390 1541 Si
1439 1497 1582 1540 vero
1627 1497 1734 1559 per

151 1579 459 1643 actualem
502 1595 907 1662 conpressum,
953 1577 1261 1656 intelligat
1299 1574 1536 1635 bellum
1577 1574 1730 1634 illud

151 1673 230 1734 iu
270 1691 392 1754 qno
440 1671 767 1752 quuoties
813 1678 1158 1752 pugnatum
1215 1677 1326 1743 est,
1379 1685 1505 1727 non
1552 1666 1730 1726 video

151 1785 286 1846 quo
315 1765 495 1826 firmo
539 1763 947 1826 fundamento
979 1770 1310 1838 asseratur,
1355 1760 1552 1838 magis
1603 1777 1733 1820 esse

150 1867 314 1922 tunc
345 1858 668 1920 dominum
708 1875 930 1932 causae,
967 1872 1156 1936 quam
1191 1863 1333 1916 ante
1377 1851 1610 1914 bellum
1635 1851 1733 1911 in-

152 1953 479 2028 choatum,
516 1951 664 2032 quia
711 1950 876 2012 idem
897 1952 1002 2028 jus
1029 1955 1212 2018 autea
1239 1946 1505 2007 habebat
1533 1945 1610 2005 ad
1639 1945 1732 2004 in·

152 2047 516 2108 choandum
544 2043 798 2118 bellum,
823 2043 989 2123 quod
1023 2060 1187 2102 nunc
1215 2039 1404 2102 habet
1429 2039 1505 2099 ad
1526 2055 1735 2119 prose-

153 2139 506 2218 quendum.
541 2137 752 2198 Solum
778 2138 1032 2198 interest
1063 2135 1226 2214 quod
1257 2133 1340 2212 inj
1353 2133 1488 2193 uria
1518 2132 1730 2206 crevit,

155 2241 228 2292 et
272 2237 716 2310 consequenter
747 2231 940 2290 crevit
967 2229 1068 2309 jus
1106 2226 1184 2288 ad
1215 2229 1514 2304 majorem
1564 2225 1734 2283 satis-

156 2325 521 2384 factionem.
561 2325 861 2384 Praeterea
889 2323 1156 2382 rationes
1184 2321 1358 2379 factae
1389 2335 1562 2397 oeqne
1596 2335 1734 2398 pro·

159 2417 398 2477 cedunt
422 2417 490 2476 in
518 2430 778 2494 utroque
803 2433 879 2476 ex
911 2415 1088 2475 dictis
1117 2413 1373 2486 eventiS,
1409 2413 1553 2490 qnia
1577 2412 1735 2470 sicut

161 2511 448 2584 initium,
481 2511 568 2568 ita
591 2509 969 2568 continuatio
996 2507 1142 2568 belli
1173 2506 1352 2565 debet
1381 2521 1509 2564 esse
1535 2521 1737 2563 neces-

161 2603 386 2664 sitatis,
460 2601 555 2663 Ad
610 2601 741 2663 haec
769 2648 787 2677 ,
847 2601 994 2682 quia
1050 2599 1333 2659 similiter
1395 2603 1739 2677 sequuntur

161 2697 397 2756 damna
451 2701 666 2755 contra
705 2694 938 2754 bonum
977 2709 1328 2764 commune,
1367 2707 1502 2768 qnoe
1531 2687 1738 2766 {vitari

160 2789 395 2848 debent
425 2787 598 2848 salvo
629 2788 869 2865 integro
909 2785 1047 2864 jure
1097 2781 1367 2862 propri0,
1409 2781 1573 2859 quod
1605 2781 1736 2858 qui-

163 2882 311 2942 dem
369 2885 460 2941 est
509 2881 772 2956 salvum,
820 2879 1070 2957 quando
1099 2875 1351 2937 offertur
1379 2873 1730 2947 satisfactiO,

163 2976 318 3053 quia
351 2973 508 3035 1111111
537 2974 734 3052 magis
757 2973 883 3054 peti
905 2977 1104 3052 potest
1129 2976 1262 3049 post
1291 2976 1528 3048 partam
1549 2967 1735 3027 victo·

167 3069 358 3141 riam,
405 3075 474 3128 nt
503 3067 795 3128 dicemus,
831 3067 1103 3144 Denique
1141 3064 1244 3142 jus
1279 3059 1428 3122 belli
1451 3068 1542 3122 est
1568 3060 1736 3121 odio·

171 3179 342 3238 sum,
387 3167 447 3222 et
489 3179 674 3242 poena
702 3161 836 3239 ejus
863 3158 1224 3237 gravissima
1235 3173 1257 3232 3
1302 3173 1450 3234 ergo
1485 3155 1736 3216 restrin-

173 3255 384 3332 genda
404 3260 516 3328 est,
551 3253 756 3334 quoad
782 3253 919 3314 fieri
948 3257 1163 3333 potest.

261 3349 321 3409 5.
367 3345 716 3410 Resolvitur
757 3343 1114 3426 simpliciter
1162 3349 1371 3408 contra
1419 3343 1735 3406 limitatio-

171 3461 310 3506 nem
344 3441 644 3523 Cajctaui,
678 3441 1130 3522 explicatamque
1158 3439 1374 3519 mayis.
1417 3469 1497 3483 -—
1527 3437 1736 3516 Itaque

172 3537 558 3598 contrarium
597 3535 840 3595 videtur
865 3533 1226 3614 simpliciter
1252 3533 1458 3595 verius
1485 3548 1501 3591 :
1535 3530 1736 3591 solnm

172 3639 269 3693 est
306 3629 685 3703 addendum,
723 3629 790 3689 in
821 3629 1061 3707 integra
1096 3627 1508 3688 satisfactione
1544 3625 1740 3686 conti-

173 3726 314 3786 neri
360 3723 658 3802 primum,
689 3727 759 3781 ut
785 3723 1191 3783 restituantur
1227 3739 1324 3782 res
1359 3736 1574 3780 omnes
1601 3737 1737 3798 quoe

172 3817 407 3897 injuste
440 3815 896 3877 detinebantur.
945 3814 1248 3886 Secund0‚
1294 3819 1362 3872 ut
1393 3829 1606 3873 omnes
1634 3829 1737 3871 ex-

175 3929 388 3992 pensae
414 3927 552 3990 quae
576 3915 824 3989 propter
849 3909 1141 3986 injuriam
1165 3907 1416 3968 alterius
1441 3912 1587 3966 sunt
1613 3905 1737 3964 fac-

174 4013 290 4079 tae,
337 4011 722 4084 reparentur.
777 4001 952 4062 Unde
992 4001 1044 4060 si
1088 4000 1320 4060 bellum
1375 3997 1496 4058 fuit
1545 3996 1738 4057 semel

175 4097 565 4170 inchoatum,
592 4101 883 4176 poterunt
894 4095 917 4172 j
930 4103 1060 4155 uste
1080 4096 1204 4175 peti
1224 4109 1439 4152 omnes
1459 4107 1738 4169 expensae

177 4210 254 4252 eo
287 4209 478 4271 usqne
499 4189 693 4249 factae.
711 4187 940 4262 Tertio,
969 4186 1261 4266 postulari
1286 4188 1481 4264 potest
1503 4181 1737 4260 ahquid

177 4285 245 4345 in
277 4301 523 4364 poenam
559 4299 670 4362 pro
705 4281 935 4360 injuria
967 4279 1157 4354 illata,
1195 4281 1340 4356 quia
1373 4293 1498 4337 non
1539 4275 1738 4335 solum

177 4378 246 4438 in
271 4376 433 4438 bello
461 4375 724 4437 habetur
762 4374 922 4434 ratio
957 4373 1414 4434 commutativae
1459 4368 1735 4449 justitiae,

177 4471 284 4532 sed
335 4472 522 4531 ctiam
573 4467 1004 4542 vindicativae3
1048 4465 1315 4543 denique
1371 4466 1571 4543 potest
1617 4462 1740 4540 peti

170 4564 341 4642 juste
370 4561 665 4642 quidquid
710 4561 777 4620 in
807 4559 1084 4620 futurum
1117 4557 1531 4618 necessarium
1573 4555 1740 4615 vide-

177 4657 352 4717 bitur
395 4655 474 4714 ad
516 4654 1001 4714 conservandam
1041 4667 1279 4730 pacem,
1329 4655 1513 4727 atque
1552 4649 1739 4707 etiam

176 4749 503 4824 tuendam,
539 4749 684 4828 quia
721 4747 822 4806 hic
854 4754 946 4806 est
988 4745 1128 4804 finis
1173 4743 1513 4824 praecipuus
1573 4741 1739 4815 beili,

180 4861 397 4924 pacem
443 4847 708 4901 statuere
737 4841 802 4898 in
839 4837 1140 4898 futurum.
1179 4837 1481 4897 Praeterea
1517 4833 1746 4894 adden-

179 4938 360 5012 dum,
391 4952 535 4995 cum
568 4932 700 4993 haec
730 4931 1002 4992 conditio
1036 4929 1184 4990 belli
1206 4947 1282 4989 ex
1313 4929 1554 5008 justitia
1581 4928 1739 4986 oria-

179 5037 310 5106 tur,
360 5031 412 5089 si
450 5033 663 5089 contra
685 5024 856 5086 illam
902 5023 1011 5083 fiat
1055 5021 1313 5096 bellum,
1352 5021 1501 5081 oriri
1531 5039 1604 5082 ex
1633 5019 1740 5080 1110

181 5123 625 5202 obligationem
648 5115 1036 5179 restituendi.

263 5215 325 5276 6.
374 5215 655 5278 Secunda
709 5211 1030 5275 conclusio.
1081 5239 1160 5254 —-
1211 5209 1356 5268 Dico
1417 5207 1736 5268 secundo:

181 5315 322 5391 post
369 5309 726 5369 inchoatum
773 5304 1038 5380 bellum,
1095 5308 1224 5362 toto
1257 5309 1546 5381 ‘tempore
1597 5305 1741 5359 ante

182 5409 428 5483 partam
453 5397 1056 5476 victoriam,justum
1091 5403 1182 5458 est
1212 5397 1439 5455 inferre
1469 5393 1744 5452 hostilius

182 5497 396 5557 omnia
429 5495 680 5564 damna,
719 5507 856 5570 qnze
882 5487 980 5551 vel
1007 5489 1082 5550 ad
1115 5488 1616 5563 satisfactionem,
1646 5485 1744 5546 vel

509 5617 615 5660 1111.

1814 457 1893 518 ad
1942 459 2423 538 comparandam
2471 461 2795 522 victoriam
2838 463 3177 526 necessaria
3215 465 3381 527 vide-

1814 550 2069 626 buntur,
2091 551 2428 613 dummodo
2452 571 2575 614 11011
2598 556 2953 616 contineant
2982 557 3381 619 intrinsecam

1814 645 2110 721 injuriam
2158 645 2559 706 innocentum
2602 649 2933 709 intrinsece
2989 651 3252 726 malam,
3307 653 3384 714 de

1817 755 1942 813 qua
1976 738 2163 814 infra,
2207 739 2475 802 conclus.
2510 742 2567 802 6.
2602 741 2783 801 Ratio
2823 747 2933 817 est,
2967 744 3111 822 qnia
3152 745 3202 804 si
3242 744 3384 807 finis

1815 827 1981 906 licet,
2034 839 2094 892 et
2133 835 2337 894 media
2375 835 2721 896 necessaria
2750 834 2935 895 licent
2954 852 2973 914 ;
3012 844 3073 898 et
3098 837 3245 898 hinc
3272 839 3383 899 ha-

1818 922 1999 984 betur
2022 924 2151 986 fere
2199 925 2263 986 in
2304 927 2421 986 hoc
2458 933 2586 987 toto
2628 927 2932 1005 discursu,
2970 947 3077 989 seu
3108 937 3382 1012 tempore

1819 1011 1967 1076 belli
1998 1016 2150 1078 nihii
2177 1017 2311 1078 fieri
2340 1026 2555 1080 contra
2572 1020 2799 1095 hosteS,
2824 1021 2987 1100 quod
3009 1023 3381 1100 injustitiam

1814 1109 2153 1183 contineat,
2198 1120 2419 1190 praeter
2462 1113 2863 1173 innocentum
2921 1123 3147 1176 mortes
3158 1131 3180 1192 3
3234 1135 3383 1177 nam

1812 1201 2056 1282 reliqua
2084 1207 2295 1266 omnia
2313 1206 2539 1267 damna
2556 1205 2921 1284 judicantur
2942 1209 3250 1272 ordinarie
3275 1229 3384 1272 ne-

1818 1297 2083 1356 cessaria
2123 1299 2202 1358 ad
2239 1299 2429 1359 finem
2456 1299 2627 1360 belli.

1897 1393 1957 1450 7.
2007 1391 2217 1454 Tertia
2264 1393 2559 1455 conclusio
2602 1397 2951 1472 communic,
2999 1402 3056 1459 et
3089 1404 3271 1460 certa.
3302 1434 3382 1445 --

1816 1481 2161 1546 observatio
2212 1482 2436 1554 prima.
2478 1517 2559 1530 -
2590 1488 2933 1551 limitatur
2981 1508 3098 1550 non
3142 1491 3300 1554 malo
3344 1511 3383 1556 a

1818 1574 2091 1654 Sylva-et.
2126 1583 2182 1640 et
2228 1577 2451 1644 Victor.
2497 1612 2578 1624 —
2616 1578 2963 1644 observatio
2989 1585 3269 1646 secunda.
3300 1618 3383 1632 —-

1815 1668 2029 1731 ,Tertia
2053 1669 2382 1732 observatio
2406 1671 2665 1753 duplicis
2690 1673 3005 1736 corollarii
3033 1694 3107 1737 ea·
3147 1678 3380 1741 conclu-

1811 1764 1997 1824 sione.
2021 1795 2103 1808 —
2128 1763 2362 1837 Quarta
2397 1767 2748 1843 observatio,
2780 1787 2899 1848 qua
2923 1774 3246 1851 patescunt
3274 1793 3378 1837 va·

1812 1857 1914 1916 ria
1918 1855 2074 1936 jura
2090 1857 2251 1920 circa
2270 1859 2424 1920 lianc
2445 1860 2987 1923 conclusionem-
3000 1863 3145 1924 Dico
3164 1865 3377 1926 tertio:

1815 1955 1952 2027 post
1984 1957 2223 2028 partam
2255 1951 2595 2027 victoriam,
2623 1953 2861 2014 licitum
2894 1962 2983 2016 est
3016 1957 3281 2036 principi
3309 1977 3382 2019 ea

1814 2040 2045 2102 damna
2098 2042 2329 2105 inferre
2383 2045 2738 2124 reipublicae
2786 2048 2984 2124 victae,
3033 2069 3169 2128 quae
3211 2051 3382 2112 suffi-

1815 2135 1983 2194 ciant
2010 2136 2084 2194 ad
2118 2135 2351 2216 justam
2378 2138 2743 2216 vindictam,
2788 2148 2847 2201 et
2880 2142 3377 2219 satisfactionem,

1815 2235 1876 2288 et
1927 2229 2381 2290 restitutionem
2440 2232 2719 2292 omnium
2776 2233 3166 2295 damnorum.
3230 2237 3384 2296 Con-

1816 2320 2006 2381 clusio
2034 2331 2125 2382 est
2168 2324 2537 2396 communis,
2576 2332 2637 2386 et
2679 2335 2874 2397 certa,
2929 2334 3066 2387 tum
3100 2330 3249 2407 quia
3282 2330 3385 2391 hic

1817 2419 1906 2472 est
1937 2413 2079 2474 finis
2121 2413 2293 2488 belli,
2336 2423 2467 2474 tum
2516 2417 2665 2495 quia
2690 2418 2755 2477 111
2798 2419 2966 2497 justo
3006 2421 3239 2498 judicio
3269 2423 3387 2483 hoc

1818 2505 2017 2582 ipsum
2060 2507 2223 2567 licet.
2270 2507 2731 2571 Observandum
2767 2519 3001 2588 tamen,
3040 2513 3105 2574 in
3148 2513 3260 2576 hae
3291 2534 3386 2576 sa·

1819 2599 2164 2659 tisfactione
2214 2602 2631 2678 computanda
2684 2621 2808 2664 esse
2864 2605 3074 2664 omnia
3130 2606 3381 2682 damna,

1819 2709 1958 2770 quae
2002 2691 2139 2752 talis
2185 2693 2528 2771 respublica
2575 2694 2639 2754 in
2693 2696 2971 2757 discursu
3013 2697 3157 2758 belli
3210 2717 3386 2778 passa

1817 2793 1931 2858 est,
1982 2785 2043 2843 id
2089 2792 2200 2858 est,
2256 2791 2481 2846 mortes
2511 2786 2864 2864 hominum,
2908 2789 3217 2865 incendia,
3258 2800 3379 2854 etc.

1816 2879 1949 2938 Non
1996 2877 2277 2956 displicet
2316 2885 2531 2940 tamen
2586 2881 2788 2958 primo
2830 2881 2996 2960 quod
3046 2883 3381 2960 Sylvester,

1815 2970 2004 3031 verbo
2032 2969 2295 3046 Bellum,
2350 2974 2409 3046 1,
2456 2989 2517 3050 q.
2564 2973 2627 3047 9,
2669 2978 2730 3032 ct
2772 2973 3062 3048 Victoria,
3115 2977 3183 3036 in
3222 2977 3385 3038 dicta

1815 3063 2166 3137 relectione,
2220 3083 2395 3124 num.
2455 3067 2557 3140 20,
2607 3067 2876 3142 addunt,
2913 3067 3077 3128 bona
3134 3070 3386 3131 mobilia

1816 3163 1994 3234 capta
2033 3174 2069 3216 a
2114 3155 2415 3216 militibus
2472 3156 2538 3216 in
2571 3157 2854 3218 discursu
2885 3157 3029 3218 belli
3076 3179 3201 3220 11011
3255 3179 3385 3222 esse

1819 3247 2296 3328 computandae.
2334 3249 2606 3328 principe
2654 3250 2720 3309 in
2768 3258 3005 3329 partem
3052 3253 3387 3314 restitutio-

1817 3344 1952 3419 nis;
1991 3361 2135 3403 nam
2168 3344 2265 3421 jus
2288 3343 2569 3422 gentium
2594 3348 2908 3405 communi
2937 3350 3383 3411 consuetudine

1817 3437 2239 3496 introductum
2270 3438 2355 3496 ita
2380 3433 2589 3498 habet.
2624 3437 2698 3498 Et
2728 3439 2884 3498 ratio
2914 3445 3030 3513 est,
3065 3441 3211 3519 quia
3239 3461 3381 3502 cum

1820 3530 2047 3590 milites
2072 3537 2383 3610 exponant
2413 3531 2606 3590 vitam
2636 3537 2726 3592 tot
2753 3550 2825 3591 ac
2863 3535 3046 3592 tantis
3078 3535 3382 3611 periculis,

1819 3622 2053 3700 aliquid
2084 3628 2178 3682 est
2204 3621 2324 3682 illis
2352 3622 2837 3696 concedendum,
2874 3631 3058 3704 atque
3092 3626 3256 3685 idem
3293 3636 3383 3688 est

1819 3713 1895 3776 de
1925 3732 2139 3775 eorum
2181 3714 2481 3795 principe.
2528 3715 2833 3790 Secundo,
2862 3724 2952 3777 est
2993 3723 3120 3777 tam
3152 3719 3214 3779 111
3244 3718 3381 3794 hac,

1819 3825 2009 3886 quam
2065 3808 2131 3868 in
2189 3807 2557 3886 praecedenti
2616 3809 3007 3870 conclusione
3058 3811 3387 3872 observan-

1818 3901 1993 3974 dum,
2021 3918 2155 3960 non
2187 3899 2367 3961 licere
2397 3899 2698 3961 militibus
2721 3905 2969 3982 propria
3001 3905 3385 3981 auctoritate,

1817 3993 1914 4054 vel
1940 4001 2103 4072 post,
2152 3993 2252 4054 vel
2282 3995 2469 4054 etiam
2500 4001 2643 4056 ante
2670 4003 2911 4074 partam
2942 3998 3260 4060 victoriam
3291 4019 3389 4060 ca-

1818 4105 1985 4166 pere,
2013 4091 2159 4164 quia
2192 4105 2319 4147 11011
2365 4106 2472 4165 per
2512 4107 2576 4147 se
2615 4087 2847 4148 habent
2898 4089 3091 4150 ullam
3126 4098 3389 4171 potesta-

1819 4188 1969 4257 tem,
2000 4181 2105 4240 sed
2136 4179 2335 4241 solum
2363 4200 2401 4242 a
2440 4181 2739 4261 principe,
2770 4189 3069 4262 tanquam
3111 4188 3245 4265 ejus
3272 4189 3394 4248 mi-

1823 4273 2050 4346 nistr-03
2094 4281 2157 4333 et
2176 4273 2313 4334 ideo
2342 4274 2571 4352 absque
2606 4275 2774 4335 illius
2808 4276 2908 4337 vel
2946 4297 3255 4358 expressa,
3290 4282 3385 4341 vel

1820 4374 2197 4448 praesumpta
2248 4369 2612 4429 auctoritate
2638 4415 2659 4444 ,
2720 4369 2880 4430 1111111
2933 4379 3184 4450 possunt
3223 4375 3386 4453 juste

1821 4460 2111 4540 accipere.
2144 4461 2373 4535 Tertio,
2406 4479 2483 4521 ex
2511 4459 2628 4521 hac
2660 4462 3051 4524 conclusione
3096 4465 3380 4542 habetur,

1819 4555 1872 4613 si
1911 4554 2121 4614 omnia
2153 4554 2561 4633 praecedentia
2597 4555 2825 4614 damna
2878 4575 3003 4617 11011
3056 4559 3385 4621 videantur

1822 4647 2190 4707 sufficientia
2227 4665 2336 4727 pro
2379 4646 2589 4706 delicti
2617 4649 2941 4724 gravitate,
2978 4667 3151 4728 posse
3195 4655 3382 4713 etiam

1819 4742 1984 4819 juste
2008 4747 2141 4820 post
2167 4742 2422 4801 omnino
2456 4740 2703 4800 finitum
2750 4740 2983 4802 bellum
3013 4743 3250 4823 aliquos
3284 4765 3386 4808 oc-

1824 4835 1945 4894 cidi
1990 4835 2194 4894 hostes
2241 4840 2549 4904 nocenteS,
2585 4835 2869 4913 quamvis
2916 4853 3141 4916 magna
3190 4839 3387 4901 1101111-

1819 4945 1974 4988 1111111
2021 4927 2353 4988 multitudo
2405 4944 2531 4986 11011
2582 4933 2740 4986 esset
2774 4929 2906 4988 sine
2952 4932 3385 5007 urgentissima

1821 5039 2003 5082 causa
2054 5021 2517 5094 interficienda;
2566 5019 2878 5080 interdum
2924 5040 3167 5102 quoque
3200 5027 3386 5089 licere

1824 5120 2024 5194 potest
2053 5115 2132 5174 ad
2156 5121 2455 5175 terrorem
2486 5113 2774 5184 aliorum,
2812 5121 2882 5174 ut
2910 5113 3173 5176 habetur
3200 5121 3388 5181 etiam

1824 5225 1901 5268 ex
1927 5208 2172 5268 Denter.
2204 5211 2285 5268 20
2313 5227 2327 5271 :
2365 5205 2517 5270 Cum
2554 5205 2876 5268 tradiderit
2897 5209 3195 5272 Dominus
3223 5211 3387 5275 Deus

1823 5305 1963 5362 tuus
2010 5301 2316 5363 civitatem
2351 5300 2419 5359 in
2446 5317 2632 5359 mauu
2673 5305 2821 5374 tua,
2856 5301 3151 5376 percuties
3197 5321 3385 5378 omne,

1823 5395 1983 5474 quod
2006 5395 2071 5455 iu
2090 5411 2160 5454 ca
2186 5399 2294 5468 est,
2324 5393 2561 5474 ymerii*
2578 5391 2925 5465 masculini,
2958 5393 3026 5453 iu
3053 5412 3150 5455 ore
3166 5397 3315 5477 qlod
3337 5398 3385 5471 i,

1826 5487 2039 5568 absque
2072 5486 2417 5550 mulieribus
2438 5491 2489 5546 et
2519 5483 2873 5564 infantibus,
2898 5491 3011 5546 etc.
3053 5487 3225 5548 Unde
3245 5509 3389 5550 con·

2996 5594 3073 5652 48
