3900 6217
663 506 764 567 24.
812 502 1046 577 Quarta
1063 499 1364 582 probatio.
1393 530 1476 545 —
1513 498 1742 573 Quarto
1780 498 2145 579 principali-

583 606 700 670 ter,
758 594 1044 676 quamvis
1089 593 1453 673 simpliciter
1481 610 1610 654 non
1641 593 1833 671 possit
1866 593 2005 653 baec
2036 610 2143 653 ve-

583 694 736 753 ritas
790 690 1030 751 ratione
1073 685 1508 761 demonstrari,
1547 687 1697 765 quia
1733 692 1825 749 est
1867 685 2145 765 quodam

581 783 940 866 particulari
968 781 1196 842 Christi
1226 779 1472 841 Domini
1499 780 1662 840 facto
1689 786 1752 840 et
1779 778 2101 839 voluntate
2120 822 2141 851 ‚

583 884 880 949 attamen,
914 873 1241 954 suppositis
1267 892 1407 953 quae
1438 873 1731 948 diximuS,
1783 870 1920 933 fieri
1950 877 2150 952 potest

583 970 838 1034 evidens
882 968 1049 1029 illius
1113 967 1507 1045 conJectura3
1557 964 1938 1027 ostendimus
1978 965 2149 1025 enim

584 1062 924 1145 oportuisse
992 1060 1250 1121 institui
1286 1077 1325 1120 a
1379 1060 1624 1122 Christo
1683 1058 1948 1119 Domino
1972 1103 1993 1136 ,
2039 1054 2149 1137 qui

583 1161 720 1237 post
783 1152 1205 1215 ascensionem
1259 1154 1395 1232 ejus
1438 1152 1565 1213 dux
1615 1158 1796 1227 esset,
1834 1150 2149 1230 totiusque

583 1249 868 1311 Ecclesiae
915 1251 1135 1325 caput;
1159 1246 1319 1307 ’fieri
1370 1249 1582 1308 autem
1625 1263 1754 1307 non
1806 1245 2016 1325 potuit
2076 1248 2152 1304 ut

583 1345 858 1406 Christus
887 1343 1186 1405 Dominus
1224 1341 1734 1423 ipsisduodecim
1780 1358 1918 1402 eam
1947 1340 2152 1420 digni·-

475 1440 480 1445 ’
582 1445 774 1499 tatem
811 1437 1070 1499 omnino
1099 1435 1421 1515 aequaliter
1445 1434 1833 1505 concederet,
1869 1451 2019 1494 nam
2050 1433 2150 1495 vel

583 1550 796 1593 omnes
823 1532 911 1591 ita
939 1530 1111 1591 illam
1141 1530 1504 1609 reciperent,
1535 1536 1606 1588 ut
1645 1527 1713 1587 in
1759 1544 1975 1588 corum
2017 1544 2150 1587 suc-

584 1625 923 1685 cessoribus
951 1629 1246 1703 perpetuo
1283 1623 1556 1697 duraret,
1598 1620 1762 1701 quod
1813 1626 1907 1681 est
1970 1620 2152 1700 plane

585 1717 922 1779 absurdum
951 1737 967 1789 ς
1000 1717 1087 1777 sic
1115 1716 1284 1777 enim
1312 1715 1656 1789 duodecim,
1691 1720 1762 1775 ut
1791 1714 2149 1787 minimum,

585 1820 789 1874 essent
831 1812 1040 1891 capita
1081 1810 1383 1884 Ecclesiae,
1413 1828 1522 1871 seu
1563 1809 1768 1889 potius
1819 1812 1910 1869 tot
1951 1807 2154 1887 capita

585 1911 737 1985 quot
793 1904 1077 1984 Episcopi
1116 1948 1135 1980 ‚
1193 1903 1355 1981 quod
1419 1900 1840 1963 incredibilem
1905 1906 2154 1980 pareret

586 1997 1051 2074 confusionem3
1085 1996 1184 2057 vel
1211 1996 1424 2057 nullus
1453 1997 1539 2055 ita
1562 1995 1866 2075 reciperet
1893 2012 2031 2055 eam
2057 1994 2150 2054 di-

587 2092 917 2170 gnitatem,
964 2091 1129 2151 utin
1171 2108 1246 2151 ea
1275 2094 1432 2150 essct
1482 2089 1778 2148 successio
1789 2102 1810 2163 3
1839 2085 1957 2147 hoc
2002 2104 2149 2159 vero

585 2192 794 2264 aperte
850 2184 996 2245 facit
1041 2190 1257 2245 contra
1317 2180 1598 2242 debitam
1647 2180 2103 2240 institutionem
2127 2226 2145 2253 ,

585 2278 761 2356 eujus
787 2278 938 2338 ordo
978 2276 1395 2338 hierarchicas
1415 2274 1820 2353 debitumque
1868 2274 2149 2351 regimen

585 2378 883 2451 perpetuo
908 2368 1327 2432 conservanda
1352 2372 1550 2440 erant,
1591 2368 1748 2427 sicut
1775 2372 1838 2428 et
1868 2366 2002 2446 ipsa
2030 2367 2150 2427 Ec·-

585 2464 809 2539 clesia3
851 2482 1001 2543 ergo
1039 2462 1314 2543 oportuit
1357 2478 1496 2521 eam
1525 2460 1892 2537 dignitatem
1923 2460 2011 2520 ita
2038 2458 2149 2520 uni

586 2558 768 2631 tradi,
812 2557 1003 2617 utini
1036 2555 1484 2627 succederetur,
1519 2559 1582 2614 et
1609 2572 1735 2613 non
1777 2552 1934 2615 aliis.
1974 2552 2149 2626 Quod

585 2651 636 2711 si
668 2652 778 2711 uni
805 2668 880 2712 ex
911 2650 1234 2711 duodecim
1277 2649 1393 2709 hoc
1420 2648 1634 2722 datum
1659 2653 1784 2721 est,
1819 2646 2027 2707 nullus
2053 2648 2150 2707 in-

583 2742 892 2805 fieiabitur
931 2745 1181 2804 Petrum
1217 2742 1428 2815 fnisse,
1470 2740 1800 2820 suppositis
1828 2745 1958 2800 tam
1985 2739 2153 2800 mul-

585 2838 667 2897 tis
703 2838 838 2915 ejus
878 2834 1220 2915 privilegiis
1265 2852 1404 2913 quse
1449 2834 1891 2894 recensuimus.
1935 2831 2150 2893 Simile

584 2935 1022 3008 argumentum
1071 2933 1188 3002 est,
1235 2926 1423 3005 quod,
1455 2926 1599 2986 licet
1631 2943 1846 2988 omnes
1871 2924 2149 3004 Apostoli

584 3023 652 3083 in
673 3024 1030 3084 universum
1051 3020 1264 3081 orbem
1286 3025 1651 3099 potestatem
1680 3020 2043 3098 receperint,
2078 3023 2151 3078 ut

585 3114 740 3191 dixi,
785 3121 1058 3176 attamen
1107 3114 1240 3194 ipsa
1278 3114 1438 3174 ratio
1478 3113 1738 3187 ordiniS,
1769 3112 2029 3172 unitatis
2076 3130 2149 3172 ac

584 3208 872 3288 perfectoe
917 3207 1440 3285 congregationis,
1467 3205 1822 3285 postulabat
1863 3210 1936 3265 ut
1989 3222 2151 3265 unus

591 3320 809 3363 eorum
865 3306 1022 3363 esset
1065 3299 1369 3379 superior,
1433 3304 1495 3360 et
1556 3298 1847 3378 praelatus
1898 3303 2151 3358 caetero-

583 3412 761 3468 rum;
835 3412 984 3455 nam
1079 3392 1411 3454 multitudo
1486 3392 1620 3453 sine
1692 3391 1909 3452 ordine
1988 3390 2150 3470 parit

583 3488 1032 3561 confusionem,
1067 3503 1256 3569 quam
1305 3484 1612 3547 rationem
1659 3483 1986 3564 perpendit
2030 3484 2147 3563 Cy-

583 3581 860 3660 prianuS,
890 3579 1002 3640 lib.
1035 3579 1111 3641 de
1151 3578 1402 3641 Unitate
1434 3576 1743 3655 Ecclesiae,
1776 3583 1838 3637 et
1887 3576 2147 3655 epistola

583 3672 663 3734 ad
696 3671 983 3748 Jubaian,
1015 3678 1078 3733 et
1117 3688 1278 3751 saepe
1322 3671 1508 3748 alias3
1537 3672 1977 3745 NazianzenuS,
2008 3688 2146 3732 ora-

583 3768 754 3827 tione
805 3767 875 3827 21
937 3764 1014 3827 de
1057 3764 1356 3826 Modestia
1401 3765 1468 3825 in
1519 3764 1677 3845 disp.
1733 3762 2088 3826 adhibenda
2119 3778 2142 3842 3

583 3859 890 3940 Epiphan.
906 3903 927 3934 ,
978 3856 1198 3919 hoeres.
1235 3860 1307 3919 51
1345 3873 1364 3934 3
1417 3866 1860 3938 proptereaque
1920 3863 2146 3919 vocant

587 3954 838 4015 Petrum
881 3953 1104 4013 ducem
1149 3951 1596 4031 discipulorum
1621 3968 1642 4031 3
1679 3957 1743 4013 et
1779 3952 1847 4012 D.
1879 3952 2147 4013 Thomas

583 4052 646 4110 2.
689 4050 751 4122 2,
797 4066 858 4126 q.
912 4048 1017 4122 33,
1069 4051 1186 4107 art.
1244 4048 1306 4118 4,
1366 4044 1446 4107 ad
1497 4048 1561 4120 4,
1617 4044 1830 4106 scribit
1888 4045 2146 4105 Paulum

589 4139 907 4201 subditum
957 4138 1144 4201 fuisse
1189 4138 1392 4215 Petro,
1443 4137 1610 4219 quod
1652 4140 1840 4201 etiam
1881 4138 2152 4200 affirmat

595 4233 982 4313 Augustinus
1052 4232 1312 4311 epistola
1386 4234 1486 4309 19,
1543 4238 1605 4293 et
1664 4232 1742 4293 ad
1795 4232 1967 4294 hunc
2014 4250 2149 4295 mo-

583 4327 736 4388 dum
783 4328 1124 4407 loquuntur
1167 4326 1451 4388 Clemens
1475 4326 1542 4403 1,
1590 4332 1650 4389 et
1685 4326 1792 4388 alii
1823 4326 2142 4389 Pontifices

585 4440 772 4501 supra
811 4420 1012 4497 relati,
1060 4420 1137 4483 de
1181 4421 1470 4482 omnibus
1511 4420 1819 4503 Apostolis
1861 4426 2144 4503 respectu

581 4515 765 4577 Petri.

665 4608 766 4670 25.
811 4606 1051 4687 Duplam
1111 4604 1432 4670 minantia
1477 4607 1656 4671 Petri
1700 4608 1862 4671 inter
1899 4606 2149 4691 Aposto-

583 4701 697 4763 los.
724 4732 807 4747 —
831 4698 1099 4763 Additum
1139 4700 1324 4763 tertia
1358 4703 1417 4762 et
1447 4700 1985 4782 explicatum—Ex
2010 4702 2150 4782 qui-

587 4794 704 4854 bus
747 4792 1116 4871 intelligitur
1159 4792 1409 4853 Petrum
1451 4793 1688 4873 duplici
1737 4795 1918 4857 titulo
1970 4814 2147 4875 supe-

583 4904 752 4947 rasse
793 4886 1096 4963 dignitate
1143 4900 1206 4946 et
1249 4892 1550 4965 potestate
1595 4894 1844 4949 caeteros
1890 4890 2149 4968 Aposto-

586 4978 696 5040 los.
733 4979 962 5054 Primo,
994 4978 1142 5057 quia
1183 4978 1316 5039 haec
1353 4978 1626 5057 dignitas
1663 4978 1785 5041 fuit
1828 4981 1894 5041 in
1935 4999 2031 5053 e0,
2072 4988 2143 5043 ut

584 5070 653 5131 in
696 5076 935 5151 pastore
963 5071 1278 5131 ordinario
1306 5073 1497 5131 totius
1524 5072 1834 5148 Ecclesiae,
1865 5074 1967 5134 cui
2010 5092 2142 5135 sue-

583 5164 928 5225 cedendum
969 5170 1132 5236 erat,
1181 5170 1252 5223 ut
1307 5164 1508 5225 adhuc
1563 5166 1828 5245 amplius
1875 5168 2143 5228 sectione

585 5257 866 5335 sequenti
899 5256 1255 5318 ostendetur
1268 5273 1290 5333 3
1322 5259 1388 5318 in
1416 5258 1554 5319 aliis
1581 5276 1726 5320 vero
1753 5262 2012 5336 nonita,
2038 5260 2140 5321 scd

585 5366 800 5409 eorum
855 5355 1124 5429 potestas
1177 5350 1635 5429 quodammodo
1684 5351 1967 5429 delegata
2014 5358 2147 5413 erat

579 5447 643 5503 et
671 5460 746 5504 ex
775 5442 1122 5523 privilegiO.
1161 5445 1480 5506 Secundo:
1516 5446 1660 5525 quia
1693 5446 2004 5524 juridictio
2037 5448 2149 5509 Pe-

579 5535 664 5595 tri
707 5554 770 5597 sc
824 5535 1195 5597 extendebat
1231 5537 1306 5599 ad
1350 5538 1513 5618 ipsas
1563 5556 1853 5618 personas
1889 5539 2147 5619 Aposto-

1660 401 1901 455 nlsrU‘r.
1929 400 1993 454 X.
2030 400 2110 453 DE
2144 398 2355 453 Smt)
2386 400 2725 457 pommus.

2228 501 2437 563 lorum
2478 502 2707 564 directe
2735 516 2755 579 3
2785 500 3087 562 nimirum
3136 504 3377 581 poterat
3416 500 3543 561 illis
3579 498 3783 580 proeci-

2227 612 2395 674 pere,
2440 600 2625 675 atque
2670 595 2793 655 huc
2840 593 2938 656 vel
2983 594 3130 655 illuc
3178 592 3447 655 mittere.
3489 593 3785 653 Addimus

2226 687 2409 748 tertio
2450 688 2527 749 ad
2556 690 2809 749 Petrum
2852 693 3153 767 spectasse
3180 704 3395 747 curam
3427 686 3785 748 universalis

2228 779 2511 843 Ecclesiae
2548 781 2721 860 quasi
2752 799 2862 860 per
2888 798 2953 842 se
2972 780 3198 861 primo,
3228 780 3387 841 hanc
3414 781 3585 841 enim
3612 797 3785 857 opor-

2230 874 2354 935 tuit
2393 875 2462 935 in
2506 892 2637 935 uno
2670 874 2935 935 inveniri
2963 897 2980 950 ;
3014 892 3157 935 cum
3183 880 3395 934 tamen
3436 874 3515 934 ad
3544 880 3787 933 caeteros

2228 973 2359 1029 tam
2396 967 2761 1029 universalis
2790 972 3054 1048 potestas
3089 984 3219 1028 non
3259 968 3381 1028 nisi
3430 965 3787 1029 secundario

2229 1068 2385 1124 esset
2434 1061 2827 1125 demandata.
2882 1062 3239 1125 Declaratur
3263 1108 3284 1139 ,
3324 1080 3474 1124 nam
3534 1062 3786 1141 singulis

2228 1156 2537 1237 Apostolis
2576 1156 2722 1217 data
2750 1162 2844 1219 est
2869 1162 3045 1217 tanta
3072 1160 3341 1236 potestas
3368 1158 3439 1217 in
3462 1154 3635 1216 hunc
3660 1173 3789 1215 sen-

2231 1268 2394 1326 sum,
2434 1256 2504 1311 ut
2531 1248 2763 1329 ubique
2808 1250 3089 1330 gentium
3140 1256 3387 1330 possent
3433 1250 3789 1330 praedicare,

2230 1343 2550 1406 absolvere
2571 1390 2591 1420 ,
2624 1343 2951 1425 Episcopus
2988 1344 3311 1405 instituere
3336 1389 3357 1420 ,
3405 1349 3468 1404 et
3520 1342 3787 1419 simili-13

2231 1455 2359 1498 non
2405 1443 2617 1500 tamen
2680 1443 2751 1497 ut
2804 1442 3054 1517 possent
3092 1436 3323 1514 singuli
3382 1434 3793 1497 universalem

2232 1531 2513 1593 Ecclesiae
2595 1530 2879 1591 ordinem
2954 1528 3349 1610 praescribere
3376 1574 3399 1605 ,
3461 1534 3572 1591 aut
3629 1528 3793 1607 leges

2232 1625 2493 1686 condere
2519 1669 2538 1700 ,
2598 1641 2739 1704 quse
2788 1630 2981 1683 totam
3050 1621 3396 1701 obligarent
3443 1638 3464 1700 3
3524 1640 3795 1700 namque

2234 1718 2287 1778 si
2341 1718 2459 1778 hoe
2511 1722 2759 1797 possent
2788 1714 3041 1795 singuli,
3087 1732 3319 1793 magna
3360 1714 3639 1777 confusio
3676 1714 3798 1775 ori·

2232 1817 2427 1873 retur.
2482 1810 2868 1890 Quapropter
2935 1810 3004 1870 in
3060 1808 3178 1869 hoc
3238 1810 3428 1870 etiam
3478 1809 3649 1870 Petri
3690 1827 3798 1887 po-

2230 1910 2421 1966 testas
2473 1922 2657 1983 super
2710 1903 2863 1963 alios
2910 1902 3243 1963 eminebat.
3281 1904 3371 1963 Ex
3416 1920 3541 1980 qua
3597 1900 3799 1961 excel-

2231 1998 2427 2059 lentia
2455 1996 2747 2078 pleraque
2776 1995 3100 2070 resultant,
3134 2014 3270 2075 quse
3316 1995 3393 2056 de
3426 1996 3607 2056 Petro
3648 1994 3803 2073 legi-

2232 2109 2395 2165 muS,
2424 2107 2685 2169 quaeque
2721 2089 2800 2149 ad
2848 2088 3011 2150 lianc
3060 2094 3339 2168 spectant
3390 2088 3796 2167 dignitatem.

2230 2183 2577 2265 cujusmodi
2616 2190 2707 2245 est
2730 2182 2961 2244 librum
2990 2182 3355 2262 approbare,
3382 2182 3802 2261 Ecclesiaeque

2229 2294 2571 2361 proponere
2614 2290 2913 2356 tanquam
2956 2276 3345 2351 canonicum,
3376 2282 3447 2335 ut
3493 2274 3571 2336 de
3600 2276 3802 2335 Evan-

2230 2371 2392 2450 gelio
2424 2370 2612 2433 Marci
2657 2376 2837 2430 notat
2880 2368 3299 2430 Tertullianus
3323 2414 3343 2443 ,
3388 2368 3497 2429 lib.
3548 2372 3587 2429 4
3628 2374 3798 2429 cont.

2232 2464 2523 2525 Marcion.
2547 2510 2567 2541 ,
2626 2471 2689 2524 et
2758 2481 2836 2524 ex
2878 2461 3191 2524 Clemente
3216 2507 3236 2538 ,
3313 2463 3475 2541 Papa
3520 2462 3807 2523 referunt

2230 2556 2480 2632 Euseb.,
2510 2556 2619 2618 lib.
2642 2558 2703 2630 2,
2727 2574 2860 2635 cap.
2896 2554 3323 2633 153Nieepl1.‚
3356 2552 3465 2615 lib.
3498 2557 3560 2629 5,
3594 2556 3803 2633 capite

2236 2652 2313 2711 18
2340 2667 2359 2727 ;
2389 2668 2511 2729 quo
2541 2650 2729 2711 etiam
2756 2654 2988 2729 spectat
3019 2647 3283 2708 voluisse
3314 2645 3571 2707 Paulum
3602 2648 3807 2707 Evan-

2230 2743 2463 2823 gelium
2507 2760 2689 2803 suum
2732 2760 2871 2803 cum
2916 2742 3097 2804 Petro
3134 2740 3437 2816 conferre,
3466 2756 3543 2803 m
3586 2740 3659 2801 in
3696 2758 3807 2801 va-

2232 2854 2411 2898 cuum
2460 2832 2847 2909 oum-risset,
2879 2840 3132 2915 propter
3172 2834 3605 2895 auctoritatem
3636 2832 3807 2893 scili·

2228 2936 2326 2989 cet
2366 2930 2549 3002 Petri,
2580 2928 2781 3007 inquit
2830 2926 3273 3007 Hieronymus,
3304 2926 3494 2986 citata
3538 2925 3805 3005 epistola

2228 3022 2308 3082 ad
2338 3022 2778 3101 Augustinum,
2808 3026 2872 3081 et
2906 3018 3321 3081 Tertullianus
3346 3036 3556 3099 supra.
3593 3022 3801 3099 Atque

2228 3114 2359 3175 haec
2386 3114 2699 3175 sufficiunt
2738 3113 2807 3173 in
2840 3112 3032 3192 hujus
3068 3112 3343 3174 veritatis
3384 3110 3797 3173 confirmatio-

2230 3226 2374 3270 nem
2400 3225 2421 3286 3
2467 3208 2675 3269 Patres
2706 3208 2877 3269 enim
2904 3207 3114 3287 plures
3142 3224 3268 3267 non
3296 3211 3540 3285 oportet
3564 3206 3793 3266 iterum

2232 3303 2536 3364 adducere
2563 3347 2583 3377 ,
2635 3320 2780 3362 cum
2822 3299 3184 3381 explicando
3236 3300 3570 3380 Scripturas
3628 3300 3797 3361 testi-

2228 3396 2441 3457 monia
2460 3396 2605 3457 satis
2626 3394 2854 3455 multos
2878 3393 3293 3469 retulerimuS,
3318 3392 3476 3455 etin
3502 3394 3805 3472 sequenti

2230 3488 2500 3550 sectione
2535 3488 2721 3549 latius
2756 3486 2946 3564 hujus
2974 3486 3066 3547 rei
3098 3492 3463 3565 perpetuam
3512 3486 3808 3547 traditio-

2238 3598 2384 3643 nem
2413 3580 2764 3643 afferemus.

2304 3675 2405 3735 26.
2465 3674 2687 3737 Prima
2744 3674 3164 3737 lucretiam-um
3218 3672 3481 3753 objectio.
3540 3704 3629 3717 —
3688 3672 3813 3736 Se-

2226 3766 2441 3829 cunda.
2466 3800 2544 3812 ——
2570 3766 2803 3830 Tertia.
2835 3797 2918 3812 -
2952 3766 3178 3828 Contra
3218 3766 3377 3828 hanc
3406 3782 3596 3846 porro
3636 3766 3815 3827 veri-

2224 3864 2415 3921 tatem
2454 3866 2653 3942 potest
2678 3859 2864 3938 objici
2892 3860 3097 3941 primo
3127 3863 3174 3937 ¹,
3200 3860 3345 3941 quia
3376 3860 3677 3921 Actorum
3702 3878 3813 3921 oe-

2226 3959 2391 4029 tavo,
2428 3954 2643 4015 Petrus
2679 3952 2868 4014 simul
2920 3972 3063 4015 cum
3120 3956 3358 4016 Joanne
3414 3956 3693 4016 mittitur
3724 3954 3815 4016 ab

2229 4046 2367 4106 aliis
2410 4044 2715 4125 Apostolis
2764 4046 3132 4123 Samariam,
3184 4046 3349 4126 quod
3394 4053 3488 4109 est
3544 4048 3817 4125 signum

2230 4138 2547 4217 cujusdam
2585 4140 2974 4218 (equalitatis.
3004 4140 3314 4223 Secundo,
3357 4158 3487 4221 cap.
3542 4141 3653 4217 10,
3700 4140 3821 4201 Ja-

2234 4231 2423 4294 cobus
2464 4232 2531 4293 in
2566 4233 2839 4294 Concilio
2886 4232 3103 4295 definit
3152 4240 3213 4294 et
3250 4234 3384 4313 ejus
3422 4236 3821 4295 sententiam

2231 4326 2339 4387 alii
2365 4332 2733 4405 sequuntur.
2788 4327 3021 4401 TertiO,
3060 4326 3139 4389 ad
3172 4326 3305 4388 Gal.
3338 4329 3401 4402 2,
3435 4316 3667 4388 Paulus
3699 4348 3823 4389 re·-

2228 4420 2556 4501 prehendit
2585 4421 2861 4498 Petrum,
2904 4421 3230 4483 ostendens
3272 4440 3337 4483 se
3384 4422 3823 4503 superiorem,

2229 4513 2327 4576 vel
2351 4520 2513 4576 certe
2540 4513 2867 4593 aequalem,
2905 4519 2970 4576 et
2994 4516 3033 4576 2
3060 4516 3137 4576 ad
3166 4514 3443 4577 Corinth.
3473 4520 3571 4592 11,
3628 4516 3715 4577 ad
3748 4534 3827 4578 se

2227 4607 2535 4687 pertinere
2571 4606 2721 4669 dicit
2746 4606 3011 4672 omnium
3035 4608 3457 4673 Ecclesiam
3489 4610 3829 4673 sollicitu-

2228 4702 2447 4765 dinem.
2482 4703 2735 4780 Quart0,
2765 4702 3067 4781 Clemens,
3103 4706 3132 4764 1
3166 4704 3446 4785 epistola,
3485 4712 3677 4765 vocat
3704 4706 3827 4767 Ja-

2226 4794 2451 4855 cobum
2480 4796 2923 4875 Episcoporum
2951 4798 3323 4878 Episcopum
3344 4844 3365 4874 ,
3398 4816 3681 4879 eumque
3711 4818 3825 4861 re-
3852 4810 3854 4821 ¹

2226 4906 2371 4967 gere
2390 4888 2747 4950 universam
2768 4890 3099 4951 Ecclesiam
3119 4890 3509 4973 pronunciat.
3538 4892 3819 4969 Deinde,

2224 4980 2300 5042 ad
2326 4982 2861 5044 exterminandam
2901 4984 3063 5045 Petri
3097 4984 3488 5063 dignitatem,
3514 4985 3852 5047 recolunt.

2224 5072 2497 5136 haeretiei
2544 5076 2725 5156 plura
2774 5077 2969 5158 ipsius
3020 5084 3298 5159 pecc-ata,
3343 5078 3573 5158 partim
3626 5098 3852 5178 vera,¹

2227 5169 2450 5247 partim
2499 5168 2581 5230 ab
2631 5169 2781 5249 ipsis
2836 5171 3026 5251 impie
3084 5172 3347 5233 conficta
3384 5194 3403 5248 3
3462 5170 3827 5233 observant

2226 5261 2415 5321 etiam
2454 5262 2619 5341 quod
2646 5264 2713 5323 in
2749 5264 3019 5345 antiquis
3050 5265 3428 5345 imaginibus
3459 5264 3701 5327 Paulus
3734 5266 3831 5329 ad

2226 5352 2507 5415 dextram
2539 5357 2699 5445 Petri
2729 5356 3129 5437 depingatur,
3158 5366 3221 5420 et
3250 5358 3480 5420 similia
3502 5376 3653 5447 quae
3680 5378 3850 5427 non.

2316 5546 2331 5582 ¹
2380 5544 2536 5607 Vide
2561 5544 2625 5607 in
2656 5546 2897 5609 Defens.
2928 5548 3095 5626 fidei,
3126 5547 3169 5611 l.
3196 5552 3259 5627 3,
3292 5568 3343 5611 c.
3373 5552 3471 5626 11,
3500 5566 3567 5611 ιι.
3611 5552 3725 5613 17.
