3900 6217
680 407 851 461 SECT.
888 409 949 460 11.
982 405 1275 470 Quomono
1308 407 1487 460 rint-:s
1517 403 1911 459 TnssoLoch
1940 403 2249 459 nil-“mnu
2284 408 2323 458 Α
2355 405 2498 459 Fini:
2529 403 2779 468 chami,
2815 403 2951 456 Ere.
3300 393 3422 458 223

204 513 499 570 numerat
512 513 584 568 ut
606 508 837 586 gratias
856 507 1171 570 distinctas
1188 507 1377 569 fidem
1393 514 1457 569 et
1468 507 1774 589 operatio·
1851 508 2044 586 gratis
2073 505 2238 582 data,
2270 524 2458 586 quam
2483 507 2796 586 pertinens
2819 505 2901 566 ad
2929 503 3162 566 auxilia
3202 506 3421 584 gratia!

206 620 353 662 nem
374 602 857 664 miraculorum:
882 600 999 661 sub
1034 601 1392 680 operatione
1419 607 1631 663 autem
1662 600 1777 661 mi·
1854 608 2102 678 gratum
2123 601 2423 676 facientis,
2453 601 2602 682 quia
2619 619 2730 680 per
2752 619 2816 661 se
2835 617 2962 661 non
2989 598 3314 660 ordinatur
3342 599 3422 662 ad

204 695 561 758 raculorum
600 695 1209 775 comprehenduntur
1256 695 1470 756 omnia
1510 713 1647 775 quae
1696 693 1775 756 nd
1854 695 2188 756 utilitatem
2217 695 2508 772 aliorum,
2537 695 2642 755 sed
2669 695 2865 773 ipsius
2893 692 3265 772 recipientia.
3297 692 3422 754 Un-

206 789 583 869 patrandum
622 788 992 850 miraculum
1020 800 1167 848 sunt
1204 789 1565 850 necessaria.
1608 789 1777 848 Inter
1856 787 1931 848 de
1967 788 2122 849 nulli
2165 807 2293 850 sese
2337 787 2688 868 disponenti
2729 791 2996 866 negatur
3021 785 3163 847 talis
3198 786 3420 866 gratia.

202 881 341 944 haec
370 888 583 942 autem
610 899 806 942 unum
836 886 930 944 est
948 883 1099 962 fides
1138 882 1575 946 miraculorum
1589 909 1615 956 ,·
1647 899 1776 942 non
1940 884 1998 944 3.
2046 883 2257 947 Tertia
2297 881 2514 963 opinio.
2553 915 2636 930 -
2675 883 2881 944 Tertia
2925 883 3233 942 sententia
3275 879 3426 941 dicit

208 993 363 1054 ergo
390 975 463 1036 in
490 975 659 1036 idem
694 975 1056 1036 coincidunt
1082 974 1283 1036 ambae
1320 975 1495 1036 fides.
1528 975 1639 1036 Cui
1668 974 1777 1035 ob·
1849 979 2028 1059 fidem
2059 970 2324 1056 gratiam
2353 975 2546 1056 gratis
2569 975 2804 1052 datam,
2827 975 3155 1036 consistere
3178 975 3244 1035 in
3275 991 3426 1052 quo·

202 1069 463 1146 Jectioni
504 1067 1005 1147 respondendum
1036 1074 1128 1129 est
1165 1085 1242 1129 ex
1274 1071 1485 1128 mente
1530 1067 1778 1128 illorum

206 1162 489 1237 Pati-um,
523 1161 921 1242 operationem
942 1162 1263 1235 virtutum,
1284 1179 1411 1222 non
1430 1161 1781 1240 significare

204 1255 375 1335 apud
404 1254 671 1316 Paulum
719 1254 1077 1316 facultatem
1116 1253 1426 1316 efficiendi
1470 1271 1783 1334 quaecum-

204 1366 331 1427 que
350 1347 680 1423 miracula,
698 1347 805 1410 sed
822 1347 1171 1428 specialiter
1186 1353 1556 1428 potestatem
1576 1365 1648 1408 ex
1654 1345 1783 1426 pel-

204 1439 373 1502 lendi
394 1439 709 1504 daemones
723 1457 745 1519 5
761 1441 945 1520 juxta
956 1459 1145 1521 quam
1166 1441 1617 1522 expositionem
1642 1459 1785 1520 gra-

202 1534 306 1596 tiae
335 1535 535 1613 gratis
589 1534 747 1596 datae
776 1535 845 1596 in
896 1534 1065 1595 hunc
1102 1534 1359 1595 modum
1390 1541 1538 1596 sunt
1566 1551 1783 1597 omnes

204 1627 593 1706 explicanda
616 1633 679 1690 et
696 1627 1239 1690 accommodandae
1250 1643 1270 1704 3
1289 1645 1435 1688 nam
1454 1645 1671 1690 omnes
1680 1647 1785 1690 re-

206 1719 495 1782 feruntur
516 1719 597 1782 ad
620 1719 769 1810 ijdei
794 1718 1132 1782 utilitatem
1165 1736 1183 1780 ε
1216 1720 1372 1782 fides
1404 1728 1613 1782 autem
1640 1739 1785 1783 con·

210 1813 367 1874 sistit
394 1815 467 1874 in
488 1815 871 1894 cognitione,
902 1813 1251 1894 explicatur
1278 1831 1607 1894 sermone3
1638 1834 1785 1878 cou-

208 1907 497 1970 firmatur
534 1917 677 1972 tum
717 1928 1029 1985 sermone,
1068 1916 1207 1971 tum
1255 1913 1638 1992 operatione.
1695 1914 1787 1973 Ex

210 2019 437 2064 novem
470 2021 625 2084 ergo
656 2005 870 2084 gratiis
898 2005 1261 2081 numeratiS,
1284 2012 1413 2067 tres
1442 2007 1519 2067 ad
1552 2005 1784 2086 periec-

210 2097 447 2158 tionem
472 2099 847 2177 cognitionis
864 2103 1162 2178 spectant,
1188 2099 1488 2160 nimirum
1516 2099 1783 2180 prophe-

209 2191 319 2264 tia,
360 2192 665 2254 discretio
710 2193 1048 2272 spirituum
1079 2199 1142 2253 et
1189 2193 1618 2274 inteipretatio
1658 2213 1785 2256 ser-

212 2301 497 2346 monum.
530 2286 931 2347 Locutionem
962 2285 1287 2366 perficiunt
1312 2294 1437 2348 tres
1480 2288 1641 2365 aliae,
1691 2289 1787 2348 ni·

212 2380 445 2441 mirum
476 2379 717 2440 donum
738 2379 1123 2458 linguarum,
1150 2397 1354 2442 sermo
1388 2383 1685 2458 scientiae,
1716 2388 1781 2443 et

208 2473 555 2551 sapientiae.
599 2472 969 2552 Operatione
1023 2473 1289 2556 denique
1318 2474 1691 2536 confirmant
1718 2473 1793 2537 fi-

208 2566 343 2626 dem
403 2572 535 2627 tres
588 2566 726 2626 alim
788 2567 1031 2644 gratie,
1076 2567 1343 2644 scilicet,
1394 2567 1549 2630 fides
1606 2570 1793 2630 mira-

210 2662 495 2722 culorum
514 2703 537 2736 ,
582 2661 861 2740 operatio
902 2662 1209 2722 virtutum
1254 2669 1319 2723 et
1372 2664 1576 2743 gratia
1626 2663 1790 2725 saui-

216 2759 437 2816 tatnm.
496 2754 660 2816 Nam
724 2753 867 2814 licet
906 2753 1039 2815 haec
1095 2753 1221 2816 duo
1270 2756 1603 2818 videantur
1662 2775 1797 2820 esse

222 2847 505 2927 quaedam
550 2847 787 2926 species
828 2846 1299 2926 miraculorum,
1335 2856 1398 2912 et
1426 2851 1647 2912 saltem
1696 2869 1795 2913 ra·

228 2945 393 3002 tione
432 2940 691 3001 formali
736 2958 866 3000 non
912 2939 1227 3016 differant,
1280 2949 1555 3006 attamen
1610 2963 1796 3025 pecu-

236 3032 463 3095 liariter
512 3039 936 3094 numerantur
982 3041 1045 3095 et
1091 3035 1585 3115 distinguuntur,
1648 3039 1797 3118 quia

226 3124 607 3204 singularem
634 3126 972 3205 quamdam
1000 3126 1129 3188 vim
1164 3127 1397 3190 habent
1422 3129 1502 3190 ad
1542 3147 1797 3191 moven-

220 3217 323 3280 dos
348 3217 669 3293 homines,
698 3224 761 3280 et
781 3219 861 3280 ad
889 3219 1249 3282 afficiendas
1274 3239 1491 3283 eorum
1510 3223 1796 3284 volunta·

218 3317 325 3385 tes,
350 3313 511 3390 qnia
536 3329 675 3372 non
700 3309 903 3372 solum
932 3319 1083 3374 sunt
1108 3313 1435 3391 miracula,
1470 3315 1576 3377 sed
1604 3317 1797 3377 etiam

218 3402 549 3480 beneficia,
598 3410 667 3468 ut
710 3405 782 3466 D.
834 3405 1104 3467 Thomas
1132 3405 1340 3468 docuit
1378 3409 1441 3469 2.
1470 3410 1535 3483 2,
1572 3414 1791 3488 quaest.

226 3499 359 3570 178,
394 3503 521 3560 art.
559 3501 622 3573 1,
642 3497 723 3560 ad
750 3499 791 3558 4
817 3519 837 3574 ;
878 3515 1019 3577 quae
1042 3505 1176 3562 tota
1204 3501 1507 3580 expositio
1535 3509 1627 3562 est
1652 3519 1795 3582 pro·

224 3589 443 3652 habilis
500 3595 759 3670 propter
792 3594 1231 3654 auctoritatem
1276 3599 1632 3655 sanctorum
1674 3595 1793 3656 Pa-

228 3689 436 3760 trnm;
470 3683 581 3744 sed
600 3683 762 3746 forte
788 3685 1175 3749 commodius
1202 3690 1471 3768 operatio
1492 3689 1793 3752 virtutum

230 3777 393 3838 idem
417 3777 612 3853 valet,
634 3778 797 3858 quod
830 3777 1064 3842 effectio
1086 3781 1555 3854 miraculorum,
1582 3783 1795 3862 sicque

233 3871 369 3948 fides
394 3872 835 3935 miraculorum
866 3873 979 3934 sub
1006 3873 1125 3936 hac
1155 3876 1357 3954 gratia
1392 3877 1797 3956 comprehen-

240 3965 407 4025 detur
436 3985 453 4024 τ
486 3966 643 4045 fides
679 3971 913 4042 autem,
958 3970 1169 4051 qratia
1211 3968 1413 4051 qratia
1454 3971 1621 4046 data,
1680 3968 1795 4032 ali-

240 4059 378 4138 quid
400 4058 574 4120 aliud
601 4077 731 4120 esse
759 4077 837 4120 ex
862 4061 1140 4122 dicendis
1171 4061 1499 4124 constabit.

314 4155 369 4214 2.
398 4151 683 4216 Secunda
712 4153 1189 4236 opima—Non
1221 4155 1439 4236 placet.
1462 4192 1542 4202 —
1563 4157 1796 4220 Secun-

242 4245 315 4307 da
342 4248 541 4325 igitur
582 4248 889 4308 sententia
913 4247 1065 4310 dicit
1102 4247 1267 4310 hanc
1293 4249 1483 4312 fidem
1530 4253 1797 4330 gratiam

242 4340 423 4416 gratis
477 4340 693 4402 datam
746 4359 877 4403 eme
926 4343 1342 4405 constantiam
1402 4346 1738 4424 quamdam
1768 4392 1789 4422 ‚

240 4450 371 4512 (με
390 4434 624 4494 virtute
648 4433 915 4514 Spiritus
956 4436 1165 4497 Sancti
1188 4435 1373 4499 datur
1397 4437 1639 4498 homini
1666 4457 1795 4501 non

240 4526 433 4588 solum
464 4526 545 4588 ad
573 4528 975 4605 credendum,
1010 4529 1117 4590 sed
1158 4530 1347 4592 etiam
1393 4531 1473 4591 ad
1500 4529 1800 4593 confiten-

234 4618 381 4680 dum
406 4619 623 4696 fidem,
649 4620 883 4699 absque
902 4621 1125 4682 timore
1152 4627 1216 4683 et
1240 4623 1499 4703 pudore,
1530 4631 1603 4686 ut
1628 4625 1799 4686 vidc-

232 4729 371 4772 mus
400 4713 617 4774 datam
638 4729 773 4774 esse
800 4715 1203 4794 marim-ihm,
1244 4717 1558 4796 praecipue
1588 4718 1798 4798 pueris

230 4814 293 4867 et
308 4807 585 4868 reminis.
622 4806 715 4868 lta
746 4814 1068 4888 exponunt
1094 4809 1455 4873 Ambrosius
1482 4818 1545 4873 et
1584 4812 1801 4874 Ansel-

226 4917 393 4976 mus,
436 4907 505 4962 et
544 4899 714 4964 Glos.
760 4906 789 4963 1
834 4901 915 4962 ad
961 4901 1099 4964 Cor.
1161 4905 1274 4981 12;
1329 4909 1394 4964 et
1440 4905 1797 4984 Caietanus‚

223 4994 391 5056 dicta
417 5001 640 5076 quast.
676 4997 816 5073 178,
846 5002 965 5058 art.
998 5000 1057 5059 1.
1103 4996 1251 5071 Quae
1294 5000 1601 5060 sententia
1639 4999 1799 5062 mihi

224 5105 355 5150 non
394 5089 549 5150 satis
594 5089 916 5169 probatur,
946 5089 1097 5169 quia
1132 5090 1277 5158 licat
1309 5091 1442 5153 haec
1486 5092 1567 5152 sit
1596 5093 1799 5171 gratia

226 5181 495 5260 Spiritus
532 5184 770 5258 Sancti,
802 5199 931 5243 non
974 5189 1102 5244 tam
1147 5183 1227 5244 ad
1266 5183 1457 5246 fidem
1496 5203 1685 5265 quam
1717 5187 1798 5248 ad

224 5275 665 5338 fortitudinem
720 5283 991 5368 spectat!
1012 5284 1079 5340 et
1102 5296 1233 5341 non
1276 5285 1409 5342 tam
1460 5285 1553 5342 est
1596 5281 1799 5359 gratia

226 5557 271 5616 3
308 5467 327 5502 ⁸
348 5461 621 5526 Consule
686 5465 877 5526 etiam
936 5464 1167 5547 disput.
1232 5467 1335 5543 20,
1387 5469 1539 5530 tom.
1599 5468 1638 5527 2
1657 5509 1679 5543 ‚
1732 5467 1801 5529 in

288 5563 457 5635 part.

1859 1071 2005 1131 dam
2035 1070 2219 1132 modo
2244 1069 2542 1152 peculiari
2571 1069 2984 1150 cognoscendi
3003 1087 3100 1130 res
3129 1069 3206 1129 ad
3237 1067 3424 1130 tidem

1861 1163 2240 1226 catholicam
2290 1166 2690 1246 pertinentes.
2747 1165 2838 1225 lta
2888 1163 3068 1224 divus
3115 1161 3424 1238 Thomas,

1865 1262 1893 1319 1
1945 1258 2221 1320 Corinth.
2273 1261 2374 1334 12,
2427 1270 2490 1320 et
2537 1262 2597 1320 1.
2645 1259 2711 1332 2,
2755 1261 2973 1337 quaest.
3018 1259 3160 1330 111,
3203 1261 3321 1318 art.
3362 1256 3424 1315 4.

1863 1352 2097 1426 Quibus
2121 1359 2333 1414 tamen
2365 1353 2431 1413 in
2457 1351 2608 1413 locis
2636 1350 2838 1412 solum
2856 1350 2946 1411 ait
2973 1348 3144 1410 hunc
3171 1348 3432 1410 modum

1865 1462 1994 1506 esse
2043 1444 2449 1507 excellentem
2513 1443 2850 1526 quamdam
2903 1441 3049 1504 fidei
3113 1441 3430 1504 certitudi·

1864 1555 2011 1598 nem
2035 1553 2056 1616 ;
2114 1538 2336 1600 melius
2397 1556 2548 1616 ergo
2619 1535 2992 1616 inteliigitur
3061 1535 3227 1615 quod
3283 1533 3432 1595 scri-

1864 1632 1960 1694 bit
1985 1635 2045 1694 2.
2078 1633 2140 1700 2.
2173 1638 2392 1713 quaest.
2435 1634 2500 1706 4,
2531 1637 2647 1694 art.
2691 1633 2755 1706 5,
2793 1631 2870 1692 ad
2923 1631 2984 1706 4,
3033 1629 3222 1692 fidem
3269 1627 3433 1690 hanc

1866 1743 1996 1787 esse
2023 1741 2348 1789 sermonem
2371 1727 2515 1806 fidei
2532 1749 2558 1798 ;
2591 1726 2736 1805 quia
2779 1722 3073 1803 praedicta
3109 1721 3219 1783 illa
3251 1722 3435 1782 certi-

1864 1817 2016 1880 tudo
2044 1836 2171 1880 uon
2211 1825 2341 1880 tam
2388 1819 2637 1898 proprie
2675 1815 2945 1880 refertur
2977 1816 3056 1878 ad
3097 1815 3433 1876 utilitatem

1866 1912 2158 1989 aliorum,
2185 1920 2259 1975 ut
2293 1929 2490 1976 sermo
2512 1913 2677 1992 fidei.

1944 2009 2003 2068 4.
2039 2005 2400 2090 Exponitur
2449 2007 2574 2070 Izoec
2611 2005 2816 2088 opinio
2846 2023 2918 2070 oa
2959 2005 3041 2068 D.
3077 2003 3326 2070 monta.
3355 2033 3438 2049 ——

1864 2099 2084 2164 Altera
2123 2101 2452 2181 explicatio
2475 2117 2550 2163 aa
2587 2099 2667 2162 D.
2722 2099 2970 2164 Pluma.
2997 2133 3078 2144 -
3105 2099 3199 2160 Ad
3241 2096 3436 2176 expli·

1865 2195 2138 2256 candum
2168 2201 2378 2254 autem
2399 2191 2551 2273 quid
2578 2194 2657 2254 sit
2686 2209 2878 2257 sermo
2897 2189 3060 2276 fidei,
3085 2207 3436 2271 supponen-

1866 2290 2017 2351 dum
2047 2293 2138 2350 est
2159 2305 2238 2350 ex
2269 2289 2336 2349 D.
2363 2287 2602 2348 Thoma
2623 2305 2832 2367 supra,
2865 2293 2926 2348 et
2955 2287 2993 2347 3
3011 2305 3075 2366 p.
3085 2331 3104 2362 ,
3135 2289 3351 2365 quaest.
3375 2285 3440 2358 7,

1870 2388 1991 2445 art.
2027 2384 2088 2458 7,
2114 2381 2194 2443 ad
2231 2381 2532 2463 primum,
2573 2381 2802 2460 gratias
2831 2379 3023 2458 gratis
3054 2379 3230 2440 datas
3280 2376 3444 2439 ordi-

1870 2478 2010 2538 nari
2049 2473 2129 2535 ad
2157 2484 2330 2537 actus
2357 2474 2698 2536 exteriores
2733 2471 2878 2534 fidei
2919 2471 3446 2545 manifestativos;

1871 2571 2019 2649 quia
2049 2585 2190 2629 cum
2217 2567 2568 2630 referantur
2593 2566 2673 2628 ad
2701 2565 3039 2628 utilitatem
3067 2565 3357 2638 aliorum,
3388 2569 3453 2624 et

1870 2662 2108 2724 utilitas
2149 2661 2282 2724 haec
2325 2680 2454 2722 non
2507 2661 2699 2742 possit
2743 2660 3070 2740 provenire
3111 2658 3273 2734 aliis,
3328 2657 3450 2718 nisi

1876 2777 1989 2838 per
2033 2763 2206 2819 actus
2245 2762 2563 2830 externos,
2620 2753 2762 2816 ideo
2803 2753 2882 2814 ad
2941 2753 3052 2814 hos
3103 2751 3448 2826 ordinatur,

1870 2855 2054 2932 juxta
2080 2850 2236 2912 illud
2269 2867 2287 2912 ε
2333 2849 2666 2930 Unicuique
2683 2849 2867 2912 datur
2891 2845 3302 2924 manifestatio
3331 2843 3456 2926 spi-

1876 2943 2040 3008 ritus
2083 2945 2166 3006 ad
2205 2943 2564 3006 utilitatem.
2599 2941 2680 3003 Ut
2713 2947 2947 3002 ·autem
2997 2939 3223 3020 aliquis
3265 2938 3454 3018 possit

1876 3037 2228 3100 doctrinam
2253 3036 2400 3098 fidei
2433 3034 2828 3097 convenienti
2866 3033 3051 3096 modo
3075 3032 3212 3094 aliis
3233 3047 3456 3113 propo-

1876 3149 2050 3208 nere,
2107 3131 2203 3193 his
2241 3129 2442 3192 tribus
2476 3129 2692 3210 gratiis
2729 3127 3120 3210 potissimum
3164 3125 3447 3205 juvatur,

1877 3225 2025 3286 fidei
2053 3243 2367 3301 sermone,
2397 3223 2669 3296 scientiae
2699 3230 2758 3280 rt
2791 3221 3150 3302 sapientiae3
3188 3235 3299 3300 per
3324 3218 3452 3299 pri·

1877 3335 2073 3394 mam,
2104 3319 2287 3380 datur
2323 3316 2568 3379 homini
2599 3323 2669 3376 ut
2709 3325 2841 3377 tem
2887 3314 3176 3376 distincte
3223 3318 3288 3374 et
3313 3329 3452 3392 per-

1875 3413 2032 3474 fecte
2051 3411 2361 3491 intelligat
2379 3417 2442 3473 et
2461 3409 2886 3492 apprehendat
2906 3427 3005 3471 res
3024 3407 3193 3486 fidei,
3220 3413 3293 3467 ut
3311 3423 3450 3488 pos-

1874 3507 1956 3567 sit
1986 3523 2089 3566 eas
2117 3505 2271 3566 alios
2297 3504 2556 3581 docere,
2590 3503 2954 3584 simpliciter
2981 3507 3192 3564 tamen
3225 3505 3288 3562 et
3315 3499 3449 3561 sine

1874 3605 2102 3660 ornatu
2157 3599 2430 3659 scientiae
2479 3603 2542 3659 et
2588 3598 2905 3678 sapientias
2921 3610 2942 3674 ;
2975 3602 3160 3674 atque
3201 3593 3319 3655 hoc
3355 3598 3450 3654 est

1873 3691 2200 3774 proprium
2219 3689 2494 3752 officium
2508 3689 2652 3771 fidei
2661 3687 2886 3772 ,qratia
2901 3689 3102 3772 qratia
3121 3687 3301 3752 datae.
3323 3686 3450 3748 Un-

1874 3787 1951 3847 de
1983 3785 2342 3864 experimur
2366 3783 2686 3845 iuterdum
2711 3782 2779 3844 in
2808 3781 3176 3863 quibusdam
3213 3779 3452 3862 simpli·

1876 3879 2050 3940 cibus
2091 3877 2474 3954 hominibus,
2507 3874 2730 3938 melius
2756 3893 2928 3958 posse
2971 3874 3110 3937 illos
3135 3873 3447 3956 explicare

1878 3972 2180 4053 mysteria
2230 3970 2400 4048 fidei,
2467 3987 2657 4052 quam
2706 3969 2940 4050 possint
2984 3967 3094 4030 alii
3142 3969 3448 4048 sapientes

1876 4065 2209 4145 Theologi;
2245 4064 2413 4145 quod
2439 4063 2617 4125 credo
2643 4061 2970 4144 provenire
2994 4063 3235 4124 ratione
3260 4060 3445 4141 huJus

1878 4159 2116 4239 gratiae.
2147 4155 2451 4235 Secundo,
2485 4156 2670 4217 datur
2697 4155 2937 4217 homini
2979 4161 3050 4216 ut
3079 4173 3206 4216 non
3237 4153 3442 4216 solum

1878 4254 2073 4336 possit
2101 4252 2247 4314 fidei
2285 4250 2634 4314 doctrinam
2677 4265 3023 4332 proponere
3060 4246 3442 4330 simpliciter,

1877 4349 1985 4412 sed
2015 4347 2206 4409 etiam
2237 4363 2315 4408 ex
2355 4345 2466 4406 illa
2509 4344 2736 4406 multas
2764 4344 3056 4406 veritates
3099 4341 3447 4405 reconditas

1877 4443 2102 4507 elicere
2146 4443 2209 4502 et
2239 4437 2608 4528 persuadere
2617 4457 2637 4515 3
2669 4442 2734 4498 et
2773 4436 2892 4499 hoc
2920 4436 3189 4518 pertinet
3213 4435 3293 4497 ad
3319 4451 3448 4497 ser·

1879 4551 2134 4599 monem
2161 4533 2508 4613 sapientiae3
2535 4549 2607 4592 ac
2633 4535 2930 4612 praeterea
2961 4546 3139 4611 posse
3166 4547 3278 4610 per
3303 4545 3448 4590 cau·

1879 4648 1978 4692 sas
2007 4627 2104 4690 vel
2141 4627 2388 4688 altiores
2427 4626 2720 4701 rationes,
2758 4623 2972 4685 divina
3009 4622 3305 4704 mysteria
3344 4637 3449 4682 ex-

1878 4722 2131 4805 plicare.
2150 4719 2244 4782 Ad
2267 4735 2616 4781 sermonem
2637 4724 2847 4780 autem
2864 4717 3136 4780 scientiae
3155 4717 3445 4797 pertinet,

1878 4813 2227 4878 rationibus
2252 4811 2643 4874 naturalibus
2670 4811 2772 4873 vel
2799 4809 3102 4890 exemplis
3125 4809 3316 4872 fidem
3348 4827 3452 4871 ex·

1879 4908 2137 4990 plicare,
2165 4912 2228 4969 et
2254 4924 2395 4987 quae
2423 4910 2639 4967 contra
2661 4904 3040 4984 objiciuntur
3061 4903 3322 4966 solvero.
3360 4904 3451 4963 lta

1879 5001 2150 5083 explicat
2177 5006 2379 5062 totum
2406 4998 2526 5060 hoc
2565 4999 2640 5060 D.
2685 4999 2956 5060 Thomas
3000 5001 3057 5061 1.
3091 4997 3153 5073 2,
3196 5016 3256 5076 q.
3303 4997 3446 5071 111,

1878 5100 1994 5156 art.
2028 5095 2093 5171 4,
2133 5093 2201 5155 in
2225 5109 2501 5173 corpore,
2530 5098 2594 5154 et
2621 5091 2698 5154 ad
2721 5093 2785 5169 4,
2809 5092 3008 5154 citans
3026 5090 3181 5153 illud
3205 5093 3449 5169 Augus·

1876 5187 2019 5263 tini,
2071 5189 2150 5248 14
2189 5187 2266 5249 de
2319 5187 2574 5262 Trinit.‚
2621 5203 2756 5265 cap.
2804 5189 2833 5246 1
2876 5185 3122 5247 :Aliud
3168 5189 3261 5248 est
3292 5183 3449 5247 scire

1880 5282 2316 5355 tantummodo,
2364 5277 2512 5360 quid
2549 5279 2718 5341 lemno
2759 5279 2993 5341 credero
3037 5277 3259 5350 debeat,
3301 5293 3452 5360 pro-

1874 5381 2016 5456 ptor
2044 5373 2492 5455 adipiscendam
2531 5375 2722 5436 vitam
2763 5373 2994 5436 beatam
3007 5395 3034 5444 ;
3077 5370 3252 5433 aliud
3292 5371 3451 5435 scire

1882 5470 2374 5552 quomadmodum
2401 5468 2506 5530 hoo
2528 5469 2729 5548 ipsum
2759 5471 2818 5529 et
2851 5465 2980 5547 piis
3008 5463 3360 5546 opituletur,
3392 5471 3452 5528 et

1882 5569 2095 5627 contra
2135 5561 2352 5640 impios
2393 5560 2765 5637 defendatur.
2802 5561 2969 5620 luem
3017 5565 3228 5620 tamen
3267 5559 3448 5620 divus
