3900 6217
1136 399 1305 453 SECT.
1342 400 1423 453 111.
1462 400 1710 461 QUANDO
1744 398 2005 452 OBLIGET
2039 398 2158 451 HOC
2193 397 2596 451 PRAECEPTUM.

258 498 494 559 scribat
520 496 673 558 illud
702 503 967 576 tempus,
996 514 1195 576 neque
1236 496 1336 556 lex
1372 496 1589 557 divina
1618 496 1829 575 positi-

258 612 370 670 va,
402 612 543 654 cum
582 594 710 653 dies
747 593 888 653 festi
928 593 1053 653 sint
1098 592 1499 654 determinati
1535 592 1673 669 lege
1716 591 1829 651 hn-

260 704 453 747 mana
485 687 767 765 positiva,
798 703 936 766 quae
966 704 1075 765 per
1102 704 1163 745 se
1202 702 1327 745 non
1352 684 1725 746 determinat
1752 685 1829 745 de

262 780 505 841 actibus
532 779 945 856 interioribus,
975 780 1095 840 nisi
1121 785 1425 859 quatenus
1452 784 1599 839 sunt
1627 796 1830 840 neces·

266 872 417 932 sarii
446 872 521 932 ad
550 873 917 948 exteriores3
944 872 1154 932 omnia
1174 878 1381 933 autem
1404 890 1539 951 quae
1564 872 1835 933 exterius

264 963 677 1042 perficiuntur
702 963 917 1024 diebus
950 964 1140 1039 testie,
1173 964 1386 1045 perfici
1420 972 1675 1044 possunt
1702 965 1834 1025 sine

263 1056 389 1117 hoc
435 1063 577 1117 actu
623 1057 849 1117 amoris
892 1058 1020 1118 Dei.
1070 1059 1162 1118 Ita
1210 1058 1345 1118 Div.
1383 1058 1650 1118 Thomas
1674 1060 1736 1118 2.
1766 1060 1830 1133 2,

267 1158 489 1229 quaest.
534 1152 671 1226 100,
704 1156 817 1212 art.
852 1153 914 1226 4,
946 1149 1055 1211 ubi
1096 1152 1423 1230 Cajetanus
1452 1157 1511 1211 et
1539 1150 1645 1211 alii
1672 1166 1693 1227 ;
1728 1151 1835 1211 So·-

270 1250 399 1318 tuS,
426 1242 538 1303 lib.
580 1245 619 1303 2
658 1243 733 1303 de
765 1244 1051 1320 Justitia,
1083 1249 1299 1324 quaest.
1345 1246 1407 1320 4,
1454 1250 1573 1304 art.
1614 1246 1685 1321 43
1720 1244 1837 1303 Na-

266 1354 465 1413 varr„
503 1336 569 1396 in
596 1338 799 1412 Sum.,
844 1357 977 1418 cap.
1028 1341 1096 1400 11
1144 1344 1203 1399 et
1250 1340 1349 1400 13.
1400 1339 1701 1399 Praeterea
1730 1336 1836 1397 alii

268 1429 495 1489 docent
515 1428 789 1507 obligare
814 1432 877 1490 in
908 1431 1167 1491 articulo
1200 1431 1437 1495 mortis,
1476 1431 1542 1490 in
1572 1448 1695 1509 quo
1724 1446 1835 1509 per

270 1540 337 1581 se
394 1522 703 1601 loquendo
737 1523 983 1584 videtur
1034 1524 1307 1603 obligare
1322 1540 1341 1601 ;
1384 1530 1595 1585 tamen
1638 1528 1833 1583 totam
1868 1570 1879 1593 .

270 1614 717 1692 obligationem
746 1616 1001 1694 rejicere
1048 1618 1113 1677 in
1151 1617 1301 1677 illud
1340 1622 1615 1696 tempus,
1652 1615 1835 1694 plane

272 1715 584 1787 repugnat
610 1712 767 1770 tanti
800 1711 1094 1791 praecepti
1130 1712 1456 1789 dignitati;
1493 1710 1633 1791 plus
1668 1710 1837 1770 enim

270 1803 534 1881 requirit
577 1802 807 1863 divinae
839 1806 1127 1865 amicitiai
1156 1806 1314 1865 ratio
1331 1820 1351 1881 3
1386 1810 1523 1863 tum
1553 1804 1701 1883 quia
1744 1804 1835 1862 di-

266 1895 420 1954 vina
448 1902 751 1975 praecepta
778 1898 1003 1977 saepius
1044 1897 1325 1976 obligant
1341 1912 1362 1974 ;
1391 1902 1527 1957 tum
1556 1896 1701 1976 quia
1737 1895 1838 1956 hic

270 2004 449 2047 amor
475 1988 657 2049 debet
688 2005 816 2050 esse
857 1990 1075 2067 regula
1110 1997 1173 2050 et
1211 1990 1582 2069 principium
1630 2006 1837 2049 neces·

270 2081 507 2140 sarium
551 2081 907 2159 actionum3
940 2100 1089 2160 ergo
1118 2082 1538 2143 inordinatum
1566 2088 1659 2141 est
1694 2081 1839 2159 reji-

270 2190 412 2232 cere
442 2172 617 2233 illum
651 2173 717 2233 in
752 2174 943 2235 finem
992 2176 1157 2236 vitae.
1194 2174 1596 2251 (Consulatur
1624 2180 1839 2235 auctor

269 2265 435 2344 disp.
480 2267 557 2327 15
586 2265 662 2327 de
688 2268 890 2342 Poen.,
916 2273 1059 2328 sect.
1087 2270 1149 2343 6,
1182 2286 1219 2327 a
1240 2284 1413 2329 num.
1443 2269 1501 2330 3.
1531 2269 1549 2343 )

358 2360 418 2417 ⁶2.
470 2360 703 2433 Quarta
744 2363 1045 2425 sententia
1088 2380 1223 2426 cum
1268 2364 1401 2424 suis
1436 2362 1839 2439 modificatio·

268 2453 475 2513 nibus.
516 2488 594 2497 —
616 2453 761 2517 Non
776 2455 1003 2535 placet.
1032 2486 1115 2503 -
1138 2454 1405 2519 attritio
1444 2454 1746 2533 sufficiens
1769 2463 1842 2520 ut

271 2546 523 2609 adultus
553 2549 795 2610 accedat
822 2550 905 2611 ad
926 2550 1313 2629 baptismum,
1338 2549 1406 2611 de
1434 2565 1544 2629 quo
1572 2554 1836 2625 auctore,

269 2640 439 2718 disp.
464 2640 565 2714 28,
596 2642 665 2703 de
696 2640 907 2717 Sao-r„
938 2649 1080 2705 sect.
1114 2644 1173 2703 2.
1193 2643 1378 2705 —De
1401 2646 1655 2721 tempore
1676 2660 1841 2705 mar-

272 2733 438 2811 tyrii
474 2734 629 2795 idem
671 2738 902 2799 auctor.
934 2736 1094 2815 disp.
1127 2736 1207 2797 29
1244 2737 1313 2796 de
1343 2734 1659 2811 Sacram„
1689 2741 1831 2799 sect.

272 2827 343 2897 2,
380 2844 594 2909 paraq.
649 2827 852 2887 Potest
880 2834 1114 2889 tamen.
1139 2860 1221 2874 —
1243 2829 1517 2890 Tandem
1544 2827 1651 2889 alii
1692 2847 1839 2889 con-

270 2919 505 2979 cedunt
533 2920 804 2998 obligare
834 2922 901 2981 in
932 2922 1135 3001 primo
1175 2922 1431 2982 instanti
1470 2938 1617 2981 usus
1651 2922 1838 2982 ratio-

271 3013 398 3088 niS,
432 3023 641 3093 postea
674 3014 909 3075 veroin
944 3016 1313 3093 quibusdam
1344 3015 1687 3077 eventibus,
1712 3016 1839 3077 Pri-

271 3124 407 3179 mo,
444 3107 494 3166 si
534 3104 875 3185 baptismus
901 3108 981 3168 sit
1014 3109 1093 3169 ab
1139 3108 1350 3169 adulto
1389 3109 1832 3188 suscipiendus

276 3200 383 3261 Sic
427 3200 607 3260 Sotus
634 3246 651 3275 ‚
680 3200 839 3261 libro
877 3202 1083 3281 primo
1113 3202 1189 3262 de
1229 3203 1463 3263 Natura
1508 3207 1572 3262 et
1611 3202 1834 3279 gratia,

270 3292 477 3371 capite
524 3296 625 3368 22,
682 3300 745 3354 et
794 3294 953 3355 libro
1002 3296 1042 3355 2
1092 3296 1169 3356 de
1211 3295 1482 3371 Justitia,
1516 3302 1730 3373 quaest.
1774 3297 1834 3371 3,

272 3391 401 3444 art.
456 3388 551 3446 10.
606 3386 909 3462 Secundo,
960 3388 1012 3447 si
1068 3388 1425 3450 adeundum
1472 3388 1551 3448 sit
1604 3394 1837 3469 marty-

273 3478 471 3553 rium,
505 3479 601 3540 vel
632 3480 801 3540 aliud
831 3481 1101 3556 difficile,
1124 3489 1188 3543 et
1216 3482 1535 3560 egregium
1562 3500 1717 3561 opus
1744 3483 1838 3542 iu-

272 3572 666 3651 choandum3
696 3576 781 3635 sic
826 3576 1005 3636 Sotus
1033 3576 1284 3637 ibidem.
1326 3576 1553 3651 Tertio,
1591 3577 1838 3657 quando

274 3665 530 3744 aliquod
566 3668 809 3744 insigne
847 3668 1218 3729 beneficium
1256 3688 1294 3729 a
1322 3670 1443 3728 Deo
1466 3670 1795 3747 recipimus
1813 3692 1833 3746 ;

276 3761 367 3819 sic
394 3760 596 3835 SotuS,
630 3761 843 3821 eodem
888 3768 1001 3823 art.
1060 3766 1171 3839 103
1214 3768 1276 3824 et
1296 3762 1565 3837 Medma,
1598 3761 1757 3825 libro
1802 3768 1831 3825 1

278 3854 580 3929 Summae,
614 3873 669 3914 c.
705 3856 801 3915 14.
837 3856 1089 3930 Quart0,
1125 3875 1266 3917 cum
1310 3856 1719 3935 conspicimus
1742 3858 1837 3917 in-

268 3945 509 4024 juriam
538 3947 759 4008 honori
784 3947 992 4009 divino
1018 3948 1151 4009 fieri
1165 3994 1184 4024 ‚
1214 3955 1275 4010 et
1303 3966 1617 4029 possemus
1641 3951 1837 4030 impe·

274 4038 433 4099 (lire.
500 4040 591 4099 Ita
648 4041 827 4101 Sotus
852 4086 871 4116 ,
925 4042 1127 4102 citatis
1178 4042 1325 4103 locis
1350 4088 1369 4118 ,
1420 4048 1483 4103 et
1530 4042 1785 4103 Navarr.
1814 4092 1831 4118 ‚

278 4132 551 4209 Summ„
584 4152 717 4213 cap.
769 4137 866 4210 11,
898 4152 1073 4195 num.
1121 4140 1180 4197 1.
1214 4137 1520 4197 Caeterum
1550 4136 1683 4196 haec
1711 4155 1837 4198 non

272 4225 497 4305 placet,
544 4233 605 4287 et
648 4227 899 4305 quidem
929 4230 1200 4307 primum
1246 4229 1403 4289 illud
1454 4229 1529 4289 de
1584 4230 1836 4291 instanti

274 4337 428 4379 usus
456 4320 711 4380 rationis
740 4320 885 4380 satis
911 4322 1209 4399 rejectum
1240 4328 1331 4381 est
1360 4323 1425 4381 in
1458 4324 1517 4382 1.
1548 4324 1586 4383 2
1614 4328 1657 4384 ¹.
1682 4324 1837 4384 Rur-

280 4430 389 4473 sus
415 4412 649 4491 primus
690 4430 866 4473 casus
901 4432 1033 4473 non
1067 4422 1158 4475 est
1190 4434 1406 4490 verua,
1448 4416 1633 4476 etiam
1683 4418 1731 4477 si
1782 4418 1836 4476 is

278 4506 392 4585 qui
419 4508 653 4567 accedit
678 4507 756 4567 ad
789 4506 1185 4585 baptismum,
1224 4515 1411 4570 antea
1450 4527 1575 4570 non
1604 4509 1836 4571 habue-

273 4604 362 4664 rit
396 4604 851 4664 contritionem.
887 4604 1064 4665 Ratio
1106 4609 1220 4677 est,
1264 4622 1408 4665 nam
1470 4608 1573 4684 qui
1605 4606 1835 4665 accedit

264 4696 355 4756 ad
393 4696 765 4775 baptismum
799 4698 1001 4758 solum
1048 4702 1294 4758 tenetur
1330 4698 1415 4756 ita
1446 4714 1509 4756 se
1552 4697 1838 4777 dispone-

268 4806 371 4863 re,
408 4796 477 4848 ut
504 4790 692 4869 digne
720 4790 1008 4869 recipiat3
1038 4788 1156 4848 hoc
1188 4803 1395 4848 autem
1438 4788 1755 4868 praestabit
1784 4790 1837 4849 si

266 4882 658 4943 attritionem
686 4883 938 4957 habeat,
978 4888 1051 4942 ut
1082 4882 1227 4942 satis
1258 4888 1495 4942 constat
1542 4900 1616 4944 ex
1646 4889 1831 4944 mate-

264 4977 369 5036 ria
399 4974 473 5035 de
499 4976 827 5055 baptismo.
856 4977 1053 5055 Major
1077 4981 1311 5036 constat
1340 4994 1414 5035 ex
1446 4976 1723 5053 generali
1750 4975 1837 5037 le-

266 5086 356 5147 ge
386 5076 941 5145 sacramentorum3
972 5086 1172 5149 neque
1208 5071 1376 5129 enim
1406 5074 1496 5129 est
1523 5068 1646 5142 hic,
1670 5069 1835 5130 unde

266 5162 466 5221 aliam
522 5162 893 5243 peculiarem
967 5162 1407 5241 obligationem
1468 5161 1777 5238 fingamus
1812 5184 1830 5237 3

268 5255 444 5334 quod
485 5255 653 5316 enim
697 5256 786 5314 ait
832 5255 1035 5330 SotuS,
1072 5255 1354 5331 militem,
1383 5272 1525 5315 cum
1561 5255 1833 5333 primum

364 5446 379 5481 ¹
428 5444 629 5505 Tract.
656 5444 718 5519 5,
741 5442 895 5523 disp.
922 5446 986 5519 2,
1020 5448 1163 5505 sect.
1200 5444 1240 5505 8
1255 5459 1276 5521 3
1306 5448 1369 5505 et
1398 5442 1473 5505 de
1500 5444 1693 5526 Opere
1730 5462 1837 5507 sex

270 5538 543 5613 dierum,
574 5538 619 5600 l.
651 5540 713 5613 3,
741 5554 795 5598 c.
836 5539 930 5609 12,
956 5556 995 5599 a
1017 5554 1191 5599 num.
1234 5540 1331 5601 15.

3359 390 3477 453 667

1909 495 2148 556 militiae
2177 494 2524 571 ascribitur,
2555 495 2778 557 debere
2806 512 2870 557 se
2900 501 2963 556 et
2993 494 3205 556 omnia
3233 514 3344 556 sua
3373 515 3466 558 re-

1908 587 2069 649 ferre
2101 588 2168 647 in
2207 588 2577 667 principem,
2627 606 2848 668 parum
2890 593 3070 666 urget
3117 588 3195 648 ad
3231 594 3471 649 tantam

1910 681 2356 758 obligationem
2388 681 2798 742 inducendam
2832 700 2847 755 ;
2875 682 3020 741 satis
3047 683 3218 742 enim
3245 687 3337 741 est
3363 682 3474 742 ha-

1912 773 2058 834 bere
2105 776 2487 855 propositum
2560 774 2853 853 sequendi
2909 775 3194 835 militiam
3219 818 3238 849 ,
3283 781 3344 837 et
3397 792 3472 835 ea

1914 867 2243 946 praestandi
2273 868 2351 928 ad
2379 886 2516 946 quse
2542 868 2685 928 boni
2719 866 2946 929 milites
2968 872 3280 941 tenentur,
3305 868 3474 947 quod

1913 961 2196 1039 praestari
2259 966 2461 1039 potest
2509 962 2640 1021 sine
2696 960 2816 1021 hoc
2883 967 3026 1023 actu
3077 963 3326 1023 amoris.
3381 962 3475 1023 Ad

1914 1053 2050 1115 haec
2079 1052 2145 1113 in
2174 1054 2474 1134 martyrio
2503 1054 2660 1115 nihil
2689 1060 2779 1115 est
2807 1061 3069 1128 certum,
3089 1072 3236 1115 nam
3263 1056 3316 1115 si
3337 1056 3476 1134 quis

1913 1148 2044 1227 jam
2073 1146 2475 1227 probabiliter
2523 1148 2603 1208 sit
2647 1148 2712 1207 in
2755 1149 2977 1226 gratia,
3021 1148 3138 1208 erit
3179 1148 3474 1227 obligatio

1917 1242 2269 1301 communis
2332 1240 2520 1301 etiam
2593 1241 2670 1301 iis
2725 1240 2833 1320 qui
2889 1246 3034 1301 sunt
3094 1241 3160 1300 in
3213 1241 3475 1303 articulo

1916 1336 2158 1407 mortis;
2190 1335 2309 1395 nisi
2339 1352 2452 1414 per
2481 1333 2764 1394 accidens
2791 1334 3022 1413 aliquid
3051 1334 3218 1394 aliud
3249 1334 3328 1393 sit
3348 1352 3480 1395 ma-

1916 1428 2012 1506 gis
2049 1427 2458 1488 necessarium
2501 1433 2752 1507 propter
2783 1426 3206 1488 difficultatem
3253 1426 3472 1507 opem,

1914 1526 1988 1582 ut
2033 1522 2162 1600 jam
2209 1523 2448 1599 dicam3
2491 1522 2655 1601 quod
2689 1540 2832 1583 vero
2874 1522 3124 1582 additur
3163 1521 3240 1583 de
3293 1539 3478 1601 opere

1916 1616 2168 1695 egregio
2195 1615 2566 1690 inchoando,
2599 1616 2730 1677 sine
2767 1616 3174 1675 fundamento
3201 1615 3427 1676 dicitur
3452 1630 3473 1692 3

1918 1709 2068 1769 satis
2095 1709 2264 1769 enim
2305 1709 2424 1769 erit
2451 1726 2649 1783 orare,
2690 1708 2788 1769 vel
2823 1708 2972 1788 quid
3019 1709 3218 1769 simile
3245 1707 3471 1769 facere.

1915 1802 2158 1862 Tertius
2201 1820 2378 1862 casus
2405 1819 2531 1862 non
2561 1809 2652 1862 est
2697 1820 2901 1878 veruS,
2945 1803 3092 1882 quia
3129 1808 3266 1881 post
3311 1822 3477 1864 acce-

1916 1900 2094 1976 ptum
2141 1893 2509 1957 beneficium
2554 1897 2702 1957 satis
2731 1898 2849 1957 erit
2889 1898 3118 1975 gratias
3171 1914 3376 1975 agere,
3407 1902 3481 1958 ut

1917 1988 2251 2049 satisfaciat
2271 1996 2594 2070 praecepto,
2617 1996 2680 2051 et
2698 1989 2780 2051 ad
2797 1991 2913 2050 hoc
2944 2007 3070 2050 non
3093 1990 3298 2051 statim
3325 1990 3478 2050 obli·

1919 2089 2104 2161 gatur
2127 2082 2314 2143 homo
2345 2082 2458 2143 sub
2487 2084 2753 2145 mortali.
2779 2084 3044 2144 Ultimus
3072 2100 3247 2143 casus
3275 2101 3476 2162 neque

1918 2177 2038 2257 ipsi
2068 2176 2215 2237 Soto
2241 2176 2484 2237 videtur
2525 2176 2851 2252 sufficiens,
2883 2176 2989 2237 sed
3023 2175 3194 2237 addit
3218 2177 3472 2239 Navarr.

1920 2288 2129 2348 supra,
2171 2288 2347 2331 num.
2397 2272 2460 2344 9,
2505 2277 2655 2331 tunc
2697 2270 2973 2348 obligare
3022 2288 3298 2330 amorem
3341 2269 3468 2344 Dei,

1921 2363 2173 2441 quando
2201 2363 2436 2441 obligat
2461 2382 2640 2425 amor
2669 2365 2952 2443 proximi.
2992 2364 3107 2424 Sed
3138 2380 3338 2442 neque
3363 2362 3480 2423 hoc

1920 2474 2138 2516 verum
2173 2462 2285 2532 est,
2314 2457 2461 2535 quia
2505 2462 2705 2536 potest
2743 2465 2918 2518 actus
2948 2455 3178 2517 amoris
3213 2456 3480 2535 proximi

1921 2551 2192 2611 exerceri
2221 2550 2354 2611 sine
2380 2556 2519 2610 actu
2549 2552 2778 2611 amoris
2808 2551 2935 2611 Dei.

2003 2644 2062 2703 3.
2107 2645 2486 2707 Proenotatio
2506 2663 2617 2724 pro
2637 2662 2780 2707 vera
2805 2644 3119 2707 sententia.
3146 2674 3229 2689 -—
3265 2643 3481 2705 Prima

1918 2736 2236 2799 conclusio.
2253 2768 2336 2783 --
2355 2737 2660 2815 Obligatio
2680 2738 2872 2815 igitur
2905 2736 3200 2815 temporis
3220 2753 3332 2815 pro
3356 2754 3479 2815 quo

1918 2830 2154 2907 obligat
2177 2840 2545 2912 praeceptum
2565 2830 3030 2906 affirmativum,
3053 2831 3352 2909 assignari
3373 2848 3481 2911 po-

1918 2929 2036 2983 test
2063 2924 2164 2985 vel
2193 2942 2300 3003 per
2341 2944 2404 2985 se
2447 2924 2685 2986 ratione
2716 2925 3050 2986 honestatis
3078 2922 3176 2984 vel
3215 2924 3478 2985 necessi·

1916 3018 2064 3077 tatis
2083 3018 2274 3096 ipsius
2308 3020 2509 3098 operis
2541 3018 2863 3098 praecepti,
2901 3017 2998 3078 vel
3027 3024 3276 3097 propter
3301 3017 3470 3078 aliud

1918 3110 1998 3169 ad
2021 3110 2182 3189 quod
2207 3111 2515 3171 interdum
2533 3118 2624 3172 est
2645 3112 3078 3183 necessarium,
3111 3117 3182 3171 ut
3203 3128 3344 3171 cum
3364 3110 3475 3171 ho-

1920 3220 2022 3263 mo
2041 3203 2352 3282 obligatur
2373 3206 2450 3265 ad
2479 3205 2782 3266 orandum
2799 3211 3048 3285 propter
3071 3205 3478 3265 tentationem

1919 3304 2364 3360 occurrentem.
2421 3298 2568 3359 Dico
2601 3299 2792 3376 igitur
2827 3298 3060 3378 primo:
3099 3304 3350 3376 propter
3379 3316 3480 3358 oe—

1919 3395 2269 3450 currentem
2298 3393 2706 3452 extrinsecam
2748 3391 3198 3463 neeessitatem‚
3237 3390 3478 3450 duobus

1918 3482 2120 3542 modis
2141 3482 2402 3562 obligari
2424 3490 2626 3564 potest
2656 3484 2844 3544 homo
2868 3484 2946 3544 ad
2974 3483 3342 3544 eliciendum
3378 3500 3480 3543 ac-

1917 3578 2050 3635 tum
2077 3578 2304 3636 amoris
2334 3578 2439 3637 Dei
2463 3594 2647 3655 super
2671 3576 2916 3649 omnia;
2939 3576 3165 3655 primo,
3195 3576 3246 3636 si
3275 3592 3482 3636 neces-

1920 3686 1986 3729 se
2005 3668 2085 3729 sit
2113 3670 2544 3731 contritionem
2570 3670 2821 3745 habere,
2847 3672 2996 3731 utin
3028 3669 3289 3730 articulo
3317 3686 3480 3730 mor-

1916 3763 2033 3837 tis,
2076 3764 2382 3843 praecipue
2447 3764 2498 3823 si
2553 3764 2692 3843 quis
2739 3763 2990 3825 haberet
3039 3763 3478 3823 conscientiam

1918 3857 2147 3935 peccati
2179 3858 2473 3933 mortalis,
2501 3863 2563 3917 et
2596 3856 2778 3917 credo
2795 3856 3071 3935 obligare
3099 3855 3288 3917 etiam
3315 3857 3366 3915 si
3401 3855 3480 3915 sit

1918 3950 2094 4027 copia
2119 3950 2498 4022 confessoriS‚
2539 3956 2787 4029 propter
2817 3950 3249 4027 gravissimum
3291 3968 3480 4026 nego-

1916 4041 2101 4114 tium,
2125 4047 2186 4101 et
2207 4041 2546 4121 periculum
2578 4043 2790 4103 salutis
2821 4049 3092 4116 aeternae,
3119 4042 3183 4101 in
3218 4060 3342 4121 quo
3375 4060 3480 4102 ex·

1918 4133 2295 4195 cludendum
2325 4143 2418 4196 est
2441 4153 2626 4196 omne
2649 4136 2935 4211 dubium,
2969 4136 3170 4215 quoad
3209 4136 3344 4195 fieri
3373 4153 3478 4215 po-

1917 4230 2059 4303 test,
2090 4233 2160 4287 ut
2189 4227 2255 4287 in
2279 4229 2538 4289 materia
2565 4230 2641 4289 de
2662 4228 3023 4307 poenitentia
3043 4228 3268 4288 dicitur
3299 4233 3342 4288 ¹.
3375 4230 3480 4289 Se-

1918 4321 2143 4395 cundo,
2169 4322 2218 4381 si
2241 4322 2652 4382 necessarium
2675 4324 2754 4382 sit
2779 4323 3131 4382 ministrare
3153 4338 3232 4382 ex
3253 4322 3476 4398 offici0‚

1915 4412 2014 4475 vel
2043 4414 2314 4492 recipere
2341 4422 2818 4489 sacramentum,
2855 4433 2998 4475 eum
3028 4414 3134 4493 qui
3169 4415 3480 4474 couscien-

1912 4507 2068 4567 tiam
2100 4505 2287 4567 habet
2312 4508 2546 4585 peccati
2573 4506 2874 4582 mortalis,
2906 4514 2970 4568 et
2999 4526 3128 4568 non
3155 4506 3480 4568 confitetur

1916 4600 2017 4659 vel
2048 4602 2195 4679 quia
2241 4619 2368 4661 non
2419 4607 2640 4680 potest,
2683 4601 2783 4662 vel
2819 4602 2966 4680 quia
3007 4618 3134 4661 non
3169 4601 3321 4663 vult.
3355 4602 3478 4662 Alii

1916 4694 2158 4755 addunt
2181 4700 2424 4774 tempus
2443 4696 2822 4774 gravissimas
2847 4695 3226 4771 tentationis,
3257 4696 3476 4775 praeci-

1916 4806 2042 4867 pue
2091 4788 2142 4847 si
2177 4788 2312 4867 quis
2351 4788 2655 4866 judicaret
2697 4806 2828 4849 esse
2883 4788 3476 4868 opportunissimum

1915 4880 2286 4955 remedium,
2330 4886 2391 4941 et
2429 4882 2604 4959 quasi
2632 4882 3046 4941 necessarium
3077 4880 3374 4955 medium,
3411 4898 3477 4941 se

1916 4976 1996 5035 ad
2025 4975 2287 5054 gratiam
2317 4976 2662 5054 disponere,
2705 4976 2799 5036 vel
2839 4975 2918 5036 ad
2958 4991 3233 5036 amorem
3267 4973 3380 5036 Dei
3413 4992 3478 5034 se

1916 5070 2184 5129 excitare
2217 5069 2294 5128 ad
2333 5069 2698 5128 vincendam
2721 5069 3165 5142 tentationem;
3193 5068 3354 5145 quod
3385 5068 3480 5128 in—

1917 5162 2163 5221 terdum
2193 5162 2443 5222 fortasse
2475 5161 2784 5240 probabile
2813 5168 2923 5238 est,
2950 5179 3090 5222 raro
3117 5167 3322 5221 tamen
3350 5178 3478 5221 mo-

1916 5255 2128 5316 raliter
2173 5256 2415 5316 accidit.
2465 5256 2617 5315 Item
2660 5256 2779 5316 erit
2815 5256 2868 5315 si
2905 5260 3196 5315 occurant
3245 5254 3479 5315 similes

1916 5363 2110 5422 actus,
2137 5347 2204 5408 in
2223 5349 2445 5427 quibus
2473 5354 2719 5427 propter
2740 5350 3146 5411 extrinsecam
3171 5348 3478 5415 rationem

2002 5545 2020 5581 ¹
2065 5540 2233 5626 Disp.
2261 5544 2323 5619 5,
2352 5548 2498 5605 sect.
2531 5544 2593 5620 4,
2633 5560 2806 5605 num.
2841 5545 2938 5613 19.
