3900 6217
463 319 585 380 428

548 430 646 488 12.
694 423 797 488 Ad
829 425 1101 506 primam
1139 425 1658 502 confirmationem
1685 443 1759 488 em
1798 425 2020 499 Paido,

465 523 548 584 ad
589 520 764 584 Rom.
800 520 898 579 lO.
928 552 1008 566 —
1030 519 1254 582 Prima
1275 520 1589 600 expositio,
1619 552 1699 566 —
1725 520 1791 578 In
1821 521 2027 598 prima

465 613 932 674 confirmatione
973 611 1202 692 petitur
1243 611 1654 688 intelligentia
1695 611 2027 672 verborum

466 704 640 766 Pauli
695 705 772 765 ad
831 705 1140 765 Romanos
1181 703 1422 764 decimo
1463 722 1479 765 :
1531 705 1625 768 Et
1679 706 1914 785 quidem
1958 706 2027 766 in

465 815 686 860 omnem
720 801 946 859 terram
977 797 1169 860 exivit
1207 815 1388 860 sonus
1413 815 1638 870 eorum,
1669 815 1808 876 quae
1849 816 2025 856 usur-

467 898 575 970 pat
614 889 718 950 vel
746 889 973 967 allegat
1009 908 1086 952 ex
1127 890 1366 952 Psalmo
1409 891 1744 952 centesimo
1782 897 2022 966 octavo,

466 985 530 1046 in
552 1003 676 1064 quo
719 983 828 1045 illa
864 983 1054 1046 verba
1079 983 1156 1044 ad
1184 982 1458 1044 litteram
1486 983 1920 1062 intelliguntur
1949 983 2027 1044 de

466 1077 656 1151 coeliS,
693 1077 824 1156 qui,
879 1082 949 1137 ut
993 1076 1061 1136 in
1113 1077 1420 1156 principio
1467 1077 1746 1155 ejusdem
1800 1076 2025 1138 Psalmi

467 1172 716 1246 dicitur,
747 1176 1040 1232 enarrant
1081 1170 1344 1249 gloriam
1377 1171 1512 1246 Dei,
1541 1177 1604 1232 et
1647 1171 1784 1232 ideo
1829 1170 2026 1250 aliqui

467 1266 757 1328 dixerunt
783 1266 974 1326 etiam
1011 1264 1273 1326 Paulum
1302 1264 1378 1326 de
1407 1264 1573 1326 coelis
1613 1265 1784 1346 loqui
1810 1267 1878 1326 in
1905 1265 2029 1328 illis

469 1357 696 1434 verbiS,
725 1359 870 1437 quia
895 1376 1024 1418 non
1048 1357 1262 1418 debuit
1277 1357 1545 1436 allegare
1577 1359 2025 1436 testimonium,

470 1453 592 1512 nisi
612 1453 680 1512 in
713 1468 892 1512 sensu
930 1451 1204 1526 litterali,
1233 1468 1418 1530 quam
1450 1451 1894 1530 expositionem
1933 1469 2029 1512 re-

470 1546 591 1606 fert
617 1545 704 1605 ibi
731 1545 1081 1619 Janseuius,
1119 1551 1182 1606 et
1207 1562 1335 1604 non
1381 1543 1716 1622 improbat,
1747 1544 2030 1622 quamvis

472 1639 662 1698 etiam
681 1656 808 1698 non
831 1637 1164 1716 approbet3
1199 1637 1372 1698 illam
1399 1654 1544 1698 vero
1571 1644 1866 1714 tanquam
1891 1635 2032 1698 uni·

471 1749 606 1795 cam
634 1738 696 1792 et
724 1731 1132 1793 necessariam
1161 1730 1434 1792 defendit
1459 1731 1756 1809 vasquez,
1780 1733 1808 1790 ἱ
1843 1735 2000 1808 part.
2008 1775 2029 1806 ,

472 1831 687 1902 quaest.
721 1827 824 1900 97,
863 1830 983 1885 art.
1015 1827 1088 1898 5,
1115 1825 1296 1903 juxta
1323 1841 1514 1904 quam
1557 1824 2029 1902 expositionem,

475 1915 804 1980 dicendum
859 1923 950 1978 est
999 1917 1371 1977 senteutiam
1435 1915 1611 1976 Pauli
1674 1914 1884 1976 reduci
1951 1916 2027 1976 ad

472 2010 710 2071 dictum
739 2011 988 2072 axioma
1015 2031 1029 2070 :
1059 2008 1337 2072 Facienti
1370 2010 1524 2089 quod
1561 2010 1630 2070 in
1657 2027 1718 2070 se
1733 2014 1848 2082 est,
1871 2015 2028 2086 etc.;

480 2104 629 2166 dicit
668 2105 838 2165 enim
899 2103 1120 2166 Paulus
1176 2103 1458 2165 infideles
1519 2105 1708 2164 etiam
1761 2103 2033 2164 Gentiles

477 2197 755 2258 excusari
792 2215 920 2257 non
956 2215 1152 2276 posse,
1185 2197 1448 2274 eoquod
1475 2196 1620 2257 fidei
1653 2197 2025 2276 praedicatio·

477 2308 622 2350 nem
666 2308 794 2351 non
828 2289 1162 2351 habuerint
1187 2336 1207 2365 ,
1255 2291 1402 2369 quia
1427 2295 1792 2370 receperunt
1829 2308 1868 2350 a
1909 2290 2032 2350 Deo

476 2382 683 2444 media
721 2383 1088 2444 sufficientia
1135 2381 1362 2462 quibus
1405 2382 1580 2443 illum
1629 2389 1880 2460 possent
1922 2401 2035 2444 na-

477 2477 761 2536 turaliter
789 2495 1176 2556 cognoscere,
1207 2484 1269 2537 et
1311 2477 1364 2536 si
1391 2475 1512 2538 illis
1541 2476 1829 2538 subsidiis
1875 2476 2033 2538 bene

479 2571 576 2630 usi
624 2571 906 2646 fuissent,
939 2572 1099 2632 Deus
1147 2571 1268 2632 illis
1314 2572 1552 2650 majora
1615 2571 1880 2632 dedisset
1904 2589 1924 2649 3
1973 2578 2035 2632 et

475 2665 566 2724 ita
608 2665 674 2724 in
701 2665 820 2725 hoc
857 2682 1038 2726 sensu
1067 2665 1384 2744 responsio
1413 2664 1556 2726 data
1585 2663 1665 2724 ad
1691 2665 2031 2744 principale

474 2757 975 2834 fundamentum,
1005 2759 1084 2820 ad
1111 2757 1230 2818 hoc
1254 2757 1442 2817 etiam
1468 2758 1894 2820 testimonium
1933 2777 2031 2818 ac-

477 2849 926 2912 commodanda
967 2858 1059 2912 est
1107 2874 1122 2922 ;
1175 2871 1264 2944 αι
1311 2851 1480 2912 enim
1535 2869 1662 2912 non
1721 2849 2033 2912 concludit

475 2944 702 3005 Paulus
729 2944 974 3006 nullum
1003 2945 1323 3006 hominem
1353 2963 1525 3024 posse
1552 2945 1631 3006 ab
1653 2944 2032 3006 infidelitatis

472 3042 723 3115 peccato
773 3039 1093 3112 excusari,
1141 3038 1248 3098 sed
1303 3037 1614 3100 concludit
1641 3057 1768 3098 non
1811 3038 2033 3101 debere

473 3129 590 3190 hoc
636 3131 934 3211 imputari
983 3133 1104 3193 Deo
1127 3177 1148 3208 ,
1185 3138 1292 3191 aut
1334 3131 1734 3212 providentiae
1775 3133 2029 3207 divinae,

478 3221 583 3282 sed
613 3222 953 3283 defectibus
986 3229 1048 3284 et
1065 3225 1324 3302 peccatis
1349 3224 1702 3301 hominum,
1728 3226 1890 3306 quod
1923 3243 2031 3304 po-

476 3320 595 3375 test
622 3317 854 3394 optime
895 3315 1053 3392 fieri,
1085 3317 1326 3378 etiamsi
1354 3316 1496 3377 talis
1527 3317 1856 3396 imputatio
1895 3335 2033 3397 spe-

475 3408 628 3468 ciale
673 3415 988 3490 peccatum
1023 3409 1403 3470 infidelitatis
1437 3427 1566 3471 non
1595 3410 1869 3472 inducat.

559 3504 658 3563 13.
711 3502 992 3567 Secunda
1028 3507 1088 3565 et
1111 3521 1256 3569 vera
1279 3502 1398 3566 loci
1427 3503 1736 3583 emporitio.
1757 3535 1839 3550 —
1861 3504 2033 3566 Nihi-

473 3596 742 3656 lominus
771 3613 916 3656 vera
956 3601 1018 3656 et
1055 3591 1412 3657 communis
1442 3596 1738 3675 expositio
1781 3598 2031 3658 Sancto-

474 3706 638 3763 rum,
673 3707 827 3767 quos
859 3706 1050 3768 supra
1075 3689 1285 3762 retuli,
1317 3695 1378 3750 et
1413 3691 1698 3750 omnium
1730 3691 2031 3770 exposito-

473 3799 614 3842 rum
645 3781 712 3840 in
741 3781 920 3844 illum
952 3782 1181 3848 locum.
1214 3789 1308 3843 est
1342 3783 1448 3844 illa
1483 3783 1670 3844 verba
1695 3784 1861 3845 dicta
1903 3802 2033 3845 esse

474 3893 510 3934 a
541 3875 730 3936 Paulo
763 3875 838 3936 de
869 3875 1306 3955 praedicatione
1331 3876 1669 3954 Evangelii,
1701 3894 1840 3954 quae
1871 3877 2034 3938 facta

475 3973 566 4028 cst
604 3986 712 4046 per
745 3967 1064 4046 Apostolos
1103 3975 1165 4028 et
1207 3987 1316 4047 per
1349 3968 1718 4044 Ecclesiam3
1767 3987 1914 4031 nam
1956 3970 2035 4031 de

475 4058 592 4119 hac
632 4061 906 4139 loquitur
949 4079 986 4120 a
1029 4061 1332 4140 principio
1375 4061 1542 4122 illius
1587 4061 1828 4140 capitis,
1861 4069 1924 4124 et
1969 4063 2037 4124 in

475 4150 592 4211 hoc
631 4170 815 4212 sensu
862 4153 1042 4212 dicit:
1092 4153 1384 4228 Quomodo
1421 4155 1666 4216 audient
1710 4156 1840 4218 sine
1876 4173 2039 4232 proe-

477 4243 736 4318 dicante,
777 4250 839 4306 et
859 4245 1113 4307 adducit
1151 4246 1306 4308 illud
1345 4247 1552 4306 Isaiae:
1590 4245 1741 4319 Quis
1777 4249 2038 4312 credidit

476 4335 715 4398 auditui
737 4344 942 4401 nostro
957 4340 986 4399 ?
1025 4339 1188 4400 uude
1214 4339 1434 4400 infert:
1463 4341 1638 4420 Ενρο
1660 4342 1810 4420 fidos
1832 4359 1906 4404 σω
1929 4360 2037 4405 au-

475 4427 652 4499 ditm
695 4428 802 4490 ubi
847 4431 980 4492 sine
1027 4432 1217 4492 dubio
1256 4433 1532 4511 loquitur
1567 4432 1644 4493 de
1694 4451 1839 4496 vera
1887 4433 2033 4510 fide,

475 4537 604 4580 non
645 4521 721 4580 de
763 4524 1030 4584 naturali
1075 4525 1448 4600 cognitione,
1479 4525 1558 4586 ad
1603 4544 1792 4603 quam
1832 4526 2037 4588 solum

473 4619 672 4692 potest
698 4614 900 4676 valere
929 4615 1220 4678 coelorum
1255 4635 1466 4677 cursus
1488 4623 1552 4677 et
1575 4635 1762 4678 sonus
1786 4638 1801 4689 ς
1833 4637 2037 4697 neque

475 4706 675 4793 obstat
705 4708 868 4785 quod
900 4709 968 4769 in
1016 4709 1257 4770 Psalmo
1281 4709 1471 4770 verba
1503 4709 1608 4770 illa
1647 4711 1726 4772 ad
1763 4710 2035 4772 litteram

474 4800 553 4861 de
614 4799 780 4861 coelis
832 4801 1304 4882 intelligantur,
1359 4804 1506 4879 quia
1555 4803 1760 4883 potuit
1815 4805 2039 4866 Paulus

475 4893 598 4954 illis
627 4893 744 4967 uti,
777 4893 876 4954 vel
921 4913 1032 4973 per
1074 4895 1704 4958 accommodationem
1726 4941 1746 4973 ,
1791 4903 1862 4958 ut
1899 4898 2035 4976 qui·

473 4987 620 5046 dam
668 4986 926 5062 volunt,
965 4987 1067 5048 vel
1113 4988 1182 5048 in
1233 5006 1416 5050 sensu
1461 4989 1790 5066 allegorico
1808 5035 1831 5065 ,
1874 4992 2039 5069 quod

482 5078 829 5157 Apostolico
875 5081 1096 5160 spiritu
1138 5099 1297 5161 saepe
1337 5081 1411 5142 fit
1457 5082 1536 5143 ab
1563 5083 1776 5144 eodem
1824 5084 2033 5157 Paulo,

475 5175 569 5234 vel
601 5179 766 5234 certe
793 5173 860 5234 in
903 5192 1086 5234 sensu
1133 5174 1404 5249 litterali,
1437 5177 1606 5253 quia,
1639 5183 1710 5237 ut
1748 5177 1907 5238 bene
1947 5177 2037 5238 ibi

475 5271 652 5326 notat
702 5264 928 5342 Tolet.‚
978 5266 1142 5328 idem
1199 5268 1618 5330 testimonium
1674 5269 1880 5348 plures
1923 5269 2037 5330 ha-

475 5357 621 5418 bere
649 5363 850 5436 potest
877 5377 1090 5420 sensus
1127 5358 1460 5435 litterales;
1491 5359 1608 5422 hoc
1635 5361 1827 5439 igitur
1853 5379 2032 5424 sensu

475 5449 827 5530 suppositO,
879 5458 973 5512 est
1014 5452 1428 5514 controversia
1469 5452 1630 5514 iuter
1674 5456 1900 5531 Patres„
1954 5473 2035 5516 an

923 323 1160 376 mscu‘r.
1196 325 1345 376 xvii.
1380 325 1458 376 DE
1494 324 1875 376 lNFlDELlBUS
1907 323 2029 376 NON
2064 323 2402 378 ArosTA'rls
2434 323 2641 387 Queat)
2674 323 2887 376 Bonum
2914 323 3212 376 PEGGATA.

2106 422 2294 486 fuerit
2332 423 2739 502 Evangelium
2786 423 3187 502 praedicatum
3228 423 3309 484 ab
3352 424 3631 504 Apostolis

2107 518 2173 577 in
2208 519 2493 578 universo
2530 517 2681 578 orbe
2709 561 2730 592 ,
2776 522 2840 577 et
2884 517 2951 576 in
3000 516 3289 578 omnibus
3330 519 3631 597 provinciis

2106 614 2261 692 ejus,
2292 632 2373 674 an
2410 631 2557 674 vero
2586 612 2809 674 Paulus
2836 629 3009 672 more
3054 612 3405 690 prophetico
3446 616 3523 674 sit
3551 615 3631 675 lo·

2106 713 2285 768 cutus
2312 753 2331 782 ,
2404 706 2741 785 praedic-ens
2794 722 2903 783 per
2968 703 3226 765 verbum
3280 708 3635 784 praeteritum

2106 801 2272 880 quod
2300 801 2504 862 adhuc
2546 801 2831 860 futurum
2858 805 3011 860 erat.
3048 798 3235 877 Cujus
3257 800 3537 860 resolutio
3556 803 3635 860 vi·

2106 894 2241 954 deri
2268 900 2467 972 potest
2502 893 2663 970 apud
2696 891 2984 968 Salmer.,
3012 891 3308 971 disputat.
3342 895 3443 967 34,
3472 909 3636 973 super

2107 986 2429 1066 epistolam
2490 985 2667 1048 Pauli
2714 985 2795 1046 ad
2840 986 3103 1046 Roman.
3146 987 3247 1059 10,
3276 991 3337 1044 et
3371 985 3636 1046 Benedic-

2105 1087 2239 1142 tum
2282 1081 2548 1154 Pereira,
2581 1079 2836 1152 ibidem,
2866 1078 3093 1157 disput.
3124 1081 3187 1138 4.
3218 1076 3338 1138 Sed
3364 1077 3635 1156 quidquid

2106 1175 2185 1234 sit
2226 1174 2303 1236 de
2354 1175 2468 1235 hac
2524 1173 2943 1235 controversia
2966 1216 2987 1246 ,
3042 1171 3325 1248 quamvis
3378 1171 3639 1234 daremus

2108 1266 2517 1345 Evangelium
2560 1267 2752 1327 fuisse
2792 1263 3199 1344 praedicatum
3254 1264 3321 1324 in
3378 1265 3639 1326 omnihus

2110 1361 2273 1422 orbis
2313 1359 2649 1438 provinciis
2669 1405 2688 1433 ,
2734 1357 3033 1419 affirmari
3078 1374 3209 1417 non
3247 1361 3445 1436 potest
3474 1356 3641 1418 fuisse

2110 1453 2370 1532 singulis
2419 1452 2775 1515 hominibus
2840 1456 2903 1512 et
2960 1450 3237 1530 personis
3294 1448 3642 1511 sufficienter

2111 1546 2489 1626 propositum
2515 1591 2535 1620 ,
2592 1551 2662 1606 ut
2712 1551 2879 1605 recte
2932 1543 3177 1605 notavit
3226 1543 3297 1602 D.
3349 1541 3597 1602 Thomas
3620 1559 3638 1620 ;

2113 1639 2279 1718 quod
2304 1657 2431 1720 non
2458 1638 2657 1699 solum
2684 1644 2777 1698 est
2803 1655 3021 1698 verum
3048 1635 3127 1696 de
3156 1641 3435 1714 tempore
3472 1635 3641 1713 Apos-

2112 1731 2403 1806 tolorum,
2430 1732 2533 1792 sed
2564 1733 2753 1792 etiam
2782 1731 2861 1792 de
2882 1735 3013 1790 toto
3038 1727 3365 1808 posteriori
3396 1733 3645 1806 tempore

2113 1843 2309 1902 usque
2334 1824 2413 1885 ad
2451 1842 2743 1904 praesens,
2775 1830 2847 1884 ut
2894 1822 3321 1902 experimento
3358 1821 3534 1880 etiam
3558 1838 3645 1881 co·

2113 1919 2361 1997 gnitum
2402 1934 2534 1995 est;
2583 1926 2646 1978 et
2680 1917 2799 1978 hoc
2826 1915 3001 1976 uobis
3032 1913 3283 1986 sufficit,
3321 1914 3479 1974 utin
3503 1914 3643 1974 mul-

2112 2013 2191 2072 tis
2217 2011 2573 2073 hominibus
2608 2011 2881 2090 potuerit
2906 2016 2969 2070 et
3006 2009 3198 2088 possit
3232 2025 3365 2068 esse
3405 2007 3645 2088 infideli-

2113 2113 2205 2166 tas
2252 2109 2564 2185 negativa,
2596 2105 3033 2178 nonobstante
3070 2100 3413 2162 universali
3450 2102 3643 2181 praedi-

2114 2199 2355 2259 catione
2394 2198 2827 2279 Apostolorum
2866 2203 2927 2258 et
2966 2213 3184 2258 eorum
3220 2211 3641 2254 successorum.

2196 2294 2294 2354 14.
2338 2293 2754 2372 Exponuntur
2788 2293 2921 2354 loca
2946 2283 3287 2373 Auyustin‘i
3318 2288 3387 2348 iu
3412 2305 3471 2347 n.
3504 2290 3646 2350 4αά-

2115 2387 2297 2450 ducta
2339 2403 2452 2466 pro
2479 2384 2689 2466 prima
2732 2386 3045 2448 sententia.
3080 2416 3163 2428 —
3200 2380 3297 2442 Ad
3323 2381 3648 2441 testimonia

2114 2483 2445 2559 Augustini
2482 2482 2547 2540 in
2594 2480 2859 2540 secunda
2884 2476 3357 2538 confirmatione
3383 2473 3643 2553 allegata,

2114 2575 2519 2654 respondetur
2562 2575 2627 2633 in
2673 2572 2865 2650 priori
2908 2570 3079 2647 loqui
3122 2568 3537 2646 Augustinum
3582 2567 3648 2627 de

2108 2667 2439 2738 haereticis,
2492 2667 2600 2746 qui
2646 2666 2916 2744 aliquam
2960 2662 3181 2724 Christi
3228 2660 3550 2723 Ecclesiam
3590 2661 3648 2720 in

2112 2761 2344 2821 mundo
2372 2779 2501 2820 esse
2539 2765 2901 2838 agnoscunt,
2952 2757 3057 2817 sed
3100 2773 3316 2816 veram
3359 2757 3646 2832 ignorant,

2111 2855 2267 2915 etde
2287 2855 2383 2914 his
2406 2852 2559 2912 dicit
2578 2869 2704 2912 uon
2732 2869 2907 2931 posse
2926 2849 3355 2910 invincibilem
3383 2847 3648 2925 ignoran-

2113 2947 2265 3007 tiam
2301 2946 2588 3024 allegare.
2634 2946 2711 3006 Et
2750 2943 2868 3004 hoc
2894 2945 3095 3021 ipsum
3124 2939 3534 3003 communiter
3554 2957 3647 2999 seu

2110 3040 2477 3119 regulariter
2510 3037 2981 3116 intelligendum
3010 3043 3141 3110 est;
3186 3052 3337 3095 nam
3364 3035 3542 3095 etiam
3569 3034 3650 3093 in·

2112 3140 2207 3194 ter
2227 3133 2549 3194 haereticos
2582 3138 2837 3211 possunt
2868 3147 2995 3192 esse
3021 3129 3215 3208 aliqui
3246 3128 3375 3189 uati
3404 3129 3557 3188 inter
3590 3127 3651 3185 il-

2111 3228 2223 3302 los,
2253 3236 2317 3288 et
2342 3232 2552 3306 postea
2587 3243 2716 3286 non
2742 3225 2887 3284 satis
2930 3222 3241 3297 instructi,
3274 3221 3383 3300 qui
3427 3237 3533 3299 pro
3556 3218 3650 3280 ali-

2112 3339 2233 3399 quo
2272 3328 2550 3398 tempore
2598 3316 3041 3380 invincibiliter
3083 3331 3301 3375 veram
3346 3313 3649 3374 Ecclesiam

2110 3415 2433 3492 ignorent,
2486 3417 2557 3471 ut
2601 3429 2717 3472 usu
2768 3411 2924 3490 ipso,
2982 3414 3043 3469 et
3096 3408 3477 3487 experientia
3522 3407 3648 3465 satis

2113 3513 2367 3567 constat.
2412 3505 2505 3566 Ad
2547 3504 2715 3564 aliud
2762 3503 3185 3564 testimonium
3240 3499 3645 3580 respondetur,

2110 3617 2326 3660 verum
2355 3598 2603 3677 quidem
2638 3615 2768 3658 esse
2809 3615 3023 3656 omnes
3053 3595 3359 3658 homines,
3387 3593 3493 3672 qui
3535 3593 3651 3651 sine

2112 3694 2232 3754 fide
2282 3693 2657 3766 moriuntur,
2706 3690 2917 3769 puniri
2972 3705 3157 3768 poena
3214 3693 3466 3761 aeterna,
3520 3685 3649 3764 quia

2113 3805 2254 3847 cum
2275 3785 2427 3846 fides
2452 3786 2533 3844 sit
2552 3784 2827 3844 medium
2852 3781 3267 3843 necessarium
3289 3780 3367 3840 ad
3386 3779 3645 3850 salutem,

2112 3879 2245 3939 sine
2266 3877 2377 3940 illa
2404 3893 2531 3937 non
2566 3881 2763 3955 potest
2798 3875 2877 3934 ad
2916 3874 3104 3935 vitam
3134 3879 3427 3934 aeternam
3454 3885 3651 3949 perve-

2114 3972 2261 4044 niri,
2292 3978 2355 4031 et
2381 3971 2519 4031 ideo
2548 3985 2791 4030 necesse
2818 3981 2909 4028 cst
2940 3972 3012 4026 ut
3044 3966 3123 4026 ad
3168 3972 3399 4026 statum
3425 3971 3649 4024 aeternae

2117 4083 2313 4144 poenae
2368 4063 2785 4144 perveniatur,
2842 4063 2991 4139 quia
3034 4061 3199 4120 inter
3252 4058 3385 4119 haec
3427 4075 3544 4117 non
3572 4061 3651 4116 est

2118 4157 2393 4216 medium
2412 4177 2431 4231 3
2473 4173 2601 4216 non
2649 4159 2955 4232 repugnat
2982 4159 3191 4212 autem
3239 4149 3653 4211 invincibiliter

2117 4250 2267 4310 illud
2294 4247 2591 4327 ignorari,
2630 4247 2794 4326 quod
2832 4251 2923 4306 est
2946 4245 3220 4308 medium
3264 4243 3649 4304 necessarium

2116 4343 2193 4403 ad
2248 4343 2532 4416 salutem,
2578 4347 2641 4401 et
2688 4339 2827 4400 ideo
2872 4344 3069 4418 potest
3094 4340 3233 4417 quis
3254 4339 3323 4398 in
3372 4341 3649 4396 aeteruum

2116 4434 2423 4508 damnari,
2467 4451 2595 4494 non
2632 4441 2881 4510 propter
2927 4438 3241 4510 peccatum
3278 4429 3649 4492 commissum

2118 4528 2183 4587 in
2210 4529 2540 4588 omissione
2560 4526 2701 4586 talis
2734 4524 2939 4600 medii,
2970 4525 3075 4586 sed
3108 4531 3361 4604 propter
3378 4522 3496 4583 alia
3522 4537 3652 4600 pec-

2118 4628 2255 4682 cata
2280 4641 2295 4694 ;
2329 4622 2501 4682 etita
2528 4619 2835 4696 contingit
2857 4620 2925 4678 in
2952 4618 3071 4678 hac
3096 4617 3457 4679 infidelitate
3482 4629 3649 4689 nega-

2118 4719 2267 4788 tiva,
2294 4732 2435 4793 quae
2464 4719 2554 4774 est
2578 4729 2761 4792 poena
2793 4711 3050 4790 peccati,
3082 4727 3208 4772 non
3236 4715 3562 4789 peccatum,
3592 4711 3651 4764 ut

2120 4807 2330 4868 docuit
2368 4809 2437 4867 D.
2470 4806 2739 4866 Thomas
2778 4807 2839 4866 2.
2870 4806 2934 4879 2,
2962 4810 3177 4882 quoest.
3228 4805 3329 4877 ⁴0,
3369 4808 3483 4862 art.
3514 4802 3570 4872 l,
3596 4803 3650 4857 ct

2116 4907 2335 4980 quaest.
2368 4902 2432 4974 2,
2455 4905 2573 4960 art.
2602 4901 2663 4975 5,
2694 4899 2773 4960 ad
2796 4901 2859 4973 2,
2898 4915 3042 4958 cum
3068 4897 3432 4975 Augustino,
3456 4893 3553 4955 lib.
3582 4893 3649 4952 de

2119 4993 2389 5071 Corrept.
2418 4999 2483 5054 et
2507 4993 2704 5069 Grat.,
2736 5009 2870 5072 cap.
2894 4993 2958 5065 6,
2990 4997 3051 5051 et
3070 4989 3483 5068 sequentibus.
3510 4986 3647 5047 Nam

2118 5086 2307 5145 etiam
2320 5084 2503 5146 facile
2516 5084 2875 5162 contingere
2898 5089 3097 5162 potest
3111 5089 3183 5142 ut
3196 5080 3426 5160 aliquid
3440 5082 3515 5139 sit
3534 5093 3645 5154 [ιω-

2120 5196 2199 5237 na
2224 5178 2480 5256 peccati,
2506 5183 2570 5238 et
2589 5195 2715 5237 non
2744 5183 3087 5255 pecc-amm,
3108 5175 3277 5255 quia,
3306 5181 3371 5234 ct
3396 5174 3459 5232 in
3476 5187 3645 5252 quan-

2117 5278 2251 5331 tum
2278 5287 2462 5349 poena
2488 5269 2905 5330 involuntaria
2926 5275 3034 5343 est,
3067 5270 3215 5331 etin
3232 5273 3521 5348 quantum
3543 5265 3645 5324 im·

2120 5363 2286 5444 pedit
2317 5363 2568 5443 aliquod
2614 5363 2891 5425 medium
2940 5363 3349 5424 necessarium
3376 5361 3452 5421 ad
3496 5357 3647 5418 salu·-

2116 5463 2269 5531 tem‚
2294 5461 2493 5536 potest
2512 5455 2629 5528 sub
2646 5455 2751 5517 illa
2780 5455 3019 5517 ratione
3037 5454 3465 5519 invincibiliter
3490 5453 3647 5530 igno·
