3900 6217
668 387 831 442 SECT.
867 388 948 443 IV.
987 393 1066 446 DE
1099 393 1578 454 communioni-2
1609 397 1774 454 riom
1809 397 2197 454 cnntsrtANAE
2229 395 2311 456 Ab
2344 400 2543 464 AL1AS,
2580 397 2715 454 me.

3174 391 3288 458 127

155 507 356 570 quoqne
387 493 578 549 essent
610 489 828 568 aliquoe
853 492 1192 572 prophetiza
1219 497 1296 560 dc
1333 500 1648 578 mysteriis
1727 517 1882 562 vers·
1919 503 2037 575 123
2078 501 2153 562 de
2180 502 2535 577 Nativitate,
2566 502 2786 564 Matth.
2818 504 2881 577 9,
2908 519 3069 562 vers.
3100 505 3138 565 8
3163 525 3180 576 3
3212 504 3291 562 de

158 581 351 656 Christi,
383 586 448 640 ut
487 589 576 642 est
619 582 866 662 vulgare
909 586 984 646 de
1029 587 1280 664 Sybillis
1307 593 1473 671 apud
1499 592 1646 654 Lac-

157 673 354 746 tsnt.‚l.
388 675 426 732 t
454 674 803 738 Divinarum
831 677 1128 755 institut„
1156 699 1210 741 c.
1243 683 1282 744 5
1311 689 1376 744 et
1401 702 1527 764 seq.
1537 730 1558 760 ‚
1583 690 1646 746 et

153 765 530 844 Augustinum,
555 766 597 829 l.
635 770 708 830 18
733 770 812 832 de
841 770 1000 847 civ„
1030 793 1083 834 r.
1115 775 1220 848 23,
1253 783 1315 836 et
1351 779 1646 840 concione

1727 592 2035 667 Passionc,
2077 594 2292 656 Matth.
2334 597 2436 670 26,
2480 613 2637 656 vers.
2684 597 2795 671 31⁰,
2844 602 2905 656 et
2944 596 3153 672 Joan.,
3192 598 3287 669 19,

1725 703 1884 748 vers.
1918 687 2019 759 24,
2054 688 2155 759 36,
2196 689 2297 750 37.
2330 689 2417 750 Ac
2452 689 2720 768 denique
2758 689 2924 749 idem
2966 695 3292 750 servarunt

1730 780 2028 858 Apostoli,
2062 781 2365 861 praecipue
2394 781 2643 862 quando
2684 782 2765 844 ad
2795 783 2829 843 J
2836 782 3037 842 udoeos
3074 782 3291 861 praedi-

150 861 208 922 ad
247 859 559 922 Cales-hum.
618 869 832 926 eontra
887 867 1114 948 Pagan.
1128 885 1149 946 3
1185 876 1250 930 et
1287 870 1409 932 alia
1453 872 1650 934 videri
1729 872 1977 949 cabant,
2020 881 2091 934 ut
2130 881 2298 952 patet
2340 877 2474 936 Act.
2527 879 2587 950 ἲ,
2636 877 2673 938 3
2708 880 2772 938 et
2826 876 2927 949 13,
2964 893 3038 937 ac
3075 879 3187 950 153
3228 883 3291 937 et

153 961 357 1035 possunt
394 958 454 1014 in
493 955 764 1026 Ruffino,
808 958 852 1021 l.
891 963 930 1022 Ξ
971 964 1151 1039 nist„
1183 981 1238 1026 e.
1273 966 1388 1042 293
1427 973 1490 1028 et
1514 968 1648 1030 Tri-

155 1050 351 1128 partita,
373 1048 411 1108 l.
439 1051 498 1126 9,
525 1068 662 1130 cap.
695 1053 798 1116 29.

397 1237 776 1321 Comparatio
815 1245 898 1305 ad
921 1245 976 1307 J
977 1246 1339 1320 udaismum.

207 1429 256 1488 t.
293 1426 570 1506 Proprius
594 1430 954 1496 Jadoeorum
969 1453 1156 1500 error
1181 1455 1256 1502 sa·
1285 1439 1642 1521 scripturis

153 1520 474 1582 convincitur.
503 1554 584 1568 —
611 1524 896 1588 Secundo
913 1572 930 1600 ,
967 1528 1248 1601 facienda
1275 1541 1366 1594 est
1395 1553 1642 1614 eompa-

157 1615 268 1672 ratio
285 1631 404 1672 rum
429 1612 772 1692 Judaismo,
797 1637 936 1698 quae
963 1629 1054 1684 est
1075 1625 1276 1686 multo
1309 1625 1549 1690 facilior
1579 1635 1642 1692 et

159 1706 420 1766 evidentior
454 1727 528 1768 ex
569 1714 876 1774 concessis
899 1761 922 1788 ,
957 1718 1104 1796 quia
1141 1719 1240 1780 isti
1283 1722 1640 1784 Testamen-

159 1805 252 1858 tum
273 1805 440 1876 vetus,
481 1807 541 1863 et
589 1805 951 1884 prophetias
987 1811 1346 1874 admittunt.
1393 1816 1502 1876 Est
1530 1835 1640 1878 au·

159 1897 242 1950 tvm
259 1891 700 1966 advertendum.
731 1900 1122 1966 ,Iudaismum
1149 1913 1348 1968 totum
1375 1910 1452 1970 ad
1483 1911 1638 1972 dnos

152 2003 326 2050 errores
349 1987 708 2070 principales
733 1995 946 2058 reduci
977 2013 994 2058 τ
1027 2017 1190 2062 unus
1213 2007 1276 2061 et
1300 2004 1640 2083 praecipuus

147 2083 238 2151 est,
265 2081 384 2158 quia
407 2101 524 2144 non
545 2084 892 2150 admittunt
917 2109 1032 2152 nce
1059 2093 1320 2156 credunt
1346 2096 1634 2158 Messinm

147 2171 358 2248 venisse;
395 2179 452 2238 et
481 2176 618 2240 ideo
655 2179 712 2240 si
751 2180 828 2242 de
859 2181 977 2244 hoc
1017 2204 1224 2250 errore
1264 2189 1636 2253 convincan-

145 2270 244 2334 tur,
278 2271 384 2328 tota
408 2268 652 2333 illorum
683 2281 843 2336 secta
869 2276 1050 2338 facile
1083 2279 1460 2358 destruitnr3
1491 2303 1636 2346 con-

143 2361 409 2422 vincuntur
429 2371 634 2426 autem
667 2369 978 2449 principue
1005 2389 1080 2434 ex
1107 2375 1444 2454 prophetiis
1467 2383 1636 2440 vete-

151 2453 208 2508 ris
235 2453 604 2532 Testamenti,
659 2461 1046 2548 ostendendo
1085 2475 1296 2547 aperte
1337 2469 1474 2532 illas
1503 2489 1634 2534 esse

153 2543 402 2624 impletas3
445 2556 508 2611 et
553 2551 704 2614 ideo
749 2555 954 2618 aiebat
993 2559 1266 2624 Christus
1301 2564 1631 2641 Dominus,

145 2635 275 2696 Juan.
301 2642 332 2700 ὅ
363 2662 376 2699 :
419 2642 806 2712 Scrutamini
839 2648 1210 2732 Scripturas
1235 2680 1266 2727 ,·
1317 2657 1444 2720 inoe
1477 2660 1636 2722 onim

147 2731 470 2796 testimoniam
483 2741 808 2817 perhimat
835 2748 906 2810 ds
931 2765 1022 2810 ms
1046 2771 1076 2818 ,·
1109 2749 1258 2828 qnia
1281 2769 1408 2810 non
1429 2749 1632 2812 solum

145 2823 391 2886 continent
435 2833 910 2908 promissionem
965 2840 1160 2920 ipsius
1205 2843 1434 2904 Messiae
1450 2889 1472 2920 ,
1525 2844 1634 2906 sed

151 2919 292 3014 ettam
311 2921 456 2998 signa
484 2927 888 3002 particularia
911 2939 974 2994 et
995 2933 1360 2996 sufficientia
1397 2942 1631 3016 tempo-

155 3023 216 3064 τις
237 3011 472 3076 adventus
515 3020 660 3096 ejus
683 3065 702 3096 ,
751 3031 813 3083 et
840 3025 978 3088 ideo
1007 3025 1331 3106 subjungit
1357 3029 1632 3094 Christus

155 3097 408 3167 Dominus:
441 3109 520 3172 Si
545 3117 868 3180 crederetis
899 3121 1126 3200 Moysi,
1171 3123 1484 3188 crederetis
1509 3127 1634 3188 aci-

149 3213 228 3270 ραι
245 3203 288 3257 et
311 3201 456 3276 mihi,
489 3205 596 3268 ille
615 3209 781 3270 onim
809 3213 878 3274 ds
900 3231 992 3274 ms
1021 3216 1244 3294 scripsi
1248 3219 1275 3276 t
1286 3243 1314 3290 ,·
1345 3217 1512 3296 quod
1536 3219 1635 3282 in-

147 3286 474 3364 telligendum
509 3306 628 3377 est,
679 3319 807 3364 non
851 3303 1050 3368 solum
1097 3309 1267 3387 quia,
1312 3309 1490 3372 Dent.
1530 3314 1631 3388 18,

145 3379 344 3446 habetur
361 3406 638 3469 expressa
667 3397 1026 3474 promissioz
1055 3401 1418 3482 Prophetam
1443 3408 1637 3470 suscri-

145 3474 238 3576 la}o
265 3480 356 3556 eis,
383 3489 490 3545 ete.
517 3530 537 3561 ,
575 3488 694 3550 sed
721 3493 912 3554 etiam
937 3494 1086 3573 quia
1121 3501 1248 3558 tota
1284 3495 1386 3558 lex
1411 3498 1636 3577 Moysis

139 3565 227 3670 lant
253 3574 504 3650 qnaedam
545 3580 884 3662 prophetia
923 3596 988 3648 et
1027 3585 1228 3665 figura
1269 3589 1516 3668 Clu-isti,
1565 3599 1634 3654 ut

137 3655 252 3720 dmi
283 3667 668 3750 Augustinus,
721 3677 798 3738 16
837 3684 1004 3740 cont.
1045 3679 1277 3757 Faust„
1325 3701 1458 3764 cap.
1503 3687 1628 3763 223

139 3759 274 3830 tib-{ue
301 3757 402 3822 hoe
445 3766 630 3828 modo
665 3771 1078 3848 persuadendi
1107 3773 1296 3838 fidem
1325 3776 1404 3838 de
1432 3779 1630 3859 seipso

137 3861 244 3951 ῑιῗιξε
269 3859 348 3912 est
379 3855 655 3922 Christus
681 3863 998 3942 Dominus,
1041 3867 1187 3929 Luc.
1221 3869 1368 3946 ult„
1405 3871 1510 3933 ubi
1534 3873 1632 3936 in·-

137 3955 310 4016 (ιρ-επι
329 3965 362 4006 a
385 3951 613 4031 Moyse,
663 3961 718 4018 et
755 3959 1028 4022 omnibus
1065 3961 1412 4040 Prophetis,
1441 3965 1630 4029 inter-

139 4036 415 4130 pertabatar
443 4045 574 4108 illis
603 4048 676 4110 in
697 4051 970 4114 omnibus
998 4051 1370 4134 Scriptus-is,
1403 4076 1538 4138 ques
1563 4061 1632 4124 ds

145 4141 236 4224 ipso
253 4134 450 4216 scripta
463 4145 646 4202 erant
667 4165 688 4208 .·
716 4147 778 4202 et
805 4142 970 4204 infra
991 4143 1142 4206 dicit
1172 4168 1186 4206 ι
1221 4148 1476 4214 Necesse
1499 4157 1632 4217 erat

151 4220 323 4292 ²-···pe⁷eri
361 4232 556 4295 omnia
597 4251 738 4314 qua·
782 4237 1017 4316 scripta
1057 4245 1202 4303 sunt
1245 4242 1317 4302 in
1369 4243 1530 4324 leffe,
1576 4252 1632 4310 et

151 4305 398 4388 Prophetis
415 4367 434 4398 ,
475 4330 529 4388 el
577 4327 857 4392 Psalmis
891 4332 962 4392 ds
1006 4351 1118 4396 me.
1169 4335 1402 4398 Eodem
1447 4355 1632 4418 argu-

149 4413 302 4468 mento
317 4413 400 4474 usi
415 4423 556 4478 sunt
573 4437 796 4482 omnes
811 4423 923 4502 qui
948 4426 1365 4490 testimonium
1387 4429 1628 4494 Christo

141 4491 390 4594 dederunt.
438 4509 714 4590 Angelus
757 4516 926 4578 enim
972 4521 1359 4584 annuncians
1398 4529 1628 4602 myste-

139 4599 260 4694 1J¹1111i
292 4595 738 4684 incarnationis,
787 4609 1000 4670 statim
1037 4613 1324 4694 antiquas
1363 4615 1627 4698 prophe-

141 4680 225 4738 t1as
245 4687 529 4772 mdicavit,
571 4695 782 4762 dicens
811 4721 826 4763 :
859 4703 1048 4766 Dabit
1071 4706 1172 4768 illi
1199 4708 1498 4773 Domi-mos
1529 4729 1626 4774 se·

142 4771 234 4872 flent
255 4779 438 4847 David
455 4789 675 4854 Patris
698 4795 831 4872 ejus
847 4818 877 4865 ,·
919 4802 984 4858 et
1007 4798 1368 4862 Beatissimo.
1394 4802 1586 4882 Virgo
1601 4849 1624 4881 ,

137 4881 184 4924 in
221 4889 312 4934 suo
353 4879 597 4944 Cantica
639 4905 654 4945 ε
693 4885 880 4952 Siout
917 4889 1148 4954 locat-us
1186 4898 1274 4958 est
1305 4895 1388 4958 ad
1421 4902 1629 4975 patres

137 4971 323 5028 nostros
337 4995 362 5042 ;
397 4981 457 5036 et
489 4977 742 5042 Zachar.
758 5025 782 5056 ,
829 4982 897 5043 in
943 5001 1058 5044 suo
1097 5005 1112 5045 ε
1165 4985 1348 5051 Sicut
1396 4990 1630 5056 locutus

135 5063 199 5115 est
219 5077 308 5138 per
329 5084 388 5128 os
411 5067 770 5136 Sanctorum
795 5119 818 5150 ,
855 5079 966 5157 qai
989 5097 1032 5141 a
1070 5081 1284 5143 soeoulo
1316 5088 1456 5146 saal
1478 5101 1628 5163 pro-

135 5151 390 5224 phetaram
427 5163 596 5242 ejus‚·
631 5172 694 5228 et
717 5169 972 5234 Simeon
1007 5173 1078 5236 in
1105 5193 1220 5236 suo
1251 5197 1267 5236 ε
1317 5176 1488 5251 Quod
1517 5197 1630 5257 pa-

135 5251 256 5308 rasti
277 5260 394 5316 am
407 5259 621 5333 faciem
643 5264 906 5328 omnium
919 5269 1300 5346 populorum,
1329 5271 1475 5334 Luc.
1511 5277 1538 5334 1
1563 5279 1630 5334 ct

137 5335 190 5409 23
211 5351 260 5398 et
280 5343 464 5425 Joan„
491 5353 702 5418 Matth.
735 5357 814 5418 3:
845 5359 977 5422 Hic
999 5366 1086 5424 est
1109 5363 1264 5424 enim
1291 5366 1397 5444 qai
1429 5364 1626 5429 dictus

137 5437 202 5536 ‘fl
235 5453 328 5512 per
361 5441 590 5511 Isaiam
633 5450 1020 5530 Prophetam.
1079 5454 1248 5516 idem
1297 5465 1622 5520 servarunt

139 5521 498 5612 hvangelistoe,
518 5545 589 5602 nt
599 5540 675 5604 de
695 5544 1124 5612 Inearnatione
1145 5555 1336 5629 patet,
1358 5551 1529 5614 Matt.
1555 5556 1617 5630 1,

1729 966 1962 1044 optime
1999 967 2223 1028 Paulus
2253 967 2317 1030 in
2345 968 2539 1046 Epist.
2568 968 2643 1029 ad
2680 969 2895 1042 Hebr„
2920 976 2979 1030 ct
2996 970 3075 1030 ad
3104 971 3283 1032 Rom.

1733 1062 1792 1136 1,
1821 1061 1887 1121 in
1919 1061 2222 1140 principio
2243 1078 2264 1138 3
2296 1067 2358 1122 et
2384 1063 2622 1136 PetruS,
2658 1064 2698 1123 2
2728 1063 2917 1142 Epist.
2926 1107 2947 1138 ,
2974 1081 3035 1126 c.
3068 1069 3125 1126 1.

1805 1155 1866 1214 5.
1933 1153 2093 1216 Item
2146 1173 2217 1216 ea
2270 1155 2535 1217 Patrum
2590 1158 2985 1233 aryumsalis.
3018 1191 3099 1202 ——
3130 1157 3289 1218 1³1·ae-

1721 1252 1891 1308 terea
1915 1247 2109 1307 sancti
2153 1248 2361 1309 Patres
2385 1248 2589 1309 locum
2618 1248 2785 1309 hunc
2811 1249 3282 1330 locupletarunt,

1723 1348 1792 1401 ut
1839 1339 2051 1401 videre
2079 1341 2223 1402 licet
2249 1343 2313 1400 iu
2344 1339 2673 1421 Cypriam,
2706 1341 2748 1404 l.
2786 1345 2815 1402 1
2852 1348 2914 1403 et
2946 1345 2986 1404 Ξ
3020 1343 3095 1404 ad
3140 1344 3287 1417 Qni-

1721 1434 1954 1508 rinum,
1986 1440 2049 1494 et
2076 1433 2184 1494 lib.
2218 1433 2294 1495 de
2318 1435 2633 1495 Montibus
2667 1436 2813 1496 Sina
2849 1441 2911 1497 et
2940 1437 3120 1512 Sion3
3143 1438 3286 1497 Ter-

1723 1525 2011 1602 tulliano,
2034 1532 2095 1588 et
2124 1527 2419 1606 Gregorio
2460 1529 2743 1607 Nyssen„
2779 1529 2886 1590 lib.
2933 1536 3145 1594 contra
3181 1531 3287 1593 Ju-

1722 1619 1920 1696 daeos;
1974 1627 2037 1680 et
2102 1621 2415 1700 chrysost.
2449 1665 2469 1698 ,
2540 1623 2921 1684 orationibus
2974 1625 3015 1685 5
3068 1631 3285 1688 contra

1722 1715 2010 1790 eosdem3
2058 1718 2123 1774 et
2161 1715 2529 1794 Augustino,
2576 1715 2701 1776 alia
2743 1717 3022 1780 oratione
3068 1724 3285 1780 contra

1718 1805 1965 1868 eosdem
1984 1851 2006 1882 ,
2038 1813 2101 1868 et
2126 1808 2404 1870 oratione
2436 1807 2517 1870 ad
2557 1807 2801 1870 Gateeh.
2835 1817 3049 1872 contra
3082 1813 3285 1874 varios

1717 1917 1978 1976 erroreS,
2034 1920 2075 1962 a
2115 1919 2249 1981 rap.
2303 1904 2411 1976 11,
2458 1909 2521 1962 et
2572 1903 2639 1964 in
2690 1902 2947 1983 Dialogo
2999 1905 3285 1968 Ecclesiae

1717 2006 1779 2053 et
1801 2011 2169 2072 synagogae3
2202 2001 2266 2054 et
2290 1993 2449 2056 bene
2478 1995 2728 2071 Euseb„
2758 1996 2802 2058 l.
2844 1999 2881 2058 Ξ
2910 1997 2986 2060 de
3018 1997 3285 2062 Demon-

1715 2094 1868 2148 strat.
1901 2088 2195 2166 Evangel.
2249 2087 2337 2152 De
2372 2089 2782 2170 applicatione
2822 2097 3029 2154 autem
3063 2094 3281 2172 prasci-

1717 2199 1987 2261 pnarum
2018 2182 2507 2263 prophetiarum,
2542 2184 3004 2262 designantium
3038 2192 3282 2266 tempus

1718 2275 2025 2336 adventus
2049 2277 2281 2338 Messiae
2308 2278 2375 2338 in
2396 2276 2619 2340 Christi
2644 2275 2893 2340 Domini
2916 2279 3279 2358 adventum,

1717 2367 1914 2429 videri
1952 2376 2208 2448 possunt
2248 2387 2385 2450 quae
2418 2371 2483 2432 in
2514 2371 2719 2451 primo
2748 2377 2917 2434 tomo
2954 2372 3031 2434 de
3078 2373 3283 2436 incar-

1717 2464 1993 2538 natione,
2038 2465 2103 2524 in
2153 2463 2478 2544 principio,
2528 2463 2651 2526 late
2692 2466 3000 2546 prosecuti
3040 2485 3279 2532 sumus·

1716 2554 1806 2614 Ex
1843 2555 1940 2616 his
1980 2575 2127 2636 ergo
2155 2575 2282 2619 non
2328 2557 2529 2618 solum
2574 2559 2964 2621 concluditur
3008 2567 3281 2624 nostram

1715 2646 1900 2709 fidem
1931 2668 2061 2712 esse
2090 2650 2568 2728 credibiliorem,
2615 2652 2721 2712 sed
2746 2653 2933 2714 etiam
2966 2653 3281 2718 convinci-

1715 2745 1821 2802 tur
1841 2741 2177 2820 judaicam,
2206 2743 2531 2823 perfidiam
2564 2745 2747 2825 plane
2770 2763 2923 2822 esse,
2958 2747 3279 2828 solumque

1713 2837 2044 2915 procedere
2072 2856 2149 2898 ex
2190 2839 2385 2900 nimia
2412 2839 2767 2916 ignorantia
2806 2843 2869 2900 et
2907 2841 3133 2902 mentis
3165 2861 3278 2904 cae·

1711 2928 1916 3004 citate,
1956 2937 2025 2990 ut
2053 2930 2213 2991 dixit
2248 2929 2473 2992 Paulus
2506 2931 2583 2994 ad
2612 2931 2833 3011 EpheS.
2865 2935 2928 3008 4,
2972 2951 3148 2996 versu
3178 2935 3275 3011 18,

1715 3027 1776 3082 et
1803 3023 2088 3101 praedixit
2114 3023 2393 3086 Christus
2432 3024 2611 3086 Joan.
2650 3027 2757 3086 12:
2790 3024 3111 3089 Ambalate
3136 3027 3279 3090 dum

1714 3115 1900 3179 lucem
1937 3117 2168 3180 habetis
2188 3161 2208 3194 ‚
2250 3121 2319 3180 ut
2348 3136 2467 3180 non
2496 3118 2743 3182 tenebra·
2780 3136 2882 3180 vos
2911 3120 3278 3198 comprehen-

1714 3210 1883 3284 dant,
1915 3215 2032 3272 etc.

1794 3303 1855 3364 6.
1908 3303 2147 3368 Christi
2172 3306 2349 3383 facta
2374 3305 2717 3384 specialiter
2744 3305 3165 3386 dirigebantur
3199 3308 3282 3370 ad

1718 3399 2144 3460 conversionem
2170 3397 2226 3459 J
2226 3397 2552 3460 adoeoram.
2576 3429 2659 3444 —
2684 3396 2861 3460 Alter
2883 3417 3053 3461 error
3074 3401 3279 3464 minas

1710 3491 1959 3569 propris
1982 3491 2035 3552 J
2036 3491 2357 3554 iudeorum.
2388 3521 2471 3536 -
2496 3491 2653 3552 Huic
2686 3509 2835 3554 vero
2873 3491 3151 3554 evidenti
3178 3512 3277 3554 ar-

1715 3590 2014 3660 gumento
2054 3584 2295 3646 accedit
2334 3583 2531 3660 aliud,
2580 3592 2899 3665 sumptum
2934 3604 3012 3646 ex
3049 3584 3273 3646 Christi

1715 3677 1959 3738 Domini
1986 3677 2274 3758 operibns
2302 3694 2323 3755 ;
2354 3695 2501 3740 nam
2545 3679 2887 3760 specialiter
2928 3677 3089 3742 facta
3128 3686 3275 3742 sunt

1710 3771 1788 3831 ad
1827 3771 2265 3834 illuminandos
2306 3779 2367 3834 et
2412 3773 2859 3834 convertendos
2896 3772 3139 3836 Judaeos
3155 3819 3176 3850 ,
3212 3781 3277 3836 et

1708 3864 1776 3926 in
1833 3883 1897 3928 se
1947 3867 2269 3929 continent
2314 3874 2447 3928 tum
2486 3864 2794 3928 rationem
2836 3873 3145 3947 sumptam
3196 3885 3275 3930 ex

1710 3959 2068 4022 testimonio
2104 3960 2319 4022 divino
2347 3978 2460 4041 per
2495 3959 2819 4036 miracula,
2862 3979 3053 4040 quam
3088 3979 3275 4041 supra

1711 4049 1832 4112 late
1860 4051 2305 4114 declaravimus
2324 4099 2345 4130 ‚
2384 4060 2521 4114 tum
2550 4053 2737 4114 etiam
2768 4054 3075 4116 rationem
3106 4071 3274 4116 sum-

1711 4153 1884 4225 ptam
1927 4165 2007 4208 ex
2050 4147 2505 4228 complemento
2545 4148 3042 4228 prophetiarum,
3082 4166 3275 4229 quam

1713 4240 1897 4302 modo
1941 4241 2361 4321 exposuimuS,
2408 4241 2557 4321 qnia
2588 4240 2824 4302 illamet
2862 4257 3051 4321 opera
3095 4249 3275 4303 erant

1711 4336 1890 4414 signa
1933 4354 1973 4396 a
2017 4334 2329 4415 prophetis
2378 4335 2695 4415 praedicta,
2748 4341 2810 4396 et
2854 4336 3275 4414 praenuntiata

1708 4447 1820 4508 pro
1849 4428 2123 4492 adventu
2164 4428 2400 4491 Messioe
2433 4474 2454 4504 ,
2497 4433 2559 4490 et
2597 4428 2735 4490 idco
2767 4428 2833 4488 in
2861 4429 2959 4490 his
2985 4428 3275 4510 operibns

1709 4541 1952 4602 semper
1988 4521 2131 4584 feeit
2166 4522 2294 4584 vim
2329 4539 2623 4602 magnam
2651 4522 2915 4602 ipsemet
2952 4520 3268 4584 Christus:

1710 4615 1791 4679 Si
1811 4617 1963 4678 mihi
1978 4635 2095 4678 uon
2114 4615 2302 4680 vultis
2326 4617 2575 4692 credere,
2600 4616 2876 4696 operibus
2895 4616 3153 4686 creditu
3168 4621 3265 4675 et:

1709 4710 1792 4772 Si
1821 4726 2000 4790 opera
2030 4729 2147 4773 non
2173 4710 2446 4787 fecissem
2481 4709 2549 4772 ia
2581 4712 2690 4787 sis,
2727 4715 2843 4770 etc.
2887 4709 2974 4770 Ac
2999 4708 3269 4789 denique

1707 4802 1886 4864 Joan.
1919 4805 1997 4867 5:
2038 4803 2201 4883 Ego,
2240 4802 2473 4884 inquit,
2506 4803 2680 4868 habeo
2713 4803 3117 4866 testimoniam
3148 4822 3275 4866 ma-

1693 4897 1808 4976 jas
1830 4898 2124 4968 hanno,-
2168 4901 2231 4958 et
2264 4893 2417 4958 illud
2458 4896 2774 4977 explicans
2816 4896 3027 4958 addit:
3076 4895 3272 4975 Opera

1709 5008 1840 5070 quse
1871 5009 1975 5069 eqo
2002 4992 2169 5067 facio
2192 5035 2215 5066 ,
2268 4989 2381 5052 illa
2420 4991 2829 5053 testimoniam
2856 4989 3167 5069 perhibent
3202 4989 3272 5053 de

1705 5100 1800 5144 me
1816 5105 1846 5153 ,·
1873 5081 2042 5161 quod
2070 5082 2228 5143 dixit
2254 5100 2383 5144 esse
2410 5081 2835 5145 testimonium
2868 5082 3096 5157 Patris,
3141 5099 3271 5142 non

1706 5174 1999 5237 hominis.
2032 5173 2311 5255 Denique
2334 5175 2596 5255 ipsamet
2624 5176 3005 5257 experientia
3024 5179 3269 5255 possent

1706 5269 1902 5333 Judaei
1929 5287 2114 5330 suum
2154 5287 2429 5330 errorem
2460 5287 2863 5348 cognoscere,
2914 5285 3063 5330 nam
3092 5266 3159 5328 in
3182 5267 3271 5328 eis

1705 5363 1965 5444 impleta
1990 5368 2135 5424 sunt
2160 5382 2297 5444 quas
2327 5363 2589 5444 ipsemet
2613 5363 2885 5424 Christus
2928 5360 3214 5442 praedixit
3244 5379 3261 5419 :

1703 5457 2041 5536 Auferetur
2080 5475 2121 5520 a
2158 5459 2322 5521 vobis
2355 5474 2603 5536 requam
2646 5457 2785 5530 Dei,
2836 5457 3011 5518 Matt.
3053 5457 3124 5516 2¹
3149 5469 3171 5532 3
3210 5459 3267 5516 ec

1701 5569 1818 5614 non
1877 5552 2251 5632 relinquetur
2312 5551 2413 5614 liic
2475 5548 2639 5630 lapis
2706 5567 2889 5630 super
2974 5549 3261 5628 lapidem,
