3900 6217
537 298 658 360 520

538 413 602 467 et
627 404 826 469 videri
859 404 1045 470 etiam
1074 415 1273 491 potest
1297 412 1664 491 BernarduS,
1693 433 1876 477 serm.
1921 418 2000 478 66
2030 416 2099 477 in

537 502 808 576 Cantica,
837 506 898 561 et
924 500 1102 563 divus
1120 504 1408 583 Thomna,
1446 508 1556 570 lib.
1597 513 1626 570 1
1660 510 1736 571 dc
1769 510 2096 589 Regimine

535 593 922 672 Principum,
967 614 1021 656 c.
1074 598 1250 659 iOet
1293 602 1730 680 sequentibus,
1777 608 1838 665 et
1886 602 1996 665 lib.
2032 604 2091 674 3,

535 704 592 747 e.
628 689 726 749 10.
760 689 1030 769 Denique
1071 706 1229 771 saepe
1272 700 1543 773 pastores
1579 696 1861 758 Ecclesiae
1901 703 2093 758 utun-

533 786 640 839 tur
666 780 897 842 auxilio
925 781 1164 843 brachii
1203 786 1517 863 secularis,
1553 794 1844 869 tanquam
1877 790 2091 851 minis-

533 880 630 935 tro
659 880 720 934 et
757 892 993 953 organo
1033 876 1150 936 sibi
1184 880 1526 941 necessario
1553 880 1630 942 ad
1661 884 2091 943 executionem

535 968 852 1047 potestatis
880 984 1038 1042 suae3
1062 970 1228 1047 quod
1269 978 1360 1033 est
1395 972 1685 1054 frequens
1726 976 1792 1036 in
1830 976 2091 1036 decretis

535 1060 884 1135 canonicis3
931 1068 994 1123 et
1037 1064 1156 1124 Lco
1191 1080 1368 1143 papa,
1421 1073 1482 1128 et
1528 1070 1906 1148 Augustinus
1941 1070 2091 1131 locis

534 1154 755 1227 citatiS,
785 1156 850 1217 in
879 1155 997 1218 hoc
1031 1176 1214 1219 sensu
1242 1160 1340 1221 vel
1370 1162 1434 1223 in
1475 1163 1781 1241 superiori
1827 1162 2095 1243 loquun-

535 1252 655 1309 tur.

611 1344 710 1404 29.
756 1341 858 1406 Ad
877 1345 1155 1425 quintum
1193 1345 1259 1407 in
1302 1348 1496 1411 eodem
1524 1366 1689 1409 num.
1739 1348 1840 1409 20.
1881 1380 1962 1394 —
1996 1346 2103 1411 Ad

531 1442 765 1498 sextum
808 1435 952 1498 ibid.
978 1472 1058 1482 —
1079 1437 1374 1511 Quintum
1419 1446 1857 1519 argumentum
1891 1458 2096 1502 sume-

532 1526 720 1588 batur
745 1547 822 1589 ex
863 1528 1119 1609 antiqua
1160 1531 1604 1593 consuetudine
1645 1532 1979 1609 ordinaria,
2034 1540 2097 1595 et

531 1618 779 1681 seclusis
829 1621 1142 1682 miraculis
1191 1622 1272 1683 ab
1318 1626 1618 1705 Apostolis
1668 1624 1884 1701 factis;
1937 1626 2095 1687 illud

529 1718 738 1772 alitem
785 1720 1248 1791 argumentum,
1305 1717 1357 1777 si
1405 1722 1638 1779 attente
1683 1718 2093 1797 expendatur,

531 1822 656 1864 non
687 1811 780 1865 cst
802 1805 880 1866 ab
927 1808 1289 1869 anctoritate
1318 1810 1603 1889 positiva,
1635 1816 1705 1870 ut
1735 1811 1822 1871 sic
1866 1812 2093 1887 dicam,

534 1898 639 1957 sed
669 1900 980 1976 negativa,
1013 1900 1174 1979 quod
1200 1920 1272 1961 ex
1297 1919 1655 1983 suogenere
1675 1902 1960 1965 inefficax
1978 1911 2091 1965 est.

529 1990 908 2067 Declaratur,
939 1994 1082 2073 qnia
1109 2012 1236 2054 non
1264 1993 1523 2056 affertur
1551 1982 1930 2057 consuetudo
1954 2016 2097 2059 con·

531 2085 746 2160 traria,
777 2104 916 2164 quae
968 2086 1034 2146 in
1082 2086 1384 2168 principio
1413 2088 1691 2151 Ecclesiae
1740 2089 1946 2166 fuerit,
1989 2092 2094 2151 sed

529 2182 775 2237 tantum
800 2178 962 2259 quod
990 2184 1140 2239 tunc
1164 2197 1291 2241 non
1319 2180 1504 2244 fuerit
1520 2182 1654 2243 haec
1679 2184 2091 2260 consuetudo;

532 2289 603 2331 ex
630 2290 753 2350 quo
775 2270 989 2332 inferri
1039 2291 1164 2333 non
1207 2279 1404 2353 potest
1431 2274 1704 2337 defectus
1747 2278 2089 2357 potestatiS,

532 2365 678 2444 quia
704 2383 829 2425 uon
861 2382 1102 2443 semper
1129 2367 1396 2426 occurrit
1423 2371 1852 2448 opportunitas
1879 2368 2093 2429 utendi

530 2462 829 2536 potestate
853 2476 1040 2537 quam
1075 2457 1295 2538 aliquis
1331 2456 1542 2536 habet,
1588 2465 1649 2522 et
1702 2462 1791 2523 ita
1834 2462 2094 2543 contigit

531 2549 814 2611 Ecclesiae
865 2550 931 2611 in
984 2549 1092 2611 illo
1141 2550 1354 2633 initi03
1396 2555 1542 2632 quia
1593 2566 1772 2616 erant
1821 2561 2095 2633 pastores

531 2641 816 2704 Ecclesiae
843 2643 1016 2723 quasi
1040 2644 1155 2704 sub
1181 2650 1476 2724 potestate
1502 2646 1849 2727 principum
1875 2646 2099 2710 infide-

532 2734 711 2810 lium,
747 2742 808 2795 et
857 2734 996 2797 ideo
1038 2754 1163 2796 non
1193 2742 1326 2798 erat
1369 2739 1456 2800 eis
1499 2738 1766 2800 liberum
1811 2746 1944 2801 tota
1990 2758 2099 2803 sua

535 2833 836 2907 potestate
889 2828 1004 2890 uti.
1074 2828 1263 2890 Addit
1322 2830 1510 2892 etiam
1566 2832 1973 2910 Augustinus,
2032 2834 2100 2894 in

534 2920 698 2981 dicta
725 2922 900 3001 epist.
937 2922 1040 2997 50,
1070 2922 1257 2982 etiam
1302 2931 1626 3005 postquam
1665 2924 1940 2987 Ecclesia
1986 2944 2097 3005 po-

531 3012 655 3074 tuit
687 3015 778 3073 uti
815 3020 1030 3075 contra
1069 3014 1386 3077 haereticos
1421 3018 1537 3078 hac
1575 3022 1874 3097 potestate
1927 3036 2095 3079 coer·

533 3106 692 3182 civa,
723 3124 852 3169 non
880 3107 1088 3168 statim
1127 3113 1320 3170 totam
1363 3129 1536 3171 suam
1565 3112 1692 3171 vim
1725 3113 2089 3188 exercuisse,

534 3198 640 3260 sed
682 3200 982 3281 paulatim
1015 3202 1394 3279 processisse,
1445 3204 1612 3283 prius
1671 3206 1977 3266 monendo
2028 3211 2089 3267 et

533 3294 937 3370 exhortando,
969 3292 1068 3354 val
1094 3294 1222 3355 sola
1250 3297 1634 3375 separatione
1662 3295 2095 3359 haereticorum

535 3387 791 3462 utendo,
835 3392 1047 3464 postea
1085 3404 1232 3449 vero
1267 3388 1600 3450 levioribus
1639 3392 1858 3470 poenis,
1895 3391 2091 3467 exilii,

532 3478 783 3554 scilicet,
815 3497 916 3540 eos
946 3480 1242 3559 cogendo,
1279 3482 1525 3557 deinde,
1553 3484 1907 3544 necessitate
1937 3502 2095 3545 cres-

533 3577 732 3648 cente,
777 3572 1044 3652 majores
1078 3590 1292 3652 poenas
1332 3571 1726 3635 adhibendo:
1760 3574 1942 3655 idque
1990 3576 2095 3637 de·

532 3666 723 3727 clarat
751 3666 1034 3745 exemplo
1062 3666 1284 3727 Christi
1308 3668 1556 3729 Domini
1595 3669 1660 3728 in
1696 3669 1990 3748 parabola
2017 3670 2094 3732 de

531 3758 788 3839 nuptiis,
827 3758 973 3821 Luc.
1020 3760 1121 3835 14,
1159 3777 1303 3820 nam
1345 3760 1517 3840 prius
1555 3761 1744 3823 semel
1777 3766 1838 3823 et
1865 3762 2094 3824 iterum

530 3852 821 3914 invitavit
870 3851 1043 3928 alios,
1106 3858 1179 3913 ut
1224 3860 1440 3934 sponte
1481 3854 1800 3933 venirent3
1841 3856 2095 3918 tandem

532 3965 677 4008 vero
709 3946 865 4008 dixit
894 3964 908 4006 ε
946 3946 1236 4030 Compelle
1263 3965 1358 4011 eos
1393 3948 1652 4012 intrare.
1690 3950 1766 4010 Et
1795 3950 1881 4010 ita
1908 3950 2095 4011 simul

531 4040 909 4101 satisfactum
963 4046 1056 4102 est
1109 4042 1292 4101 tertio
1347 4050 1718 4120 argumento
1774 4044 1973 4121 posito
2024 4042 2094 4103 in

531 4150 594 4191 n.
635 4134 712 4206 53
745 4136 805 4193 et
831 4133 1172 4194 secundum
1201 4135 1474 4212 positum
1511 4135 1576 4194 in
1615 4154 1681 4196 n.
1719 4138 1781 4212 4,
1805 4136 1937 4213 jam
1975 4134 2093 4196 sol-

529 4222 733 4284 vimus
753 4224 820 4284 in
850 4242 916 4287 n.
943 4227 1041 4289 24.
1081 4227 1367 4307 Superest
1393 4233 1640 4289 tantum
1678 4228 1895 4287 ultima
1931 4227 2089 4288 ratio

528 4316 604 4376 ad
633 4316 820 4376 finem
851 4336 1024 4381 num.
1067 4322 1169 4396 ΞΟ,
1201 4327 1448 4400 sumpta
1485 4338 1562 4382 ex
1596 4320 1989 4381 distinctione
2029 4326 2091 4381 et

529 4408 653 4471 fine
682 4410 1004 4491 utriusque
1031 4414 1347 4494 potestatis
1375 4412 1712 4493 spiritualis
1761 4420 1824 4475 et
1852 4420 2093 4493 tempo-

529 4503 673 4564 ralis
681 4520 703 4580 3
739 4504 815 4565 ad
847 4523 1034 4585 quam
1071 4506 1515 4586 respondemus
1540 4524 1760 4567 verum
1788 4524 1917 4567 esse
1951 4505 2091 4566 illas

525 4604 855 4675 potestates
908 4600 1207 4679 distingui
1258 4600 1322 4661 in
1379 4600 1660 4679 proxima
1708 4600 1992 4673 materia,
2030 4606 2093 4661 et

524 4687 652 4749 fine
675 4688 750 4749 ad
779 4708 964 4769 quem
993 4692 1362 4752 ordinantur
1372 4708 1393 4770 3
1442 4692 1560 4752 hoc
1585 4700 1795 4752 tamen
1819 4710 1943 4753 non
1972 4692 2092 4752 im-

528 4781 694 4858 pedit
740 4784 1073 4866 quominus
1103 4776 1752 4864 spiritualis‘potestas
1793 4783 2090 4845 indirecte

525 4872 600 4933 ad
635 4874 974 4935 materialia
995 4881 1057 4936 et
1077 4876 1440 4955 temporalia
1469 4877 1856 4951 extendatur,
1883 4882 1955 4935 ut
1978 4874 2094 4936 hoc

527 4966 712 5028 modo
737 4973 799 5028 et
823 4969 890 5028 in
922 4987 1032 5030 sno
1061 4968 1276 5030 ordine
1301 4970 1492 5048 possit
1521 4987 1648 5029 esse
1677 4968 1989 5029 sufficiens
2015 4968 2094 5027 ad

525 5078 710 5120 suum
764 5062 1071 5139 regimen,
1111 5067 1172 5121 et
1221 5062 1300 5123 ad
1352 5062 1563 5122 omnia
1609 5068 1860 5141 propter
1907 5078 2093 5119 suum

526 5150 718 5233 finem
777 5156 1140 5232 necessaria,
1182 5161 1246 5215 et
1289 5160 1361 5214 ut
1399 5155 1587 5234 possit
1647 5153 1928 5232 supplere
1988 5154 2093 5213 de-

527 5244 754 5307 fectum
799 5246 1154 5326 temporalis
1190 5248 1528 5326 potestatis,
1555 5248 1602 5305 si
1643 5264 1868 5305 munus
1905 5262 2089 5305 suum

525 5357 653 5401 non
708 5338 973 5419 expleat,
1028 5338 1129 5401 vel
1177 5356 1288 5399 sua
1337 5344 1632 5418 potestate
1661 5337 1976 5413 abutatur,
2022 5342 2092 5396 ut

525 5432 806 5513 superius
830 5432 1202 5512 explicatum
1244 5436 1356 5492 est.

1010 310 1244 363 nisrU‘r.
1281 312 1388 364 XX.
1422 314 1500 367 DE
1531 314 1824 369 REMEnns
1855 314 2169 367 ECCLESIAE
2200 314 2443 368 CONTRA
2477 316 2769 389 meliust-:s
2801 318 2881 371 ET
2914 318 3294 372 flAEnEwcos.

2792 564 3007 618 SECTIO
3050 566 3131 619 lv,

2225 742 2443 807 Utrum
2464 760 2664 807 omme
2690 744 2897 821 fideles
2922 750 3233 809 teneantur
3250 746 3543 811 hoereticos
3560 746 3653 813 sibi

2412 842 2583 900 notos
2596 838 2908 917 judicibus
2928 840 3073 917 fidei
3115 840 3481 901 denuntiare.

2255 1069 2313 1128 1.
2356 1068 2601 1131 Jadiois
2650 1070 2861 1132 modas
2919 1070 3273 1149 procedendi
3318 1088 3428 1151 per
3472 1070 3685 1151 inquist-

2175 1161 2395 1225 tionem
2432 1162 2501 1223 in
2542 1164 2832 1245 ymo-ali,
2862 1163 2959 1225 vel
2994 1161 3385 1242 particulari.
3412 1192 3485 1211 «-
3510 1166 3686 1230 Μοᾶω

2169 1255 2525 1333 procedendi
2554 1272 2669 1335 per
2696 1258 3158 1320 accusationem.
3178 1290 3257 1301 —-
3286 1257 3415 1317 Hoc
3436 1264 3521 1319 est
3538 1274 3691 1337 quar-

2176 1354 2313 1408 tum
2348 1348 2623 1410 medium
2656 1349 2735 1410 ad
2765 1348 3137 1411 medicinam
3188 1349 3621 1423 hier-eticorum,
3644 1359 3692 1413 et

2176 1441 2253 1502 ad
2279 1440 2701 1504 defensionem
2728 1448 2795 1504 et
2818 1442 3347 1504 conservationem
3388 1442 3528 1505 fidei
3548 1444 3692 1506 valde

2175 1535 2624 1610 necessarium,
2684 1541 2897 1616 estque
2948 1552 3276 1599 annexum
3324 1536 3687 1615 praecedenti:

2176 1646 2323 1688 nam
2358 1629 2433 1689 ad
2460 1627 2615 1689 illud
2644 1628 2989 1704 ordinatur,
3020 1629 3151 1689 imo
3179 1629 3247 1688 in
3278 1628 3493 1693 ordine
3518 1648 3690 1691 execu-

2176 1721 2365 1781 tionis
2414 1728 2507 1782 est
2544 1723 2761 1802 prius;
2810 1721 2993 1782 debet
3044 1722 3213 1781 enim
3266 1721 3485 1781 notitia
3526 1722 3691 1784 delicti
3785 1742 3786 1767 ³

2177 1812 2548 1895 praecedere,
2577 1820 2649 1874 ut
2702 1814 2875 1893 sequi
2908 1814 3097 1895 possit
3143 1815 3473 1889 correcti03
3502 1818 3691 1889 tamen,

2178 1906 2327 1985 quia
2368 1905 2500 1986 ipsa
2544 1908 2845 1968 correctio
2888 1912 2981 1968 est
3032 1906 3381 1967 intentione
3438 1908 3606 1986 prior,
3650 1912 3695 1968 et

2178 1998 2309 2059 haec
2350 2000 2739 2061 denuntiatio
2789 2000 2960 2060 illam
3003 2005 3375 2078 potestatem
3400 2000 3694 2077 corrigendi
3785 2068 3786 2071 Ἴ

2176 2094 2491 2172 supponit,
2545 2092 2686 2154 ideo
2740 2092 2907 2172 prius
2936 2091 3015 2153 de
3068 2092 3199 2171 ipsa
3250 2096 3545 2171 potestate
3572 2091 3695 2152 dixi·
3785 2118 3786 2143 ι

2177 2204 2337 2245 mus.
2378 2186 2453 2247 Ut
2480 2192 2689 2247 autem
2722 2184 3108 2263 intelligatur
3134 2184 3211 2245 de
3244 2202 3374 2264 qua
3423 2184 3697 2245 denuntia·
3785 2182 3786 2241 ζ

2174 2278 2345 2338 tione
2366 2295 2567 2338 sermo
2596 2279 2699 2352 sit,
2724 2283 2967 2359 oportet
2994 2277 3318 2338 advertere
3342 2294 3419 2338 ex
3432 2277 3698 2337 communi
3785 2276 3786 2287 ’

2175 2369 2453 2429 doctrina
2490 2370 2880 2448 juristarum,
2927 2376 3051 2430 tres
3090 2386 3223 2430 esse
3276 2370 3491 2429 modos
3530 2386 3698 2448 proce·

2174 2460 2363 2523 dendi
2380 2462 2605 2541 ‚indicis
2624 2462 3011 2523 ecclesiastici
3041 2468 3257 2542 contra
3280 2462 3607 2535 hoereticos,
3627 2460 3701 2521 vel

2175 2554 2327 2615 alios
2366 2554 2821 2634 delinquentes3
2878 2554 3127 2620 seilicet.
3179 2564 3291 2633 per
3343 2554 3584 2614 modum
3628 2554 3700 2615 in-

2180 2646 2559 2724 quisitionis,
2636 2646 3045 2707 accusationis
3099 2653 3161 2707 et
3230 2644 3697 2707 denuntiationis

2182 2741 2297 2799 Per
2362 2741 2615 2800 modum
2664 2739 3085 2818 inquisitionis
3162 2740 3446 2819 procedit
3506 2738 3699 2817 judex,

2179 2833 2427 2913 quando
2457 2851 2494 2893 a
2532 2835 2783 2894 nemine
2838 2836 3209 2912 provocatus
3260 2848 3341 2894 ex
3396 2830 3585 2892 officio
3630 2828 3702 2889 in-

2180 2925 2394 3003 quirit,
2446 2932 2507 2985 et
2560 2925 2901 3003 interrogat
2950 2925 3029 2985 de
3076 2924 3300 2985 delicto
3342 2940 3450 2983 sen
3494 2923 3698 2993 haireni,

2175 3021 2237 3076 et
2288 3016 2403 3077 hoe
2452 3016 2607 3078 solet
2658 3017 2793 3078 fieri
2838 3018 3204 3097 dupliciter,
3236 3018 3492 3093 seilicet,
3538 3016 3621 3075 vel
3650 3017 3700 3075 in

2172 3104 2443 3191 generali
2474 3130 2551 3173 ex
2588 3120 2761 3191 parte
2802 3130 3233 3192 personarum,
3267 3112 3417 3173 lieet
3452 3112 3525 3172 de
3552 3111 3700 3191 parti-
3785 3164 3786 3171 ,

2170 3205 2365 3266 culari
2422 3206 2645 3268 delicto
2704 3206 2816 3267 fiat
2862 3208 3301 3286 interrogati03
3360 3208 3468 3287 qui
3518 3205 3699 3267 modus
3785 3218 3786 3295 j

2175 3299 2511 3359 servandus
2566 3306 2674 3373 est,
2736 3301 2975 3378 quoties
3034 3300 3111 3360 de
3164 3299 3339 3360 nulla
3390 3296 3699 3380 particulari

2174 3408 2435 3470 persona
2485 3391 2789 3471 praecessit
2829 3391 3112 3468 infamia,
3161 3392 3260 3452 vel
3316 3396 3527 3453 rumor
3568 3389 3701 3449 suffi-

2174 3485 2360 3544 cione.
2392 3482 2567 3545 Alius
2598 3502 2746 3545 vero
2798 3484 3018 3545 modus
3062 3492 3175 3558 est,
3206 3486 3482 3564 quando,
3510 3498 3701 3563 praece·
3785 3548 3786 3561 χ

2176 3574 2359 3637 dente
2385 3576 2643 3637 infamia
2670 3578 2879 3658 aliqua
2905 3594 3207 3658 personae,
3255 3578 3337 3639 de
3378 3577 3483 3637 iila
3510 3578 3567 3635 in
3593 3592 3703 3653 par·
3785 3568 3786 3655 1

2174 3668 2419 3729 ticulari
2456 3669 2532 3729 fit
2567 3668 2991 3748 interrogatio,
3048 3677 3111 3731 et
3163 3670 3257 3731 his
3306 3668 3500 3731 modis
3528 3684 3700 3747 proce·
3785 3666 3786 3739 i

2176 3760 2344 3821 ditur
2370 3764 2556 3822 etiam
2604 3762 2668 3821 in
2710 3761 2937 3823 delicto
2964 3762 3243 3838 haeresis;
3296 3769 3563 3824 attamen
3598 3776 3699 3818 non
3785 3814 3786 3825 ,

2176 3854 2443 3932 pertinet
2462 3854 2538 3913 ad
2561 3854 2883 3914 materiam
2906 3855 3421 3930 denuntiationis,
3452 3853 3560 3913 nisi
3580 3868 3699 3930 qua-
3785 3848 3786 3875 i

2176 3952 2357 4007 tenus
2403 3964 2475 4007 ex
2529 3948 3019 4025 interrogatione
3066 3946 3371 4009 resultare
3412 3953 3594 4027 potest
3644 3943 3695 3999 in

2175 4056 2438 4117 persona
2493 4040 2879 4115 interrogata
2944 4040 3243 4119 obligatio
3306 4032 3696 4100 manifestandi

2172 4131 2529 4192 haereticum
2548 4148 2568 4210 3
2608 4139 2671 4194 et
2704 4133 2823 4194 hoc
2872 4133 2939 4193 in
2981 4134 3385 4212 sequentibus
3412 4130 3595 4193 obiter
3614 4144 3695 4186 ex-

2172 4224 2567 4304 plicabimus:
2603 4225 2725 4287 alia
2767 4244 2935 4297 vero,
2968 4244 3105 4305 quae
3151 4227 3231 4287 ad
3277 4227 3447 4287 bunc
3487 4220 3693 4285 modum

2171 4318 2545 4396 procedendi
2564 4320 2935 4397 generaliter
2954 4324 3256 4397 spectant,
3272 4319 3354 4379 ad
3375 4321 3695 4399 praesentem

2169 4410 2371 4471 locum
2404 4430 2530 4473 non
2576 4414 2907 4492 pertinent.
2944 4414 3060 4473 Per
3098 4412 3359 4473 modum
3386 4426 3527 4472 vero
3550 4422 3695 4468 accu-

2172 4504 2426 4565 sationis
2479 4503 2843 4583 proceditur,
2890 4504 3141 4581 quando
3196 4504 3402 4564 delicti
3446 4498 3695 4563 manifes-

2170 4598 2324 4658 tatio
2358 4598 2437 4657 ab
2470 4601 2820 4657 accusatore
2860 4596 3211 4671 inchoatur,
3254 4597 3365 4676 qui
3414 4594 3615 4655 modus
3644 4590 3695 4648 in

2170 4689 2288 4750 hoc
2314 4690 2535 4751 delicto
2570 4690 2820 4750 haeresis
2860 4690 3179 4749 ordinarie
3210 4708 3339 4751 non
3366 4688 3544 4749 estin
3580 4700 3693 4754 usu,

2170 4787 2243 4843 ut
2270 4783 2508 4844 notavit
2528 4783 2813 4857 Tabien.,
2838 4782 3009 4843 verb.
3038 4783 3407 4863 Inquisitor,
3444 4795 3602 4840 num.
3632 4774 3695 4835 ⁶27

2176 4882 2235 4936 et
2277 4874 2700 4955 sequentibus,
2742 4882 2804 4934 et
2858 4876 2995 4935 ideo
3046 4874 3205 4934 nihil
3260 4874 3445 4935 etiam
3498 4873 3569 4931 de
3600 4869 3697 4927 hoo
3785 4892 3786 4951 3

2174 4968 2357 5027 modo
2425 4968 2794 5046 procedendi
2852 4966 3080 5027 dicturi
3142 4984 3379 5027 snmus.
3442 4962 3697 5043 Superest

2172 5078 2323 5137 ergo
2352 5061 2569 5119 tertius
2592 5060 2833 5132 modus,
2863 5060 2969 5138 qui
3000 5058 3229 5119 dicitur
3264 5076 3375 5138 per
3401 5053 3693 5118 denuntia-

2172 5154 2431 5212 tionem.

2250 5248 2311 5305 Ξ.
2358 5246 2577 5307 Modus
2626 5244 3117 5317 denuntiationis,
3153 5242 3519 5325 quadruplam
3558 5235 3699 5315 apud

2178 5336 2421 5409 Sotnm,
2470 5338 2555 5399 ad
2594 5340 2741 5400 duos
2764 5337 3095 5400 reducitur.
3122 5366 3204 5383 —-
3241 5336 3523 5411 Quomodo
3550 5330 3695 5407 diffe-

2170 5436 2337 5493 rant.
2358 5462 2439 5475 --
2470 5430 2771 5508 Sufficore
2808 5432 2925 5493 duo
2954 5431 3123 5493 diota
3166 5430 3427 5492 membra
3461 5420 3690 5487 ostandi—
