3900 6217
790 442 960 495 SECT.
997 443 1079 495 111.
1118 441 1181 494 m
1211 440 1339 504 QUA
1368 438 1785 493 NECESSITATE
1816 438 2146 492 TENEATUR
2180 438 2348 493 110Μο
2381 440 2854 504 Etr-:summam
2891 442 3026 496 ETC.

294 544 445 623 quia
471 544 742 623 gravitas
770 542 1149 603 necessitatis
1168 559 1291 603 non
1318 539 1515 601 solum
1542 539 1859 620 pensanda

291 644 391 699 est
416 638 591 717 quasi
638 656 713 699 ex
761 636 1127 710 intensione,
1166 634 1271 694 sed
1314 633 1502 695 etiam
1544 633 1738 694 veluti
1782 650 1860 693 ex

292 732 657 792 extensione
686 736 749 791 et
775 735 1069 811 perpetua
1097 727 1363 809 quadam
1403 726 1751 802 duratione,
1798 732 1859 787 et

288 830 504 886 tamen
534 822 691 885 illud
718 824 1020 902 objectum
1073 823 1270 882 solum
1319 820 1723 901 compositum
1767 824 1859 880 est

292 934 373 977 ex
404 918 619 977 multis
650 917 888 978 levibus
917 914 1379 976 necessitatibus
1390 930 1411 991 3
1442 932 1589 991 ergo
1643 913 1860 973 simili-

288 1016 393 1070 ter
420 1029 608 1090 grave
642 1011 781 1083 erit,
806 1010 857 1071 si
884 1009 1092 1089 plures
1126 1007 1291 1069 leves
1331 1007 1723 1071 necessitates
1748 1025 1859 1067 vc-

290 1100 412 1164 lnti
442 1104 781 1165 distributas
807 1122 919 1183 per
940 1102 1167 1164 multos
1191 1102 1675 1177 considerentur.
1700 1102 1859 1161 Tan-

290 1196 469 1272 dem,
500 1198 603 1277 qui
630 1197 713 1257 sic
741 1215 804 1259 se
828 1196 1009 1277 gerit,
1038 1195 1245 1277 aliquo
1289 1194 1470 1256 modo
1498 1213 1561 1255 se
1604 1196 1857 1275 exponit

290 1290 571 1371 periculo
595 1290 922 1353 omittendi
945 1291 1131 1352 etiam
1154 1290 1606 1368 eleemosynam
1634 1290 1697 1349 in
1720 1308 1856 1367 gra·

290 1384 477 1445 vibus
532 1383 1029 1461 necessitatibus,
1099 1391 1231 1445 tum
1293 1390 1543 1464 propter
1603 1401 1855 1462 pravam

292 1480 841 1555 consuetudinem,
876 1487 1007 1539 tum
1028 1480 1309 1559 quianon
1342 1483 1434 1539 est
1459 1476 1637 1539 facile
1657 1476 1857 1539 levem

292 1589 333 1631 a
367 1574 543 1650 gravi
568 1574 927 1635 necessitate
956 1570 1355 1651 distinguere.

380 1666 443 1725 9.
496 1664 676 1730 Sitne
704 1666 1015 1729 contraria
1052 1666 1248 1745 opinio
1264 1665 1617 1747 probabilis.
1636 1698 1716 1712 -
1738 1663 1856 1725 Sed

294 1777 535 1837 quaeres
562 1778 641 1821 an
679 1758 797 1821 hoc
825 1761 903 1819 sit
947 1760 1037 1820 ita
1069 1765 1329 1833 certum,
1377 1765 1447 1819 ut
1478 1759 1853 1819 contrarium

295 1871 428 1913 non
471 1854 549 1915 sit
595 1855 857 1933 practice
905 1850 1221 1933 probabile
1262 1858 1325 1912 et
1364 1869 1672 1912 securum.
1723 1852 1857 1911 Non

297 1945 500 2005 audeo
546 1945 796 2027 quidem
838 1945 1197 2021 simpliciter
1248 1943 1448 2005 dicere
1502 1946 1685 2005 aliam
1730 1946 1858 2024 opi·

296 2040 555 2100 nionem
580 2058 709 2101 esse
740 2037 1229 2119 improbabilem,
1259 2039 1405 2117 quia
1430 2038 1617 2099 habet
1645 2044 1855 2099 aucto-

294 2150 398 2193 res
425 2150 661 2213 graveS,
719 2141 780 2193 et
834 2130 1072 2211 aliquas
1118 2132 1384 2192 rationes
1426 2150 1551 2193 non
1586 2138 1856 2193 contem-

296 2226 571 2301 nendas;
598 2231 872 2287 attamen
902 2224 1057 2285 mihi
1089 2225 1330 2286 videtur
1362 2245 1487 2287 non
1520 2224 1855 2287 admodum

294 2336 537 2395 secura,
568 2324 631 2379 et
672 2317 1027 2398 probabilis.
1052 2319 1169 2379 Sed
1192 2326 1263 2379 ut
1285 2319 1493 2399 aliquo
1526 2318 1709 2380 modo
1741 2319 1855 2379 mi-

300 2411 577 2491 tigemus
615 2412 784 2473 hunc
810 2412 1101 2489 rigorem,
1144 2411 1588 2473 advertendum
1630 2418 1739 2488 est,
1776 2412 1855 2473 ad

290 2502 707 2582 judicandum
736 2503 1005 2585 aliquem
1048 2504 1276 2566 habere
1298 2506 1630 2585 superflua,
1663 2505 1859 2566 multa

298 2614 432 2657 esse
468 2597 935 2659 consideranda.
970 2599 1120 2659 ltem
1160 2599 1366 2678 aliqua
1398 2616 1571 2679 posse
1592 2597 1859 2677 judicari

301 2690 617 2769 superflua
653 2690 719 2751 in
757 2692 973 2753 ordine
1012 2690 1085 2752 ad
1124 2710 1375 2769 gravem
1410 2692 1858 2767 necessitatem,

305 2800 449 2860 qnae
480 2782 794 2845 moraliter
827 2802 955 2845 non
996 2784 1413 2847 censebuntur
1454 2784 1603 2845 talia
1652 2782 1716 2843 in
1765 2801 1863 2843 or-

298 2876 450 2938 dine
493 2877 569 2937 ad
628 2896 1047 2955 communem,
1090 2878 1237 2957 quia
1283 2879 1442 2938 sicut
1476 2877 1718 2938 diversa
1773 2881 1863 2937 est

298 2972 649 3046 necessum,
682 2971 771 3033 ita
802 2976 863 3032 et
892 2971 1183 3050 obligatio
1236 2977 1298 3032 et
1338 2970 1615 3032 facultas,
1654 2970 1861 3031 Primo

299 3081 453 3141 ergo
477 3065 754 3126 omnium
786 3064 1263 3127 considerandus
1286 3071 1377 3126 est
1412 3070 1605 3126 status
1624 3064 1853 3139 divitis,

298 3162 367 3217 et
390 3158 633 3237 integra
653 3157 786 3238 ejus
816 3159 1116 3219 decentia.
1144 3156 1857 3235 Secund0,consideran—

297 3250 371 3309 di
397 3256 543 3311 sunt
568 3258 823 3313 eventus
844 3257 905 3313 et
943 3253 1331 3313 necessitates
1367 3270 1505 3332 quae
1545 3252 1858 3313 moraliter

297 3344 575 3407 accidere
604 3352 863 3426 possunt
885 3361 954 3405 ac
974 3346 1175 3406 solent
1199 3343 1437 3405 homini
1466 3346 1525 3406 in
1559 3345 1671 3407 tali
1692 3349 1856 3407 statu

297 3442 656 3511 constituto,
712 3446 773 3501 et
828 3440 1105 3518 personis
1166 3440 1453 3500 omuibus
1504 3436 1729 3519 quibus
1782 3458 1857 3501 ex

298 3534 500 3595 officio
520 3534 839 3613 providere
873 3539 1139 3595 tenetur.
1172 3534 1399 3603 Terti0‚
1429 3533 1481 3592 si
1535 3532 1759 3594 habeat
1791 3532 1856 3591 fi-

297 3626 418 3687 lios
458 3633 521 3686 et
546 3625 871 3703 familiam,
914 3625 1431 3689 considerandum
1484 3632 1571 3685 est
1602 3644 1774 3706 posse
1798 3632 1860 3687 et

297 3719 526 3781 debere
564 3718 708 3779 filiis
756 3718 1190 3794 thesaurizare,
1238 3724 1297 3779 et
1347 3718 1717 3779 constituere
1757 3736 1859 3779 eos

299 3812 371 3872 in
409 3819 594 3889 statu,
628 3818 688 3873 et
730 3811 1039 3873 interdum
1075 3814 1262 3873 etiam
1296 3812 1449 3873 alias
1497 3812 1859 3873 domesticas

298 3924 615 3984 personas.
676 3906 945 3986 Denique
990 3906 1123 3967 liaec
1151 3906 1429 3968 decentia
1479 3911 1677 3967 status
1732 3926 1858 3967 non

300 4000 579 4059 consistit
604 3999 669 4059 in
695 3988 1083 4076 indivisibili,
1116 3999 1220 4061 sed
1257 3999 1438 4061 habet
1464 3998 1858 4061 latitudinem

310 4092 631 4163 moralem,
677 4093 960 4172 quamvis
990 4093 1237 4153 tandem
1272 4093 1503 4172 signari
1529 4092 1717 4173 possit
1738 4099 1860 4153 tei·-

308 4183 515 4245 minus
562 4186 898 4247 secundum
946 4185 1239 4247 moralem
1278 4186 1694 4266 prudentiam.
1753 4186 1862 4249 His

268 4277 592 4338 ,omnibus
642 4278 1065 4353 consideratis,
1110 4278 1272 4339 bona
1310 4279 1473 4339 ultra
1522 4278 1697 4339 illum
1742 4286 1859 4339 ter·

308 4372 551 4431 minum
579 4372 883 4433 censenda
910 4378 1055 4432 sunt
1086 4372 1397 4452 superflua
1424 4371 1494 4431 in
1520 4370 1741 4432 ordine
1783 4369 1860 4431 ad

305 4482 561 4543 gravem
594 4466 1039 4527 necessitatem.
1070 4464 1135 4525 In
1158 4465 1374 4525 ordine
1408 4483 1553 4525 vero
1592 4465 1669 4525 ad
1694 4482 1860 4525 com·

304 4576 586 4633 munem,
613 4558 1125 4619 considerandum
1163 4565 1252 4623 est
1281 4558 1537 4619 ulterius
1570 4576 1649 4619 an
1677 4556 1861 4637 possit

304 4648 494 4710 homo
530 4650 607 4711 ad
649 4651 914 4731 aliquem
944 4652 1324 4730 superiorem
1372 4650 1631 4729 gradum
1660 4652 1727 4711 in
1764 4667 1858 4710 rea

306 4742 548 4822 publica
590 4744 882 4823 aspirare,
908 4746 994 4806 ita
1021 4750 1091 4805 ut
1133 4762 1341 4805 revera
1384 4744 1464 4803 sit
1492 4744 1747 4803 idoneus
1779 4741 1859 4803 ad

305 4836 507 4913 illum,
548 4844 609 4898 et
637 4838 967 4917 prudenter
1002 4840 1190 4918 possit
1220 4838 1297 4901 ad
1352 4838 1411 4899 id
1465 4838 1855 4899 contendere.

306 4930 460 4991 Nam
501 4932 550 4991 si
594 4938 740 4991 tunc
779 4932 865 4991 ita
893 4938 1141 5007 statuat,
1177 4950 1301 4994 non
1331 4931 1613 4992 dicentur
1642 4948 1857 5009 super-

306 5024 455 5099 flua,
484 5044 623 5104 quae
658 5026 731 5085 ad
778 5025 945 5086 hunc
966 5026 1293 5087 transitum
1331 5031 1555 5098 servat,
1587 5031 1656 5085 ut
1704 5024 1863 5086 bene

306 5115 629 5195 Cajetauus
660 5124 721 5179 et
766 5118 987 5180 Navar.
1026 5124 1041 5157 ¹
1093 5119 1500 5181 observarunt
1511 5140 1530 5195 3
1558 5135 1707 5178 nam
1746 5117 1863 5177 hoc

306 5215 397 5269 est
424 5208 535 5269 tali
564 5208 891 5272 candidato
912 5208 1305 5287 convenienS,
1327 5218 1389 5273 et
1406 5208 1863 5291 quodammodo

391 5396 406 5431 ¹
442 5394 662 5473 Cajet„
692 5397 753 5457 2.
788 5397 855 5473 2,
901 5414 963 5476 q.
1009 5398 1111 5474 32,
1159 5404 1277 5461 art.
1326 5400 1386 5476 5,
1434 5394 1512 5459 ad
1550 5394 1664 5470 fin,
1697 5402 1759 5456 et
1799 5412 1858 5475 q.

310 5490 709 5642 ;;8,nar-tl.44‚
742 5489 819 5549 ad
861 5488 1008 5567 fin.;
1044 5492 1265 5555 Navar.
1290 5536 1311 5567 ,
1358 5492 1428 5552 in
1474 5490 1761 5566 Summa,
1805 5508 1860 5549 c.

393 5627 415 5658 ,
509 5627 524 5641 .
641 5627 655 5642 .

3385 440 3504 503 685

1939 540 2008 600 in
2035 540 2348 620 republica
2385 541 2821 617 necessarium,
2848 547 2908 603 et
2950 560 3059 621 per
3098 560 3163 603 se
3207 544 3394 605 etiam
3423 544 3504 607 ad

1938 651 2266 695 commune
2316 635 2550 695 bonum
2597 635 2836 697 confert
2855 658 2874 711 3
2907 636 3070 716 quod
3126 654 3370 716 semper
3408 641 3506 701 in-

1939 724 2263 804 telligitur,
2296 726 2412 786 nisi
2438 727 2503 786 in
2537 734 2679 788 actu
2701 734 3030 789 occurrant
3059 747 3276 809 graves
3298 750 3506 793 neces-

1938 818 2106 879 sitaS.
2140 821 2215 880 Et
2263 818 2568 880 similibus
2623 820 2946 882 conatibus
3007 832 3504 889 annumerantur

1940 912 2042 991 pia
2069 931 2279 991 opera,
2317 929 2386 973 ut
2415 920 2504 974 est
2545 913 2867 974 aedificatio
2919 916 3156 995 templi,
3189 916 3503 981 scholasti-

1940 1022 2154 1066 corum
2201 1005 2558 1084 collegium,
2583 1014 2732 1068 'etc.
2773 1006 2930 1069 Nam
2963 1007 3093 1069 haec
3131 1010 3318 1071 etiam
3359 1018 3503 1074 sunt

1940 1099 2283 1159 necessaria
2308 1098 2690 1179 reipublicae,
2725 1105 2788 1161 et
2818 1102 3133 1181 pertinent
3177 1121 3288 1163 suo
3318 1105 3500 1166 modo

1938 1190 2016 1252 ad
2072 1195 2326 1267 statum,
2380 1197 2445 1253 et
2505 1192 2585 1253 ad
2630 1192 2921 1272 pietatem
2987 1194 3174 1256 etiam
3225 1196 3504 1259 christia-

1939 1301 2112 1344 nam.

2024 1378 2120 1437 10.
2169 1376 2402 1451 Quarta
2441 1378 2759 1444 conclusio,
2784 1414 2867 1429 --
2891 1378 3268 1465 Arqumenta
3298 1386 3504 1466 posita

1939 1488 2001 1532 n.
2032 1472 2092 1547 3,
2115 1489 2233 1552 pro
2253 1472 2364 1535 hac
2388 1473 2761 1536 conclusione
2801 1472 3024 1550 valent,
3055 1494 3160 1539 nec
3185 1478 3504 1557 infirmant

1939 1566 2183 1627 tertiam
2231 1565 2681 1629 conclusionem.
2739 1598 2824 1613 -
2875 1566 3020 1628 Dico
3075 1576 3292 1648 quarto
3330 1591 3344 1629 :
3395 1572 3502 1651 qui

1936 1656 2124 1719 habet
2143 1657 2452 1739 superflua
2478 1658 2861 1739 simpliciter,
2894 1665 2957 1719 et
2979 1665 3362 1739 propositum
3391 1660 3502 1721 ha·

1936 1748 2043 1809 bet
2095 1750 2359 1811 faciendi
2411 1750 2910 1830 eleemosynam,
2962 1760 3023 1813 et
3093 1772 3254 1833 saepe
3307 1754 3498 1831 facit,

1938 1845 2224 1922 quamvis
2273 1862 2432 1926 saepe
2479 1846 2748 1921 omittat,
2783 1853 2844 1907 et
2886 1846 3188 1907 nonnulla
3216 1848 3404 1909 etiam
3433 1850 3501 1913 in

1937 1955 2130 1997 vanos
2158 1956 2305 1997 usus
2332 1939 2660 2018 expendat,
2689 1938 3025 1999 dummodo
3053 1958 3271 2019 graves
3292 1960 3504 2003 neces-

1936 2031 2147 2090 sitates
2175 2050 2298 2092 non
2339 2032 2793 2111 praetermittat,
2827 2050 2952 2092 non
3007 2041 3218 2112 peccat
3265 2042 3499 2098 morta·

1938 2120 2100 2183 liter.
2129 2124 2302 2185 Hanc
2330 2123 2784 2185 conclusionem
2815 2142 2940 2184 non
2969 2132 3198 2204 negant
3225 2132 3503 2189 auctores

1942 2216 2228 2276 sccundae
2281 2216 2623 2292 sententiae,
2665 2222 2728 2278 et
2766 2215 3011 2278 videtur
3050 2218 3376 2297 procedere
3425 2238 3503 2281 ex

1936 2308 2202 2387 quadam
2229 2309 2502 2371 humana
2527 2310 2854 2389 aequitate3
2887 2316 2951 2370 et
2978 2312 3230 2389 quidem
3262 2330 3389 2373 non
3411 2318 3504 2373 est

1936 2402 2334 2471 asserendum
2374 2409 2690 2483 peccatum
2722 2404 3004 2477 mortale,
3037 2403 3143 2463 ubi
3176 2406 3504 2468 sufficienti

1936 2495 2178 2556 ratione
2207 2515 2331 2557 non
2377 2496 2782 2558 convincitur.
2819 2497 3046 2558 Deinde
3087 2498 3202 2559 hoc
3227 2518 3503 2580 praecep-

1938 2595 2072 2649 tum
2103 2595 2196 2649 est
2221 2588 2560 2665 affirmanS,
2587 2596 2647 2651 et
2667 2608 2812 2649 usus
2837 2590 2970 2668 ejus
2999 2589 3224 2669 pendet
3253 2610 3334 2653 ex
3355 2612 3504 2673 pru-

1941 2680 2173 2757 dentia,
2204 2690 2266 2742 et
2308 2682 2556 2762 quando
2611 2700 2738 2742 non
2768 2683 3032 2743 occurrit
3060 2685 3268 2763 gravis
3296 2705 3504 2747 neces-

1940 2773 2109 2850 sitaS,
2149 2792 2364 2835 omnes
2409 2775 2679 2835 fatentur
2721 2793 3080 2837 communes
3120 2779 3505 2843 necessitates

1941 2884 2052 2946 per
2079 2884 2142 2927 se
2170 2867 2445 2946 singulas
2471 2886 2598 2929 non
2633 2868 2910 2948 obligare
2948 2870 3025 2929 ad
3060 2870 3348 2946 morta1e3
3376 2892 3504 2934 non

1940 2978 2090 3038 ergo
2143 2967 2385 3021 tenetur
2425 2958 2779 3039 hujusmodi
2823 2962 2992 3021 dives
3032 2961 3178 3023 dare
3220 2964 3366 3025 huic
3403 2964 3504 3027 vel

1940 3052 2028 3113 illi
2091 3052 2518 3115 determinate.
2579 3054 2740 3133 Ergo
2790 3054 2840 3113 si
2896 3053 3058 3115 bona
3119 3055 3238 3117 fide
3296 3074 3504 3136 proce·

1936 3148 2066 3226 dat,
2119 3156 2180 3209 et
2219 3146 2675 3228 eleemosynam
2713 3146 2902 3207 faciat
2947 3149 3132 3208 statui
3187 3156 3505 3213 consenta-

1936 3260 2143 3307 neam.
2176 3241 2319 3303 licet
2357 3241 2508 3302 alias
2550 3240 2618 3301 in
2647 3239 2860 3302 multis
2894 3239 3162 3316 deficiat,
3216 3259 3341 3302 non
3385 3243 3504 3304 erit

1938 3336 2278 3398 censendus
2321 3353 2570 3414 peccare
2612 3333 2974 3395 mortaliter.
3026 3334 3274 3397 Accedit
3310 3336 3498 3416 quod,

1940 3432 1993 3491 si
2049 3448 2264 3490 omnes
2313 3427 2533 3488 divites
2572 3429 2662 3488 ita
2701 3445 2766 3487 se
2817 3433 3142 3505 gererent,
3187 3428 3504 3489 moraliter

1938 3520 2296 3601 reipublicae
2363 3527 2425 3581 et
2493 3519 2863 3601 pauperibus
2922 3520 3296 3582 sufficienter
3362 3520 3506 3581 sub-

1938 3614 2304 3675 veniretur:
2338 3632 2484 3693 ergo
2531 3613 2634 3674 ille
2683 3612 2792 3692 qui
2831 3613 2914 3673 sic
2978 3621 3292 3692 operatur,
3337 3614 3504 3695 quod

1938 3709 2006 3769 in
2055 3727 2118 3769 se
2178 3715 2270 3769 est
2314 3753 2334 3783 ,
2397 3706 2770 3767 sufficienter
2820 3707 3105 3768 subvenit
3162 3708 3506 3770 necessitati

1938 3801 2318 3882 reipublicae,
2364 3807 2426 3861 et
2473 3798 2550 3860 ad
2600 3799 2717 3861 hoc
2745 3799 2956 3861 valent
2981 3807 3350 3879 argumenta
3384 3807 3504 3861 ter·

1940 3896 2046 3957 tiae
2099 3897 2415 3959 sententiae
2443 3941 2466 3971 ,
2520 3913 2657 3974 quae
2718 3901 2930 3957 tamen
2991 3900 3206 3956 contra
3258 3896 3504 3958 tertiam

1942 3989 2400 4051 conclusionem
2441 4006 2566 4049 non
2614 3993 2862 4066 urgent.
2901 3988 3041 4049 Jam
3085 3990 3250 4050 enim
3315 4007 3502 4068 expo-

1941 4083 2178 4143 suimus
2225 4082 2534 4161 quomodo
2584 4082 2844 4141 materia
2905 4080 3093 4160 hujus
3134 4081 3368 4160 peccati
3422 4082 3503 4143 sit

1943 4176 2150 4253 gravis
2181 4197 2200 4251 3
2229 4176 2376 4235 item
2415 4173 2664 4253 quando
2694 4178 2756 4234 et
2797 4174 3105 4253 quomodo
3132 4174 3313 4235 liceat
3350 4174 3507 4235 divi-

1949 4269 2060 4328 tias
2102 4286 2342 4329 servare
2381 4266 2459 4327 ad
2505 4266 2960 4327 ascendendum
2995 4267 3075 4328 ad
3119 4268 3380 4346 gradum
3413 4267 3508 4328 di-

1943 4362 2223 4439 gnitatis,
2256 4359 2352 4420 vel
2385 4361 2661 4420 muneris
2701 4359 2768 4419 in
2796 4360 3134 4439 republica,
3175 4366 3237 4421 et
3281 4360 3506 4421 adalia

1941 4471 2130 4533 opera
2151 4452 2254 4533 pia
2273 4451 2655 4532 exequenda.
2690 4452 2964 4531 Denique
2986 4453 3120 4531 jam
3167 4452 3384 4513 damus
3413 4452 3505 4513 lo-

1943 4564 2084 4607 cum
2120 4546 2300 4606 alicui
2332 4543 2754 4625 prodigalitati
2779 4544 3032 4619 veniali,
3063 4545 3210 4624 quia
3247 4544 3378 4605 haec
3403 4563 3505 4606 su-

1944 4639 2183 4718 perflua
2211 4638 2443 4699 habent
2469 4636 2886 4711 latitudinem,
2923 4638 3086 4697 intra
3110 4656 3299 4717 quam
3344 4655 3504 4716 saepe

1942 4733 2349 4794 committitur
2418 4730 2816 4811 prodigalitas
2875 4730 3166 4807 venialis3
3211 4736 3504 4811 praeterea

1942 4844 2069 4885 non
2098 4824 2444 4903 obligamus
2485 4824 2550 4883 in
2605 4824 2809 4901 rigore
2857 4823 2935 4883 ad
2983 4823 3259 4884 dandum
3293 4823 3506 4885 omnia

1944 4918 2282 5000 superflua,
2303 4918 2520 4979 saltem
2543 4915 2657 4976 sub
2689 4914 2956 4977 mortali.
