3900 6217
569 377 734 430 SECT.
769 380 831 432 11.
865 378 1158 444 Quouono
1188 378 1368 432 fluas
1398 379 1787 432 Tul-:otoctca
1821 379 2127 435 nli-'FERAT
2159 387 2202 438 A
2234 381 2377 436 ΗΒΕ
2410 382 2661 449 GRATIA,
2696 383 2832 437 mc.

3174 375 3301 438 225

169 493 318 558 tinus,
343 487 498 544 tract.
537 482 610 542 32
655 480 722 540 in
757 480 966 556 Joan.,
1019 486 1083 542 et
1121 486 1306 542 tract.
1337 483 1378 542 6
1406 481 1473 541 in
1516 480 1642 560 pri·
1721 484 1958 562 hocque
1996 483 2092 544 illi
2128 485 2261 546 dari
2312 503 2423 566 per
2451 485 2719 564 gratiam
2760 484 2944 546 hanc.
2992 485 3084 546 Ita
3112 483 3301 545 sentit

171 599 300 644 mam
335 575 668 638 eanonicam
697 573 904 650 Joan.,
941 579 1004 636 et
1033 591 1218 638 serm.
1270 575 1388 636 186
1416 579 1480 636 et
1528 575 1642 636 187

167 679 224 736 de
243 676 518 750 Tempore,
551 669 620 730 15
653 667 728 728 de
772 668 1096 744 Trinitate,
1143 685 1277 748 cap.
1311 671 1412 744 59,
1444 673 1506 729 et
1531 666 1642 728 lib.

170 773 226 830 32
247 773 378 828 cont.
413 765 628 837 Faust„
673 781 806 842 cap.
861 767 963 840 15,
1008 769 1072 824 et
1100 761 1210 823 lib.
1253 767 1274 823 1
1315 763 1392 824 de
1420 762 1642 824 Mirab.

164 862 330 940 Script.
356 857 422 932 (si
439 857 564 934 ejus
583 858 717 932 est),
749 876 881 936 cap.
912 858 1134 932 9,1.εο
1162 858 1348 936 Papa,
1383 874 1569 917 serm.
1610 859 1640 916 1

167 954 468 1024 Pentecost.;
495 953 554 1008 et
589 949 868 1028 Niceph.‚
901 949 1012 1012 lib.
1065 953 1096 1010 1
1147 948 1330 1024 nist„
1363 968 1418 1010 c.
1467 951 1530 1009 2.
1575 950 1650 1009 Et

161 1051 290 1128 patet
314 1061 378 1104 ex
402 1043 522 1102 Act.
565 1043 604 1100 2
632 1062 649 1100 2
681 1041 1104 1123 loquebantur
1133 1043 1331 1106 variis
1386 1043 1646 1124 linquis,

158 1143 298 1222 prout
313 1136 571 1217 Spiritus
599 1135 874 1199 Sanctus
899 1137 1082 1200 dabat
1121 1137 1316 1217 eloqui
1341 1137 1494 1198 illia
1527 1135 1648 1197 Ubi

157 1231 284 1294 Beda
329 1235 382 1290 et
431 1227 532 1288 alii
579 1229 956 1309 expositores
1001 1229 1067 1291 id
1121 1229 1514 1292 confirmant.
1571 1230 1649 1290 Et

155 1324 300 1385 Marci
320 1322 416 1383 ult.
461 1338 478 1382 :
513 1323 774 1405 Linyuis
809 1324 1126 1404 loquentiu·
1161 1324 1372 1395 novin
1406 1329 1470 1384 et
1503 1325 1532 1382 1
1568 1321 1648 1384 ad

153 1419 256 1480 Cor.
292 1418 356 1478 ⁴4
385 1432 400 1476 :
433 1413 682 1482 Gratias
709 1433 824 1497 apo
856 1417 1006 1490 Deo,
1047 1416 1198 1498 quia
1228 1415 1489 1478 omnium
1525 1433 1649 1478 ves·

153 1519 280 1576 trum
299 1511 492 1590 linqua
513 1509 746 1589 loquor.
797 1511 876 1570 Et
907 1528 985 1571 ex
1021 1512 1160 1572 Act.
1193 1512 1271 1572 10
1299 1515 1360 1571 et
1389 1511 1468 1570 19
1495 1525 1646 1568 con-

151 1611 244 1664 stat
265 1602 428 1663 etiam
454 1599 590 1662 aliis
616 1600 902 1664 fidelibus
933 1601 1184 1664 solitum
1217 1621 1347 1664 esse
1369 1601 1506 1663 dari
1533 1600 1651 1662 hoc

151 1697 335 1756 donum
377 1696 438 1756 in
495 1694 816 1774 primitiva
853 1695 1150 1760 Ecclesia.
1205 1697 1282 1757 Et
1326 1695 1484 1756 ratio
1531 1700 1645 1771 cst,

155 1791 270 1868 quia
290 1803 368 1850 est
391 1786 698 1868 possibile,
726 1794 790 1850 et
809 1795 961 1850 tunc
1007 1789 1210 1852 fuerat
1240 1789 1510 1851 maxime
1541 1805 1650 1848 ne-

159 1883 444 1944 cessarium.
476 1881 650 1944 Circa
678 1884 840 1962 quod
865 1884 1066 1946 solum
1091 1891 1182 1946 est
1200 1883 1652 1945 advertendum

159 1976 218 2036 ad
237 1975 355 2036 illud
387 1974 584 2036 locum
627 1977 962 2055 pertinere,
1007 1996 1134 2039 non
1180 1976 1380 2040 solum
1425 1975 1652 2038 intelli-

157 2087 264 2144 gere
285 2075 336 2128 et
355 2069 536 2146 loqui,
557 2069 670 2155 sed
697 2071 888 2130 etiam
914 2071 1200 2133 scribere.
1235 2072 1392 2132 Nam
1417 2069 1535 2128 hoc
1565 2074 1653 2130 to-

159 2166 258 2220 tum
277 2161 518 2240 pertinet
543 2161 630 2222 ad
654 2171 932 2225 exactam
961 2163 1224 2244 alicujus
1251 2163 1485 2240 linguai
1514 2179 1656 2240 cog-

153 2255 489 2330 nitionem,et
504 2256 889 2336 completum
911 2257 1078 2319 illius
1101 2276 1306 2318 usum.
1321 2257 1496 2318 Unde
1517 2273 1656 2317 cum

155 2348 362 2426 Spiritus
385 2349 586 2410 Sancti
624 2368 815 2430 opera
837 2351 1108 2430 perfecta
1136 2353 1296 2426 sint,
1331 2351 1398 2411 in
1422 2367 1660 2436 eaper-

155 2439 356 2502 sectione
393 2443 570 2502 datur
597 2461 714 2522 per
749 2443 868 2506 hoc
910 2445 1146 2506 donum
1175 2445 1658 2524 uniuscujusque

164 2531 340 2611 linguae
362 2535 655 2614 cognitiO,
699 2555 842 2616 quae
867 2539 1208 2600 necessaria
1236 2543 1330 2599 est
1355 2537 1432 2599 ad
1463 2535 1657 2599 finem

156 2645 182 2684 a
203 2627 390 2704 Spiritu
421 2629 649 2692 Sancto
674 2632 1012 2708 intentum,
1057 2638 1121 2694 et
1159 2633 1236 2694 ad
1287 2631 1655 2694 convenien-

155 2725 248 2779 tem
268 2722 563 2799 quemdam
613 2731 873 2801 statum,
935 2744 1042 2788 seu
1093 2725 1537 2806 perfectionem
1580 2723 1656 2786 il·

151 2811 244 2872 lius
260 2813 471 2893 linguae.
502 2818 654 2878 Non
676 2825 768 2880 est
792 2825 1001 2881 autem
1028 2820 1440 2882 necessarium
1466 2825 1536 2879 ut
1555 2818 1660 2879 de·

157 2911 237 2964 tur
280 2925 476 2990 semper
525 2913 929 2974 exactissima
983 2912 1294 2993 perfectiO,
1351 2911 1657 2994 praecipue

163 2997 244 3058 illa
261 3019 364 3078 quae
381 3005 582 3082 magis·
595 3007 687 3066 ad
706 3012 1146 3068 ornamentum
1161 3024 1350 3087 quam
1371 3005 1446 3066 ad
1470 3022 1653 3065 usum

161 3101 347 3168 spectat.
393 3095 736 3159 Sciendum
781 3107 1077 3180 praeterea
1117 3107 1206 3162 est
1260 3100 1492 3161 donum
1539 3097 1657 3158 hoc

153 3203 284 3262 posse
297 3187 500 3253 habere
518 3191 951 3255 latitudinem.
971 3195 1129 3256 Nam
1152 3200 1353 3276 potest
1374 3193 1455 3254 ad
1478 3192 1652 3268 duas,

149 3278 220 3338 vel
255 3286 370 3358 tres,
413 3284 507 3346 vel
550 3293 832 3366 quatuor
864 3287 1111 3367 linguas
1152 3286 1425 3349 extendi.
1469 3287 1660 3347 Datur

145 3375 336 3453 ergogin
371 3397 439 3440 ea
481 3379 826 3443 latitudine
861 3400 1052 3461 quam
1095 3382 1359 3462 Spiritus
1397 3379 1656 3442 Sanctus

147 3467 258 3541 vult,
279 3477 332 3530 et
364 3479 450 3533 est
487 3477 846 3537 necessaria
873 3475 984 3536 fini
1025 3477 1179 3556 ejus.
1229 3477 1310 3538 De
1349 3472 1655 3554 Apostolis

141 3575 247 3620 vero
269 3565 664 3644 Augustinus,
701 3569 769 3628 in
800 3567 1060 3648 Prologo
1088 3569 1233 3630 libri
1260 3569 1336 3630 de
1366 3567 1652 3628 Doctrina

139 3651 445 3735 Christiana,
485 3659 735 3737 scribit,
781 3664 1064 3724 omnium
1098 3662 1382 3742 gentium
1418 3659 1652 3738 linguis

135 3743 280 3809 fuisse
302 3749 546 3830 locutos,
581 3753 738 3816 licet
763 3756 831 3816 in
873 3755 1128 3817 Actibus
1158 3754 1359 3816 solum
1385 3754 1650 3828 dicatur,

137 3843 288 3904 rarii-s
338 3845 561 3928 linquis
626 3866 755 3913 esso
816 3849 1068 3927 locutos,
1117 3855 1305 3930 prout
1370 3846 1654 3928 Spiritus

139 3930 358 4000 Sanctus
383 3941 564 4004 dabat
585 3943 788 4023 eloqui
807 3943 964 4006 illis.

196 4027 242 4087 9.
279 4033 360 4094 Do
411 4035 916 4115 interpretatione
957 4054 1295 4101 sermonum
1344 4035 1491 4118 quid
1506 4033 1536 4095 ἓ
1572 4064 1654 4079 -

133 4115 310 4186 Prima
341 4131 668 4204 sententia,
699 4147 804 4192 seu
820 4128 1060 4212 primus
1080 4131 1292 4194 modus
1325 4125 1653 4209 emponendi

133 4211 254 4277 hanc
275 4222 554 4298 qratiam.
590 4257 678 4268 -
709 4223 794 4284 De
828 4221 951 4284 alia
977 4225 1198 4301 gratia,
1245 4239 1382 4303 quae
1426 4227 1517 4282 est
1559 4220 1654 4282 iu-

131 4309 432 4388 terpretatio
450 4333 826 4392 sermonum,
851 4317 921 4378 D.
963 4317 1254 4393 Thomas,
1299 4315 1540 4394 agendo
1573 4315 1650 4376 de

133 4405 304 4476 gratiis
319 4409 504 4484 gratis
531 4409 700 4472 datis
726 4411 794 4472 in
815 4413 878 4471 2.
910 4413 972 4487 2,
995 4411 1154 4472 nihil
1175 4429 1421 4491 prorsus
1450 4410 1646 4472 docet.

134 4491 304 4556 Solum
327 4499 678 4578 cajetanus,
705 4504 772 4563 in
791 4505 1112 4583 prooemio,
1135 4510 1349 4583 quaest.
1385 4505 1524 4579 171,
1543 4501 1653 4562 ob-

129 4597 292 4650 servat
325 4593 486 4656 hanc
527 4598 804 4688 gratiam
830 4598 1105 4658 revocari
1131 4616 1170 4658 a
1199 4599 1266 4660 D.
1300 4597 1542 4658 Thema
1573 4594 1651 4657 ad

135 4693 210 4739 0³⁵
241 4701 366 4763 quae
403 4689 472 4749 in
510 4707 804 4751 sermone
841 4691 1204 4752 consistunt.
1249 4692 1332 4753 De
1379 4709 1502 4770 qua
1561 4695 1653 4750 ta-

137 4787 248 4834 men
269 4776 624 4842 re'ductione
648 4783 719 4844 D.
749 4783 1038 4858 Thomas,
1069 4784 1134 4846 in
1159 4790 1286 4845 tota
1315 4784 1652 4864 quaestione

133 4863 241 4940 ¹77,
283 4869 385 4931 ubi
427 4873 503 4936 de
551 4875 764 4958 qratia
803 4877 1096 4939 aemonis
1136 4881 1380 4952 tractat,
1409 4874 1650 4936 nullam

125 4955 246 5018 fecit
281 4965 692 5044 mentionem3
743 4968 952 5049 itaque
996 4969 1308 5031 difficilius
1356 4969 1650 5049 explicari

127 5049 254 5111 solet
291 5055 400 5116 hoc
451 5059 717 5122 donum.
749 5061 956 5123 Prima
1001 5079 1148 5142 ergo
1181 5063 1510 5138 sententia,
1541 5081 1652 5138 seu

129 5146 310 5238 {nodus
335 5153 706 5232 exponendi,
736 5159 828 5216 est
847 5157 1180 5217 consistere
1199 5156 1362 5218 hanc
1382 5157 1651 5236 gratiam

129 5246 184 5288 ¹1¹
207 5252 288 5310 ⁸⁰,
335 5251 400 5300 ut
434 5246 545 5324 qni
603 5265 794 5308 unam
849 5247 1156 5328 linguam,
1208 5249 1380 5313 verbi
1423 5250 1647 5328 gratia,

127 5341 379 5407 graeffim,
434 5337 641 5400 solum
683 5341 997 5422 intelligit,
1041 5361 1186 5404 cum
1223 5342 1492 5405 alterum
1541 5342 1650 5404 he-

129 5413 302 5482 braice
325 5423 677 5505 loquentem
693 5423 903 5511 audit,
941 5437 1134 5516 possit
1172 5436 1483 5516 loquentis
1511 5454 1650 5497 sen·

129 5529 246 5574 sum
293 5525 350 5579 et
396 5530 669 5586 mentem
723 5525 991 5608 perfecte
1039 5528 1176 5594 aliis
1227 5531 1646 5611 interpretari,

409 5641 518 5688 111.

1725 578 2165 657 Hieronymus,
2198 582 2227 640 1
2265 580 2341 640 ad
2372 580 2505 640 Cor.
2537 581 2613 640 12
2638 601 2655 654 3
2688 577 2909 638 clarius
2938 577 3299 657 chrysosto-

1729 689 1872 732 mus
1901 677 1961 732 et
1986 673 2432 750 Theodoretus,
2463 671 2615 732 ibid.
2624 687 2645 749 ;
2680 670 2847 732 favet
2868 670 3051 730 lectio
3076 687 3297 748 graeca,

1731 785 1868 844 quie
1903 765 2208 843 ejusmodi
2236 767 2500 845 gratiam
2530 773 2712 826 vocat
2740 764 3301 847 interpretationem

1729 859 2113 941 linquar-um,
2150 878 2275 920 non
2323 859 2472 920 dicit
2517 858 2809 922 sermonis
2834 859 3058 935 :juxta
3111 874 3301 935 quam

1730 953 2179 1032 expositionem
2204 952 2377 1014 aliud
2402 959 2493 1014 est
2515 953 2689 1032 loqui
2717 950 2973 1028 linguiS,
2996 950 3167 1010 aliud
3204 951 3301 1010 in·

1729 1046 2059 1125 terpretari
2108 1036 2392 1125 linguam
2444 1063 2635 1126 quam
2676 1046 2873 1116 nescis
2896 1093 2912 1119 ,
2976 1045 3105 1106 sive
3161 1061 3301 1104 eam

1729 1138 1967 1214 audias,
2011 1140 2133 1201 sive
2170 1140 2461 1219 scriptam
2502 1138 2706 1216 legas3
2740 1146 2802 1200 et
2836 1144 2927 1201 est
2966 1137 3297 1216 probabilis

1727 1232 2053 1312 expositio,
2099 1250 2170 1295 ac
2208 1232 2499 1294 credibile
2538 1232 2660 1293 tale
2707 1231 2941 1293 donum
2978 1231 3295 1294 interdum

1731 1345 1860 1390 esse
1888 1327 2105 1390 datum
2129 1328 2196 1388 in
2218 1326 2534 1408 primitiva
2554 1325 2855 1404 Ecclesia3
2890 1345 3037 1387 nam
3066 1326 3156 1387 ita
3183 1331 3301 1388 tes-

1727 1427 1944 1483 tantur
1972 1421 2383 1501 antiquissimi
2426 1421 2519 1483 illi
2568 1423 2793 1496 Patre8‚
2849 1427 2912 1482 et
2940 1420 3141 1500 potuit
3168 1437 3301 1482 esse

1728 1513 2044 1575 interdum
2064 1515 2499 1594 necessarium,
2521 1516 2621 1577 vel
2645 1516 2863 1577 saltem
2884 1514 3261 1575 conveniens
3270 1529 3291 1591 ;

1730 1607 1977 1668 videtur
1998 1614 2210 1669 tamen
2236 1607 2359 1670 tale
2386 1593 2619 1670 dbnum
2652 1608 3120 1670 convenientius
3154 1625 3300 1668 con·

1729 1701 1919 1762 tineri
1941 1701 2059 1762 sub
2082 1702 2248 1762 dono
2267 1701 2669 1780 linguarum3
2702 1720 2850 1763 nam
2880 1700 3160 1779 ejusdem
3202 1719 3303 1762 ra-

1729 1794 1918 1855 tionis
1940 1801 2035 1856 est
2056 1794 2407 1875 intelligere
2432 1796 2716 1874 linguam
2744 1801 2934 1875 atque
2959 1794 3067 1858 illa
3094 1795 3299 1876 loqui3

1729 1887 2052 1966 solumque
2070 1886 2368 1949 differunt
2394 1895 2692 1968 tanquam
2722 1889 3067 1968 perfectum
3098 1895 3160 1950 et
3186 1889 3304 1950 im-

1730 1979 2076 2060 perfectum
2130 1981 2198 2041 in
2254 1981 2470 2042 eadem
2516 1982 2866 2044 latitudine.
2926 1982 3101 2056 Quod
3158 1999 3305 2043 vero

1737 2072 2085 2149 Catherin.,
2105 2077 2134 2134 1
2158 2075 2241 2134 ad
2271 2076 2409 2137 Cor.
2437 2076 2538 2149 12,
2563 2075 2818 2150 indicat,
2850 2074 3085 2136 donum
3116 2076 3307 2138 inter-

1735 2164 2100 2249 pretationis
2122 2184 2459 2230 sermonum
2488 2169 2575 2228 ita
2602 2168 2734 2229 dari
2756 2169 3211 2247 interpretanti,
3235 2175 3307 2230 ut

1738 2267 1949 2320 tamen
1975 2259 2238 2339 ipsemet
2254 2279 2382 2321 non
2406 2258 2717 2339 intelligat
2738 2279 2813 2322 ea
2840 2279 2977 2341 quae
3004 2261 3181 2322 audit
3206 2260 3306 2323 vel

1741 2353 2209 2434 interpretatur,
2242 2357 2306 2414 et
2330 2353 2399 2414 in
2452 2352 2571 2414 hoc
2618 2351 2868 2415 differre
2900 2371 2939 2414 a
2981 2353 3145 2415 dono
3186 2353 3307 2416 lin-

1738 2464 2009 2526 guarum
2029 2491 2050 2523 ,
2110 2445 2266 2508 mihi
2309 2463 2437 2507 non
2480 2445 2804 2527 probatur,
2850 2466 2979 2510 non
3024 2448 3173 2528 quia
3225 2447 3323 2529 sit*

1735 2557 1985 2620 prorsus
2008 2540 2408 2620 impossibile,
2430 2540 2537 2601 sed
2558 2540 2704 2620 quia
2722 2559 2851 2603 non
2880 2547 3135 2622 apparet
3162 2559 3307 2602 con-

1736 2634 1992 2695 veniens
2026 2677 2042 2706 ,
2104 2651 2305 2713 neque
2376 2632 2656 2713 perfectae
2722 2635 2987 2696 motioni
3043 2634 3306 2714 Spiritus

1736 2725 1946 2786 Sancti
1988 2726 2547 2787 accommodatum.

1823 2819 1918 2882 10.
1973 2817 2291 2882 Secundus
2326 2821 2559 2882 modus.
2584 2850 2665 2865 —
2692 2821 2797 2882 Est
2838 2839 2987 2901 ergo
3037 2821 3307 2884 secunda

1735 2913 2067 2990 sententia,
2126 2912 2287 2975 hanc
2332 2915 2596 2993 gratiam
2644 2933 2772 2977 non
2821 2915 3037 2978 referri
3087 2915 3306 2978 imme-

1737 3007 1904 3071 diate
1931 3006 2012 3068 ad
2051 3008 2257 3088 ipsum
2284 3008 2519 3070 idioma
2548 3020 2611 3070 et
2654 3007 3171 3088 significationem
3200 3027 3305 3071 vo-

1735 3103 1842 3178 cis,
1889 3103 1996 3163 sed
2022 3103 2101 3164 ad
2140 3120 2391 3164 sensum
2430 3103 2880 3165 sententiarum
2922 3121 3060 3182 quae
3104 3103 3305 3183 profe-

1735 3202 1982 3258 runtur.
2020 3195 2340 3274 Contingit
2358 3196 2528 3257 enim
2547 3196 2907 3276 quempiam
2922 3197 3080 3258 bene
3108 3196 3307 3276 perci-

1737 3307 1886 3370 pere
1914 3288 2393 3369 significationes
2416 3306 2635 3350 vocum
2662 3289 2925 3368 alicujus
2951 3289 3183 3369 linguae
3206 3288 3303 3352 vel

1737 3382 2081 3463 scripturoe,
2113 3387 2177 3442 et
2203 3387 2415 3442 tamen
2439 3399 2568 3442 non
2616 3381 2931 3462 percipere
2970 3383 3117 3444 satis
3156 3401 3303 3444 sen·

1735 3494 1874 3536 sum
1893 3481 1957 3537 et
1984 3481 2257 3536 mentem
2275 3474 2600 3536 scribentis
2620 3474 2721 3536 vel
2742 3475 3070 3554 loquentis.
3096 3475 3306 3548 Quan-

1733 3570 1816 3629 do
1840 3587 1989 3649 ergo
2018 3569 2229 3645 alicui,
2259 3585 2338 3629 ex
2366 3567 2615 3648 speciali
2641 3567 2903 3648 Spiritus
2928 3568 3137 3630 Sancti
3172 3586 3305 3630 mo-

1733 3664 1926 3738 tione,
1988 3663 2173 3724 datur
2228 3668 2301 3723 ut
2352 3681 2425 3724 ea
2470 3680 2609 3741 quas
2641 3663 2789 3740 legit
2834 3661 2933 3722 vel
2986 3662 3160 3724 audit
3214 3664 3303 3726 ita

1733 3756 1893 3818 bene
1921 3756 2253 3836 intelligat,
2292 3762 2362 3816 ut
2384 3755 2575 3835 possit
2611 3754 2720 3816 illa
2742 3756 2881 3817 aliis
2908 3757 3303 3837 interpretari

1729 3849 1910 3928 juxta
1923 3867 2173 3911 sensum
2193 3849 2503 3930 loquentis
2516 3847 2615 3909 vel
2631 3848 2973 3925 scribentis,
2992 3858 3141 3910 tunc
3162 3869 3301 3912 vere

1735 3943 2013 4022 recipere
2040 3943 2269 4004 dicitur
2304 3942 2571 4020 gratiam
2612 3941 3140 4022 interpretationis
3176 3959 3302 4004 ser-

1731 4052 2017 4096 monum.
2052 4036 2144 4096 Ita
2189 4037 2257 4098 D.
2292 4035 2561 4096 Thomas
2591 4037 2649 4096 1.
2686 4034 2748 4111 2,
2796 4053 2859 4114 q.
2904 4038 3045 4112 111,
3083 4041 3201 4097 art.
3232 4037 3296 4111 4,

1733 4132 1795 4188 et
1823 4127 2051 4189 clarius
2086 4129 2347 4190 lectione
2387 4129 2427 4189 2
2462 4127 2530 4188 in
2569 4131 2599 4189 1
2644 4127 2721 4187 ad
2752 4127 2887 4189 Gor.
2922 4129 3017 4190 12.
3056 4128 3168 4190 Cui
3195 4129 3301 4189 ad·

1732 4218 1878 4282 dere
1906 4238 2253 4301 possumus,
2283 4239 2361 4282 ex
2398 4221 2639 4296 codem,
2666 4221 2727 4282 2.
2773 4222 2836 4295 2,
2876 4239 2939 4300 q.
2978 4222 3118 4298 176,
3144 4239 3184 4281 a
3234 4223 3295 4298 2,

1731 4313 1812 4374 ad
1840 4316 1900 4390 4,
1935 4314 2013 4375 ad
2042 4314 2159 4376 hoc
2177 4314 2411 4375 donum
2443 4314 2633 4376 etiam
2664 4315 2995 4388 deservire,
3028 4319 3100 4375 ut
3143 4313 3297 4376 illud

1732 4407 2051 4489 possidens
2086 4407 2497 4487 interpretari.
2530 4414 2671 4488 apte
2712 4407 2958 4468 noverit
2996 4406 3301 4488 quidquid

1733 4507 1828 4563 est
1867 4508 2003 4562 tum
2046 4501 2113 4561 in
2146 4519 2454 4576 sermone,
2479 4507 2613 4562 tum
2646 4502 2715 4563 in
2746 4501 3053 4579 scriptura
3081 4499 3297 4562 obscu-

1732 4611 1901 4671 rum,
1945 4593 2076 4655 sive
2133 4599 2386 4674 propter
2432 4613 2640 4656 rerum
2682 4592 3131 4670 difficultatem,
3170 4594 3299 4656 sive

1733 4693 1985 4769 propter
2010 4687 2445 4750 similitudines
2477 4695 2539 4750 et
2573 4687 2916 4769 parabolas,
2956 4694 3069 4748 aut
3106 4688 3299 4750 inter-

1733 4783 1884 4843 dum
1936 4783 2125 4843 etiam
2166 4781 2245 4842 ob
2295 4783 2572 4863 ipsarum
2627 4799 2849 4843 vocum
2900 4779 3301 4860 significatio-

1731 4893 1880 4936 nem
1925 4881 1989 4937 et
2032 4874 2497 4952 difficultatem3
2544 4893 2671 4937 non
2708 4875 2857 4955 quia
2883 4891 2995 4954 per
3044 4875 3167 4936 tale
3194 4875 3303 4935 do-

1730 4984 1885 5029 num
1905 4977 2311 5047 cognoscatur
2334 4969 2536 5050 primo
2565 4968 2936 5049 significatio
2968 4967 3159 5044 vociS,
3193 4966 3301 5028 sed

1732 5063 1879 5142 quia
1913 5063 2226 5124 interdum
2256 5062 2623 5142 significatio
2664 5063 2798 5142 ipsa
2838 5060 3162 5142 multiplex
3208 5065 3299 5122 est

1733 5163 1796 5218 et
1826 5156 2143 5236 ambigua,
2182 5155 2281 5218 vel
2316 5157 2635 5236 usurpatio
2674 5157 2807 5236 ejus
2848 5154 3295 5233 metaphorica,

1730 5249 1997 5330 ideoque
2031 5250 2111 5311 ad
2154 5248 2318 5311 hanc
2357 5250 2545 5311 etiam
2586 5249 2854 5329 gratiam
2897 5248 3167 5328 pertinet
3212 5247 3295 5307 ita

1731 5341 2001 5426 dirigere
2022 5341 2499 5422 intelligentiam
2524 5343 2821 5420 hominis,
2844 5347 2917 5402 ut
2942 5340 3135 5420 possit
3152 5357 3298 5399 con·

1729 5437 2055 5498 venienter
2088 5437 2508 5517 interpretari,
2547 5452 2672 5515 quo
2714 5434 2899 5495 modo
2944 5439 3006 5495 et
3030 5433 3295 5509 ratione,

1729 5527 1848 5590 boc
1894 5529 1995 5590 vel
2040 5529 2147 5591 illo
2173 5529 2309 5591 loco
2336 5547 2457 5591 vox
2494 5533 2829 5610 usurpetur
2835 5543 2858 5608 3
2894 5536 2958 5590 et
2989 5526 3077 5586 ita
3113 5525 3297 5605 plane

2939 5633 3017 5692 ¹5
