3900 6217
683 401 851 452 SECT.
886 401 971 454 111.
1005 399 1087 452 AN
1120 398 1238 452 PER
1270 399 1438 454 OHNE
1470 399 1759 452 MORTALE
1791 398 2154 454 AfflTTATUR
2187 401 2451 454 HABITUS
2483 402 2666 466 FIDEI,
2700 403 2836 454 E'rc.

134 503 375 568 rationo
420 502 572 582 fidei
602 507 901 580 sormacoe,
944 507 1002 565 et
1042 500 1345 580 informis,
1374 533 1457 548 -
1482 501 1708 563 Secun-

136 597 289 658 dum
336 602 786 677 argumentum
830 595 985 676 petit
1038 601 1109 655 ut
1154 595 1533 673 explicemus
1582 594 1708 655 dis-

136 693 507 753 tinctionem
548 690 699 752 fldei
741 693 805 751 in
846 695 1159 751 mortuam
1204 695 1265 750 et
1315 689 1547 763 vivam,
1602 707 1711 750 seu

140 786 475 847 formatam
515 790 581 845 et
622 783 981 857 informem,
1026 800 1213 862 quam
1242 781 1429 842 etiam
1477 781 1709 842 tradidi

136 881 326 941 citato
372 879 577 958 eapite
632 877 711 939 de
752 876 1001 953 Gratia,
1045 895 1085 937 a
1134 893 1397 938 numero
1451 881 1708 953 octavo,

136 981 201 1036 et
255 972 445 1034 docet
492 971 671 1032 divus
724 969 995 1032 Thomas
1051 969 1319 1030 secunda
1369 969 1655 1030 secundae
1684 1014 1707 1045 ,

134 1067 485 1148 quastione
527 1070 771 1144 quarta,
798 1062 1057 1126 articulo
1096 1063 1419 1140 trigesimo
1464 1069 1708 1141 quartu,

134 1168 199 1224 et
228 1166 430 1237 sexto,
468 1165 529 1222 et
559 1158 649 1220 ibi
688 1158 1038 1238 caietanus,
1072 1163 1134 1218 et
1159 1155 1382 1236 reliqui
1408 1155 1712 1236 exposito-

130 1273 253 1331 res,
282 1260 351 1316 et
368 1253 787 1316 communiter
816 1253 1103 1314 Doctores
1128 1250 1194 1312 in
1224 1252 1285 1327 3,
1317 1250 1710 1311 distinctione

130 1349 442 1428 vigesima
484 1347 693 1422 tertia,
742 1355 809 1406 et
831 1345 1132 1424 vigesima
1170 1349 1415 1424 quarta,
1451 1349 1515 1404 et
1542 1360 1711 1403 sum-

130 1445 397 1524 pserunt
436 1458 517 1501 ex
542 1439 891 1518 Augustino
919 1438 1069 1498 locis
1094 1439 1318 1515 citatiS,
1363 1443 1425 1500 et
1446 1436 1606 1496 libro
1634 1435 1711 1496 de

128 1535 509 1614 cognitione
532 1551 697 1608 veras
727 1533 892 1608 vitae,
918 1532 1115 1614 capite
1143 1531 1463 1609 trigesimo
1490 1548 1709 1592 seeun-

126 1629 233 1691 do.
266 1630 349 1689 Et
375 1629 663 1690 eamdem
706 1625 962 1702 attingit
1004 1624 1371 1700 BernarduS,
1427 1641 1711 1685 sermone

126 1722 409 1784 secundo
460 1721 539 1783 de
580 1719 1081 1794 Resurrectione3
1124 1717 1433 1798 habetque
1488 1717 1709 1780 funda-

126 1827 423 1877 mentum
475 1815 545 1875 in
591 1812 847 1887 Jacobo,
874 1812 1071 1891 capite
1098 1811 1387 1887 secundo,
1440 1811 1705 1886 dicente,

120 1915 303 1992 fidem
364 1909 499 1972 siu
544 1908 823 1987 opmbus
873 1923 997 1970 esse
1027 1909 1342 1970 mortuam.
1386 1904 1562 1965 Unde
1596 1923 1708 1966 ne-

126 2005 391 2066 cessario
444 2003 521 2066 fit
558 2000 749 2064 fidem
789 2000 1085 2080 aliquam,
1128 2001 1345 2079 utique
1390 2016 1536 2060 eum
1564 2016 1709 2078 ope-

126 2100 299 2160 ribus
319 2146 344 2175 ,
382 2117 515 2160 esse
538 2097 768 2160 vivam.
800 2096 1027 2156 Vivum
1065 2099 1276 2156 autem
1303 2098 1365 2154 et
1392 2099 1707 2154 mortuum

126 2193 429 2254 differunt
502 2199 807 2272 tanquam
889 2189 1227 2252 formatum
1301 2193 1365 2250 et
1445 2187 1709 2248 informe

126 2287 481 2348 secundum
546 2285 819 2348 formam
844 2329 865 2361 ,
904 2299 1047 2364 quae
1103 2281 1294 2364 possit
1348 2279 1541 2342 vitam
1601 2279 1711 2340 da-

128 2399 236 2458 re;
298 2387 369 2442 et
420 2379 575 2460 quia
630 2380 760 2439 vita
810 2378 1037 2439 animae
1084 2377 1151 2436 in
1200 2374 1403 2452 gratia
1456 2379 1521 2434 et
1564 2373 1708 2434 cha-

127 2479 309 2537 ritate
352 2474 663 2548 consistit,
710 2471 821 2532 illa
864 2470 1101 2532 dicetur
1154 2467 1305 2530 fides
1350 2469 1510 2542 viva,
1566 2483 1705 2546 quae

126 2568 433 2632 charitate
484 2565 823 2640 formatum
870 2563 979 2624 illa
1009 2580 1156 2624 vero
1202 2566 1447 2622 mortua
1488 2561 1586 2622 vel
1612 2561 1707 2622 in-

128 2663 367 2736 for-mie,
392 2678 543 2740 quoe
571 2660 707 2720 sine
730 2657 1031 2718 charitate
1052 2655 1297 2732 existit3
1322 2659 1381 2715 et
1399 2655 1489 2714 ita
1508 2654 1707 2732 sequi-

128 2764 229 2817 tur
254 2754 583 2816 distinctio
624 2771 703 2814 ex
736 2751 1069 2812 assertione
1113 2749 1332 2829 posita.
1377 2748 1535 2808 Nam
1567 2763 1709 2827 pro-

130 2849 349 2910 batum
396 2854 497 2908 est
536 2864 717 2926 posse
776 2863 908 2906 esse
955 2843 1145 2905 fidem
1194 2842 1328 2902 sine
1361 2840 1702 2918 charitate3

142 2959 291 3020 ergo
314 2939 491 3002 datur
534 2939 695 3000 fides
724 2937 1041 3012 informis5
1073 2937 1259 2998 datur
1294 2935 1484 2995 etiam
1528 2934 1703 3011 fides,

144 3053 279 3116 με
316 3053 423 3112 per
471 3035 838 3097 charitatem
888 3034 1208 3112 operatur,
1269 3034 1423 3088 teste
1477 3027 1703 3103 Paule,

138 3129 215 3189 ad
242 3127 434 3189 Galat.
484 3128 747 3208 quint03
776 3143 925 3206 ergo
952 3125 1135 3186 datur
1162 3122 1353 3184 etiam
1396 3119 1549 3183 fides
1580 3121 1707 3182 for-

132 3229 317 3282 mata.

204 3316 265 3376 6.
306 3317 417 3378 An
448 3335 525 3380 «rs
552 3315 1037 3397 discinyuantwr.
1079 3345 1163 3359 —
1189 3310 1289 3374 An
1325 3316 1582 3391 utraque
1619 3311 1707 3374 sit

132 3415 341 3474 anm
376 3412 523 3474 Dei.
566 3443 651 3458 -
690 3409 782 3470 Ex
829 3426 951 3486 qua
972 3405 1337 3486 probatione
1364 3404 1543 3464 facile
1573 3421 1705 3483 pos-

130 3513 267 3566 sunt
294 3503 593 3582 expediri
616 3501 825 3563 omnia
846 3518 983 3579 quae
1017 3499 1095 3560 de
1124 3498 1221 3560 his
1244 3497 1483 3560 duobus
1510 3514 1703 3558 mem-

130 3599 249 3659 bris
268 3596 623 3658 desiderari
649 3601 925 3675 possunt.
951 3593 1232 3654 Primum
1254 3597 1367 3668 est,
1394 3592 1703 3671 quomodo

128 3693 625 3776 distinguantur.
650 3689 803 3749 Nam
834 3688 1013 3747 divus
1043 3686 1311 3747 Thomas
1334 3693 1395 3746 et
1417 3687 1706 3763 Maglster

130 3786 401 3847 referunt
456 3785 819 3863 opinionem
846 3781 1155 3842 dicentem
1186 3779 1481 3857 distingui
1505 3780 1705 3856 specie

130 3886 433 3959 tanquam
480 3877 753 3938 diversos
793 3873 1061 3949 habituS,
1109 3873 1272 3950 quod
1312 3873 1496 3932 sentit
1539 3873 1707 3934 Glos-

132 3993 218 4046 sa,
264 3977 331 4034 in
382 3971 639 4034 rubrica
684 3970 761 4030 de
808 3987 1055 4030 summa
1109 3968 1413 4028 Trinitate
1460 3973 1523 4028 et
1584 3967 1707 4029 fide

130 4065 445 4127 catholica
470 4109 493 4140 ,
561 4071 625 4125 et
680 4063 803 4124 alia
856 4062 1093 4141 glossa,
1160 4061 1429 4139 priorem
1486 4079 1705 4140 appro-

130 4162 302 4236 lans,
356 4161 429 4219 in
474 4158 774 4218 Clement.
826 4155 1033 4225 unica,
1076 4155 1293 4216 eodem
1327 4153 1509 4215 titulo
1528 4177 1547 4229 3
1580 4173 1707 4217 cer-

128 4263 263 4315 tam
302 4259 522 4314 antem
578 4255 671 4311 est
710 4267 839 4311 esse
882 4267 1081 4309 unum
1132 4253 1195 4308 et
1250 4247 1537 4309 eumdem
1598 4248 1707 4310 ha-

134 4350 325 4410 biturn
358 4392 381 4422 ,
436 4343 790 4406 secundum
844 4342 1115 4403 diversos
1172 4347 1365 4402 status
1432 4349 1707 4422 sumptos

134 4461 199 4502 ex
240 4447 425 4520 parte
471 4438 735 4516 subJeeti
755 4483 777 4512 ,
830 4441 895 4495 et
934 4453 1013 4495 ex
1077 4434 1555 4496 concomitantia
1609 4434 1708 4496 vel

126 4535 505 4596 habitudine
550 4532 631 4593 ad
678 4529 935 4591 babitus
974 4530 1191 4608 gratiae
1246 4534 1308 4590 et
1360 4527 1701 4590 charitatis

124 4630 299 4703 Quod
346 4628 525 4689 enim
578 4643 707 4686 non
766 4624 1000 4703 possint
1040 4639 1171 4682 esse
1218 4621 1342 4683 duo
1406 4620 1653 4683 habitus
1682 4668 1704 4699 ,

124 4743 251 4786 non
298 4722 509 4782 solum
546 4719 749 4799 specie
776 4763 797 4794 ,
852 4733 1072 4778 verum
1130 4717 1317 4776 etiam
1364 4735 1565 4797 neque
1592 4736 1709 4777 nu-

126 4835 299 4879 mero
350 4814 659 4890 distincti,
722 4817 892 4892 patet
935 4829 1013 4872 ex
1060 4810 1283 4886 dictis;
1340 4810 1486 4890 quia
1540 4812 1707 4872 idem

8 4934 10 4937 ’
124 4911 377 4972 babitus
430 4908 581 4970 fidei
614 4907 724 4988 qui
770 4911 906 4968 erat
936 4905 1003 4964 in
1043 4903 1297 4965 homine
1346 4905 1541 4984 juste,
1569 4924 1707 4985 per-

130 5013 371 5068 severat
392 5005 469 5064 in
493 5005 861 5084 peccatore3
894 5016 1039 5078 ergo
1066 4997 1233 5060 idem
1252 4998 1357 5078 qui
1385 4999 1557 5078 prius
1575 5003 1707 5060 erat

132 5100 454 5170 formatus,
496 5100 713 5175 postea
748 5098 843 5153 ωε
888 5091 1195 5151 informis.
1248 5084 1401 5152 Itein
1444 5097 1705 5171 utraque

136 5193 277 5252 fides
296 5191 486 5252 habet
512 5188 685 5249 idem
726 5185 1003 5247 officium
1046 5182 1471 5254 substantiale,
1504 5191 1574 5246 ut
1616 5187 1704 5245 sic

142 5285 358 5358 dicam,
388 5283 705 5343 nimirum
732 5278 1109 5340 assentiendi
1150 5277 1433 5338 revelatis
1457 5283 1707 5357 propter

140 5379 565 5439 auctoritatem
623 5374 759 5448 Dei,
796 5373 1122 5452 solumque
1152 5370 1453 5432 differunt
1494 5373 1560 5432 in
1593 5372 1706 5434 ha-

140 5469 409 5532 bitudine
431 5469 513 5531 ad
562 5469 785 5538 Deum,
820 5473 891 5528 ut
940 5465 1233 5527 ultimum
1277 5463 1471 5526 finem
1520 5483 1704 5546 super

144 5568 339 5627 omnia
390 5563 731 5639 dilectum,
776 5567 841 5624 et
870 5563 1343 5640 consequenter
1384 5559 1451 5620 in
1493 5557 1701 5625 fructu

3226 399 3346 460 213

1786 519 1895 562 seu
1922 503 2146 564 merito
2179 503 2246 563 in
2273 503 2490 567 ordine
2523 506 2601 566 ad
2629 506 2821 567 vitam
2851 511 3144 568 aeternam
3165 523 3185 584 ;
3209 526 3346 586 quoe

1787 595 2136 656 differentia
2189 598 2580 660 accidentalis
2621 605 2744 674 est3
2799 599 2957 660 sient
2989 599 3150 662 idem
3193 619 3346 680 opus

1785 689 2058 765 virtutis,
2087 691 2256 752 verbi
2281 694 2504 772 gratia,
2527 693 2771 772 jejunii,
2806 695 2869 754 in
2901 695 3152 755 homine
3189 696 3344 774 justo

1785 789 1875 844 est
1904 782 2142 860 vivum,
2163 785 2234 847 in
2261 792 2578 864 peccatore
2609 794 2943 864 mortuum,
2968 807 3109 848 cum
3139 795 3347 850 lamen

1784 895 1940 957 opus
2003 879 2492 942 substantialiter
2553 881 2718 941 idem
2773 884 2850 943 sit
2876 904 2892 956 ;
2947 883 3110 942 unde
3163 882 3344 944 facile

1782 974 1974 1036 etiam
2023 974 2428 1052 respondetur
2483 975 2660 1038 alteri
2709 976 3201 1052 interrogationi,
3261 995 3346 1038 an

1784 1073 2045 1146 utraque
2091 1067 2242 1130 fides
2283 1069 2362 1130 sit
2407 1069 2642 1132 donum
2704 1070 2855 1145 Dei;
2907 1070 3345 1133 affirmandum

1784 1164 1954 1224 enim
1983 1170 2075 1225 est
2101 1163 2234 1226 sine
2280 1165 2492 1240 dubio,
2523 1165 2686 1245 quod
2716 1165 2792 1226 de
2819 1164 2940 1226 fide
2963 1165 3226 1226 formata
3257 1172 3346 1228 est

1784 1256 2022 1318 clarum
2037 1273 2060 1336 3
2114 1258 2192 1320 de
2222 1259 2474 1320 informi
2501 1277 2647 1321 vero
2677 1259 2741 1319 id
2762 1259 2950 1320 tradit
2984 1259 3162 1320 divus
3189 1259 3346 1320 Tho·

1786 1369 1918 1412 mas
1938 1351 2208 1413 secunda
2230 1351 2536 1428 secundae,
2559 1353 2895 1431 quaestione
2915 1359 3108 1424 sexta,
3125 1353 3350 1413 articu-

1782 1443 1845 1506 lo
1860 1446 2154 1521 secunde,
2179 1451 2243 1507 et
2257 1452 2447 1524 patet,
2481 1446 2626 1525 quia
2641 1445 2795 1508 fides
2823 1445 3108 1506 informis
3125 1445 3350 1507 retinet

1785 1536 2194 1599 substantiam
2227 1537 2368 1600 fidei
2375 1556 2396 1616 3
2429 1545 2738 1600 ostensum
2761 1544 2970 1599 autem
2993 1538 3058 1597 in
3076 1538 3348 1616 superio·

1783 1631 1956 1693 ribus
1983 1638 2095 1708 est,
2126 1631 2312 1694 fidem
2343 1633 2410 1692 in
2439 1632 2784 1694 substantia
2821 1650 2933 1692 sua
2965 1649 3095 1692 esse
3137 1649 3348 1710 super·

1786 1725 2158 1787 naturalem.
2215 1726 2392 1788 Unde
2435 1727 2844 1788 certissimum
2873 1730 2964 1786 est
2993 1727 3180 1786 etiam
3211 1743 3350 1805 pec-

1785 1824 2058 1879 catorem
2115 1819 2396 1898 indigere
2447 1819 2699 1899 speciali
2741 1819 2972 1880 auxilio
3001 1819 3218 1898 gratiae
3271 1817 3350 1878 ad

1784 1911 2163 1974 eredendum
2189 1911 2312 1975 fide
2340 1912 2699 1990 christiana,
2731 1912 3013 1993 quamvis
3035 1913 3168 1992 ejus
3197 1911 3350 1974 fides

1784 2006 2068 2070 informis
2121 2007 2222 2068 sit.
2267 2009 2374 2069 Est
2419 2025 2566 2086 ergo
2595 2007 2702 2068 illa
2751 2007 2906 2068 fides
2935 2007 3168 2068 donum
3214 2004 3347 2081 Dei,

1782 2100 2069 2180 quamvis
2101 2103 2233 2181 ejus
2275 2101 2623 2162 informitas
2648 2120 2774 2162 non
2823 2101 2903 2161 sit
2931 2118 3010 2162 ex
3063 2101 3210 2174 De0,
3243 2099 3350 2164 sed

1785 2212 1863 2255 ex
1882 2194 2014 2272 ipso
2047 2201 2398 2276 peccator03
2429 2213 2578 2257 nam
2603 2201 2693 2256 est
2716 2194 3100 2276 imperfectio
3128 2200 3262 2256 orta
3273 2211 3350 2258 ex

1783 2295 2057 2370 peccato.

1866 2387 1925 2445 7.
1971 2382 2070 2446 Au
2093 2387 2350 2464 utraque
2370 2385 2460 2448 sit
2476 2385 2934 2464 fundamentum
2933 2383 3208 2465 justit-iae
3221 2383 3251 2444 ,ἲ
3269 2413 3353 2432 -ι

1784 2475 1883 2542 An
1922 2485 2182 2558 utraque
2207 2478 2290 2542 sit
2326 2479 2524 2542 virtus
2547 2478 2950 2560 simpliciter?
2981 2513 3060 2524 --
3091 2478 3226 2538 Alia
3256 2477 3351 2538 in-

1787 2571 2120 2650 terrogatio
2147 2578 2261 2648 est,
2293 2590 2374 2632 an
2404 2578 2664 2652 utraque
2695 2571 2843 2632 fides
2872 2572 2950 2632 sit
2977 2571 3350 2633 fundamen-

1785 2670 1918 2726 tum
1955 2664 2215 2744 Justitioe
2229 2687 2246 2740 ;
2301 2683 2448 2726 nam
2496 2667 2698 2726 Patres
2741 2664 3054 2726 interdum
3091 2665 3210 2726 hoc
3242 2663 3352 2726 tri·

1786 2758 1988 2819 buunt
2015 2757 2159 2819 fidei
2195 2758 2502 2835 formatae,
2539 2758 2852 2820 interdum
2882 2776 3030 2820 vero
3069 2756 3344 2818 informi.

1789 2851 1906 2912 Sed
1934 2871 2030 2912 res
2061 2857 2154 2914 est
2179 2851 2402 2927 facilia,
2447 2869 2594 2912 nam
2623 2851 2775 2912 fides
2801 2869 2912 2932 per
2938 2852 3348 2912 substantiam

1787 2961 1988 3019 suam,
2015 2951 2322 3023 quatenus
2349 2949 2441 3004 est
2467 2945 2608 3006 talis
2639 2946 2746 3005 Dei
2775 2945 3069 3023 cogniti0‚
3093 2949 3184 3004 est
3206 2943 3348 3003 fun-

1788 3038 2156 3100 damentum
2191 3038 2478 3118 justitiae,
2536 3044 2606 3098 ut
2651 3057 2727 3099 ex
2769 3055 2954 3118 supra
2997 3037 3176 3096 dictis
3201 3054 3346 3096 con-

1786 3138 1907 3192 stat
1921 3147 1942 3209 3
1990 3131 2181 3207 unde,
2221 3132 2368 3211 quia
2415 3133 2483 3191 in
2525 3137 2788 3210 utroque
2835 3138 2998 3202 statu
3027 3134 3347 3190 conservat

1786 3225 1959 3286 illam
1979 3225 2412 3298 substantiam,
2435 3225 2500 3284 in
2523 3231 2781 3305 utroque
2801 3227 3024 3286 retinet
3043 3225 3347 3284 rationem

1786 3317 2203 3394 fundamenti,
2241 3317 2345 3378 sed
2375 3318 2617 3378 diverso
2659 3319 2874 3392 modo:
2917 3336 3065 3378 nam
3099 3315 3346 3395 quando

1786 3410 2053 3472 formata
2077 3419 2182 3486 est,
2217 3417 2362 3472 actu
2393 3413 2652 3472 sustinet
2665 3412 2989 3473 aedificium
3011 3409 3349 3492 spiritualis

1785 3506 2069 3584 justitia-23
2109 3506 2359 3586 quando
2403 3524 2548 3566 vero
2575 3513 2666 3568 est
2693 3506 3003 3570 informis,
3033 3512 3180 3584 apta
3215 3504 3348 3584 qui-

1786 3599 1927 3659 dem
1977 3606 2070 3661 est
2099 3605 2464 3660 sustentare.
2496 3599 2643 3660 lic-et
2685 3600 2761 3660 de
2797 3600 2959 3660 facto
2989 3600 3143 3660 desit
3169 3597 3351 3676 justi·

1782 3695 1905 3766 tia3
1938 3693 2092 3753 illud
2133 3699 2340 3754 autem
2380 3693 2607 3756 sufficit
2651 3693 2730 3753 ad
2781 3692 3348 3754 denominationem

1784 3787 2202 3861 fundamenti,
2225 3792 2293 3846 ut
2317 3805 2392 3847 ex
2419 3785 2840 3848 materialibus
2862 3787 3048 3846 etiam
3077 3783 3350 3848 aedificiis

1784 3887 2042 3940 constat.
2077 3879 2352 3958 Denique
2379 3880 2752 3958 interrogari
2787 3879 2940 3940 solet
2979 3897 3060 3940 an
3087 3885 3349 3956 utraque

1784 3972 1937 4033 fides
1977 3973 2056 4032 sit
2099 3973 2294 4032 virtus
2333 3973 2728 4052 simplicitet-3
2779 3991 2922 4032 nam
2969 3971 3045 4032 de
3087 3970 3352 4032 formata

1782 4085 1913 4128 non
1940 4072 2032 4126 est
2055 4065 2317 4126 dubium
2339 4087 2354 4140 3
2387 4067 2462 4126 de
2483 4065 2737 4126 informi
2765 4073 2976 4126 autem
2996 4063 3348 4138 Durandus,

1784 4161 1947 4220 dicta
1985 4159 2378 4220 distinctione
2414 4159 2712 4238 vigesima
2751 4159 2968 4233 tertia,
3011 4159 3349 4236 quoestione

1785 4260 1980 4328 sexta,
2002 4253 2168 4314 idem
2189 4254 2528 4330 contendit,
2561 4253 2710 4332 qnia
2733 4271 2865 4313 esse
2890 4253 3182 4312 virtutem
3205 4253 3350 4312 sim-

1783 4348 2023 4428 pliciter
2079 4353 2172 4408 est
2215 4348 2638 4409 denominatio
2681 4347 3037 4422 intrinseca,
3091 4364 3167 4406 ex
3210 4364 3352 4424 pro-

1784 4442 1921 4520 prio
1948 4441 2190 4520 objecto
2224 4447 2286 4502 et
2313 4441 2587 4518 ratione3
2621 4459 2750 4501 esse
2776 4447 2984 4500 autem
3019 4438 3349 4500 formatam

1786 4541 1847 4595 et
1872 4534 2230 4609 informem,
2257 4541 2347 4596 est
2375 4532 2796 4596 denominatio
2815 4532 3179 4609 extrinseca;
3203 4549 3351 4610 ergo

1784 4646 1909 4688 non
1937 4627 2099 4688 tollit
2136 4629 2442 4712 rationem
2479 4627 2724 4687 virtutis
2767 4625 3146 4705 simpliciter.
3199 4623 3353 4683 Con-

1784 4721 2050 4781 trarium
2076 4727 2288 4782 autem
2315 4721 2491 4782 docet
2517 4721 2698 4780 divus
2734 4720 3000 4780 Thomas
3039 4735 3244 4798 supra,
3277 4735 3356 4779 ex

1784 4813 2096 4894 principio
2141 4814 2440 4893 generali,
2495 4812 2661 4893 quod
2705 4812 2970 4874 charitas
3016 4817 3109 4872 est
3153 4811 3357 4872 forma

1784 4909 2116 4985 virtutum,
2145 4911 2280 4970 sine
2298 4927 2422 4988 qua
2441 4907 2614 4970 nulla
2639 4914 2730 4970 est
2751 4909 2948 4968 virtus
2966 4905 3351 4986 simplicitet-3

1785 5008 1848 5062 et
1864 5001 1982 5062 hoc
2011 5002 2359 5064 defendunt
2385 5002 2714 5081 Cadetanus
2743 5001 2998 5074 ibidem,
3029 5006 3093 5062 et
3119 4998 3248 5072 alii,
3293 5005 3357 5060 et

1783 5113 1923 5156 cum
1944 5093 2242 5174 Magistro
2260 5095 2326 5156 in
2343 5095 2404 5171 3,
2424 5095 2817 5156 distinctione
2833 5094 3130 5173 vigesima
3145 5092 3350 5168 tertia,
3395 5165 3401 5172 ⁸

1785 5188 1891 5249 ubi
1920 5188 2231 5264 AlbertuS,
2263 5187 2522 5251 articulo
2581 5190 2832 5269 quint03
2893 5189 3350 5263 Bonaventura,

1780 5281 2041 5344 articulo
2086 5283 2380 5358 secundo,
2431 5283 2774 5362 quaestione
2821 5281 3058 5360 prima3
3101 5279 3356 5342 Richar-

1782 5375 1919 5451 duS,
1967 5376 2227 5438 articulo
2274 5379 2338 5450 4,
2371 5378 2710 5457 quaestione
2740 5376 2962 5456 prima.
3007 5373 3113 5434 Est
3140 5378 3354 5434 tamen

1784 5471 2202 5531 controversia
2261 5470 2339 5531 cle
2398 5470 2582 5532 modo
2628 5467 2923 5548 loquendi
2940 5482 2961 5543 3
3023 5483 3170 5526 nam
3223 5466 3355 5526 haec

1782 5561 2208 5626 denominatio
2251 5563 2498 5625 virtutis
2541 5567 2743 5643 potest
2781 5560 2984 5622 dicere
3020 5559 3352 5620 essentiam
