3900 6217
984 383 1154 436 SECT.
1189 384 1250 436 V.
1283 384 1367 436 DE
1400 384 1562 435 ALIIS
1595 383 1802 436 POEMS
1833 383 2299 437 splmwaussus
2332 383 2627 438 nAEnsssls.

218 513 344 556 rum
384 487 678 551 Ecclesiae.
716 487 784 546 In
819 484 936 545 hoc
969 501 1153 544 sensu
1189 482 1578 561 intelligendi
1609 487 1757 542 sunt

217 587 482 664 Magister
497 587 560 642 et
573 580 923 653 GratianuS,
945 583 1066 638 uta
1085 577 1258 656 gravi
1277 595 1484 637 errore
1499 575 1638 636 illos
1653 593 1760 636 ex-

214 694 506 750 cusemus3
537 681 600 734 et
619 673 788 753 prior
818 689 957 750 pars
991 671 1179 731 etiam
1205 671 1348 748 jure
1375 669 1590 729 divino
1617 686 1756 747 pro-

214 773 336 835 bari
362 774 574 851 potest,
605 767 754 846 quia
795 764 1122 826 haereticus
1153 768 1244 823 est
1283 760 1752 838 indignissimus

215 866 310 927 illo
355 859 692 924 ministerio
710 874 732 936 ;
771 857 1026 936 iniquus
1053 861 1260 917 autem
1307 855 1590 916 minister
1615 854 1756 932 jure

216 960 412 1022 divino
441 953 784 1036 prohibitus
819 953 1004 1013 estin
1041 969 1116 1012 eo
1168 955 1332 1011 statu
1371 953 1758 1014 sacramenta

213 1051 572 1123 ministrare,
617 1054 690 1109 ut
725 1053 946 1107 notum
979 1051 1092 1106 est.
1139 1044 1368 1105 Deinde
1407 1061 1518 1124 per
1552 1041 1759 1118 Eccle-

213 1147 354 1208 siam
388 1141 596 1202 addita
643 1145 736 1202 est
774 1138 1055 1219 specialis
1105 1137 1466 1218 prohibitio,
1513 1135 1754 1196 ratione

213 1240 393 1318 cujus,
425 1235 666 1296 etiamsi
689 1233 1012 1294 haereticus
1034 1232 1198 1311 apud
1223 1233 1418 1292 Deum
1435 1229 1756 1310 resipiscat

209 1328 526 1400 credendo,
551 1333 615 1388 et
655 1325 1087 1407 poenitentiam
1124 1324 1389 1402 agendo,
1439 1321 1754 1384 nihilomi-

209 1443 318 1487 nus
365 1439 492 1484 non
533 1421 724 1502 possit
766 1419 936 1480 licite
979 1418 1070 1480 sic
1110 1418 1394 1479 ordinem
1441 1433 1748 1491 exercere,

207 1517 390 1578 donec
419 1531 534 1596 per
581 1511 918 1575 Ecclesiam
967 1511 1354 1588 absolvatur3
1410 1509 1531 1570 hoc
1583 1508 1752 1570 enim

209 1627 322 1672 non
347 1614 437 1668 est
477 1605 554 1668 de
583 1608 724 1686 jure
767 1605 1002 1680 divino,
1041 1610 1114 1664 ut
1151 1608 1422 1664 constat:
1473 1619 1622 1680 ergo
1661 1606 1754 1662 est

209 1703 277 1763 de
325 1697 755 1762 ecclesiastico.
813 1697 1112 1758 Existimo
1159 1703 1372 1758 tamen
1426 1695 1752 1775 provenire

209 1795 354 1856 hanc
377 1791 860 1873 prohibitionem
911 1807 988 1851 ex
1036 1790 1171 1870 ipsa
1215 1806 1471 1850 censura
1511 1803 1752 1848 excom·

207 1885 653 1960 manicationiS,
696 1891 1002 1964 qnatenus
1045 1883 1278 1944 virtute
1319 1880 1584 1943 includit
1623 1897 1749 1941 sus-

209 1980 556 2062 pensionem
598 1977 854 2039 ordinis,
907 1977 1114 2037 Altera
1159 1993 1308 2036 vero
1349 1993 1494 2055 pars
1531 1972 1751 2053 proba·

203 2081 298 2134 tur
321 2089 395 2132 cx
415 2070 670 2150 juribus
702 2069 984 2147 allegatis
1007 2085 1120 2149 pro
1151 2067 1354 2147 prima
1399 2065 1744 2138 sententia;

205 2183 358 2238 nam,
386 2163 538 2224 licet
557 2163 866 2224 ordinatio
894 2163 1054 2224 tacta
1093 2161 1174 2222 ab
1213 2160 1506 2222 haeretico
1549 2158 1752 2219 valeat

203 2264 494 2340 quantum
546 2257 626 2317 ad
669 2255 1115 2317 conserendum
1163 2253 1480 2328 ordinem,
1525 2250 1753 2312 nihilo-

203 2351 392 2412 minus
429 2349 528 2410 sic
558 2348 878 2410 ordinatus
929 2365 1060 2409 non
1098 2346 1319 2426 recipit
1361 2361 1544 2405 usum
1584 2343 1752 2405 ordi·

203 2445 306 2516 nis,
325 2443 442 2504 sed'
467 2461 804 2522 suspensus
829 2447 1062 2517 manet,
1103 2447 1166 2500 ct
1208 2437 1408 2518 quoad
1437 2437 1557 2498 hoc
1593 2436 1750 2497 dici-

202 2545 294 2597 tur
328 2535 433 2596 illa
487 2534 796 2596 ordinatio
837 2533 1044 2613 aliquo
1091 2531 1277 2592 modo
1323 2530 1500 2591 irrita
1547 2527 1752 2608 quoad

203 2629 676 2708 acceptationem
723 2627 1042 2704 Ecclesiae3
1071 2632 1134 2687 et
1171 2626 1260 2685 ita
1291 2623 1633 2703 loquuntur
1657 2622 1752 2683 di-

203 2729 287 2784 cta
331 2725 508 2804 jura,
565 2727 628 2781 et
674 2719 1089 2780 communiter
1139 2719 1224 2780 sic
1273 2731 1668 2796 exponuntur
1713 2731 1753 2775 a

201 2817 402 2879 Glossis
419 2821 494 2877 et
522 2812 879 2876 Doctoribus
901 2811 986 2874 ibi
1013 2832 1030 2885 ς
1059 2816 1122 2874 et
1165 2810 1362 2872 videri
1402 2813 1602 2888 potest
1642 2809 1756 2869 Co—

207 2927 346 2985 var„
375 2909 442 2969 in
465 2908 674 2988 capite
698 2905 879 2969 Alma
905 2911 1126 2980 nater,
1157 2909 1184 2965 1
1220 2923 1280 2983 p.
1291 2947 1310 2978 ,
1333 2901 1370 2982 ξ
1393 2903 1457 2978 6,
1483 2918 1659 2963 num.
1689 2905 1751 2978 6,

211 3009 262 3064 et
279 3019 407 3081 quae
437 3001 576 3062 dixi
602 3001 670 3060 in
694 3001 878 3061 citato
913 2998 1050 3059 loco
1077 2997 1156 3058 de
1180 2995 1610 3059 Sacramentis.

279 3099 368 3156 11.
402 3094 684 3159 Tertium
713 3099 924 3157 contra
946 3090 1249 3160 Castrum,
1285 3087 1354 3150 in
1379 3107 1545 3152 num.
1577 3090 1638 3151 ’1.
1671 3123 1749 3134 -

205 3189 376 3252 Ratio
401 3189 598 3268 hujus
633 3185 1046 3266 pronuntiati.
1067 3211 1148 3229 --
1169 3182 1378 3243 TertIo
1419 3187 1484 3242 et
1531 3181 1752 3242 ultimo

205 3281 370 3356 addo,
397 3279 786 3361 probabilius
809 3296 940 3339 esse
959 3277 1127 3339 idem
1155 3274 1486 3338 dicendum
1516 3291 1645 3335 esse
1673 3273 1752 3336 de

205 3379 486 3454 potestate
541 3371 912 3434 conficiendi
975 3368 1464 3432 sacramentalia.
1539 3369 1751 3447 Itaque

203 3483 372 3546 aqua,
393 3465 575 3528 verbi
607 3465 832 3544 gratia,
875 3463 1200 3525 benedicta
1223 3481 1262 3523 a
1289 3460 1600 3523 sacerdote
1629 3460 1753 3522 11ae-

203 3560 378 3620 retico
403 3557 624 3619 debito
657 3557 806 3631 ritu,
849 3556 1178 3618 benedicta
1205 3560 1448 3630 manet3
1479 3553 1646 3614 idem
1676 3552 1753 3614 dc

205 3651 438 3712 ecclesia
471 3657 834 3713 consecrata
863 3650 942 3712 ab
971 3649 1293 3728 EpiscopO,
1329 3653 1390 3708 et
1423 3645 1749 3708 similibus.

205 3745 280 3804 lta
309 3751 474 3806 tenet
513 3743 732 3806 Glossa
759 3743 828 3803 in
857 3743 1024 3804 dicto
1062 3759 1196 3822 cap.
1227 3739 1547 3813 Eoo-ledis,
1577 3745 1636 3799 et
1665 3757 1757 3800 se-

206 3837 550 3915 quentibus,
577 3840 638 3897 et
665 3836 900 3915 optime
925 3835 1180 3915 exponit
1201 3833 1312 3894 illa
1343 3833 1484 3912 jura
1523 3831 1754 3893 intelli-

205 3931 390 4007 genda
413 3947 578 4006 esse,
602 3929 851 4009 quando
895 3928 1220 3990 haereticus
1247 3945 1374 3987 non
1416 3929 1618 3986 servat
1663 3924 1754 3985 ri-

201 4031 323 4084 tum
371 4023 662 4086 Ecclesiae
708 4022 1056 4085 Catholicae.
1094 4021 1275 4083 Ratio
1315 4025 1429 4094 est,
1477 4018 1626 4097 quia
1663 4017 1753 4077 ibi

203 4121 571 4178 concurrunt
596 4115 810 4176 omnia
858 4115 1200 4175 necessaria
1231 4112 1310 4173 ad
1339 4111 1614 4172 valorem
1657 4128 1756 4171 ac-

203 4215 328 4286 tus;
375 4229 524 4271 nam
575 4227 653 4271 ex
700 4215 876 4288 parte
921 4209 1076 4269 ritus
1135 4207 1201 4268 id
1241 4205 1645 4285 supponitur3
1678 4221 1756 4264 ex

199 4308 360 4379 parte
383 4320 534 4364 vero
580 4301 916 4380 potestatis,
945 4299 1260 4380 probabile
1303 4305 1394 4360 est
1421 4317 1544 4358 non
1577 4314 1752 4376 posse

197 4395 518 4455 Ecclesiam
559 4393 732 4454 illam
771 4395 1036 4464 auferre,
1081 4394 1395 4472 supposita
1425 4391 1754 4451 institutio-

199 4504 270 4546 ne
299 4487 868 4562 sacramentalium,
910 4489 1058 4566 quia
1101 4486 1290 4547 etiam
1339 4484 1524 4545 datur
1557 4502 1632 4544 ex
1687 4483 1751 4543 vi

203 4579 584 4642 characteris.
611 4579 912 4660 Quicquid
937 4597 1084 4640 vero
1109 4580 1190 4639 sit
1221 4578 1298 4639 de
1321 4583 1620 4658 potestate
1637 4578 1753 4637 Ec-

203 4671 413 4747 clesiae,
455 4673 662 4734 multo
685 4673 913 4734 certius
939 4678 1055 4746 est,
1092 4689 1218 4732 uon
1250 4670 1568 4730 abstulisse
1593 4669 1754 4729 hanc

201 4765 572 4842 facultatem,
603 4767 750 4846 quia
779 4765 921 4826 talis
949 4783 1134 4848 poena
1173 4764 1398 4844 scripta
1427 4781 1554 4824 non
1581 4765 1746 4823 inve-

203 4859 380 4933 nitur,
419 4877 629 4939 neque
667 4879 746 4921 ex
791 4860 1001 4941 aliquo
1048 4877 1163 4920 usu
1206 4849 1490 4928 'Ecclesiae
1547 4855 1752 4934 colligi

199 4959 436 5030 potest;
485 4969 692 5032 neque
737 4959 870 5014 erat
917 4945 1400 5013 consentaneum
1441 4949 1752 5028 relinque-

201 5063 260 5105 re
288 5053 655 5125 potestatem
683 5047 984 5125 maiorem
1015 5047 1094 5107 ad
1127 5043 1508 5107 conficienda
1549 5061 1752 5104 sacra·

202 5145 422 5214 menta,
446 5146 511 5200 et
535 5157 762 5216 negare
784 5141 864 5200 ad
891 5137 1386 5211 sacramentalia,
1417 5155 1556 5216 quas
1578 5137 1751 5216 quasi

203 5231 524 5292 accessoria
553 5239 718 5293 sunt.

275 5325 372 5383 12.
407 5325 500 5386 De
524 5327 868 5406 privatione
893 5324 1246 5408 spiritualis
1262 5325 1750 5404 jnrisdictionis,

206 5433 270 5477 ac
285 5419 468 5480 etiam
491 5417 716 5482 civilis.
733 5407 1064 5494 -—'Quarta
1083 5435 1266 5498 poena
1287 5417 1354 5478 in
1379 5418 1497 5478 hoc
1526 5435 1753 5496 genere

207 5516 290 5570 est
305 5509 573 5592 privatio
589 5513 906 5595 potestatis
913 5511 1384 5594 jurisdictionis,
1408 5511 1754 5594 presertim

3293 377 3412 438 553

1841 483 2293 559 ecclesiasticas,
2324 483 2389 544 in
2436 489 2699 562 utroque
2742 481 2879 542 foro
2919 481 3306 561 poenitentiae
3349 488 3412 542 et

1829 577 2157 658 judiciali3
2214 585 2400 658 atque
2454 578 2645 640 etiam
2696 575 3050 638 extenditur
3094 576 3174 636 ad
3221 576 3411 656 juris·

1835 671 2175 732 dictionem
2198 671 2471 746 civilem,
2502 689 2611 731 seu
2638 671 3065 750 temporalem.
3111 671 3203 730 Ita
3232 669 3409 732 docet

1837 765 1908 826 D.
1943 763 2213 825 Thomas
2240 766 2303 830 Ξ,
2337 766 2398 838 2,
2429 783 2493 843 q.
2526 766 2627 838 39,
2664 769 2781 824 art.
2826 765 2894 841 33
2943 769 3004 823 et
3030 765 3199 838 Sota,
3244 764 3310 824 in
3339 765 3405 837 4,

1837 858 1900 920 d.
1927 859 2033 932 20,
2057 877 2117 936 q.
2160 863 2219 934 1,
2250 863 2370 918 art.
2402 859 2481 931 33
2512 863 2574 917 et
2602 857 2837 932 Castro,
2866 856 2929 917 d.
2965 855 3074 917 lib.
3106 857 3168 927 Ξ,
3199 874 3255 918 c.
3286 857 3403 928 233

1839 957 1902 1012 et
1949 952 2129 1027 Azor,
2175 957 2327 1011 tom.
2383 953 2441 1025 1,
2483 949 2595 1011 lib.
2644 951 2709 1026 8,
2752 969 2806 1011 c.
2856 953 2956 1023 11,
3004 967 3065 1028 q.
3100 951 3161 1024 7,
3192 955 3255 1009 et
3304 951 3405 1018 13,

1838 1045 2177 1124 quoestione
2203 1044 2505 1124 septima3
2538 1050 2599 1106 et
2628 1045 2923 1118 Simanc.,
2954 1043 3103 1104 dict.
3148 1041 3249 1102 tit.
3299 1045 3405 1118 46,

1834 1157 2011 1201 num.
2051 1141 2131 1201 62
2158 1147 2222 1202 et
2254 1139 2675 1220 sequentibuS.
2709 1141 2786 1201 Et
2812 1137 3091 1200 absolute
3136 1143 3229 1199 est
3255 1155 3405 1198 vera

1831 1233 2163 1309 sententia,
2194 1235 2245 1295 si
2274 1241 2441 1296 recte
2481 1232 2842 1312 explicetur,
2889 1243 2952 1293 et
2992 1232 3165 1292 illam
3209 1230 3406 1310 expli-

1833 1325 2054 1402 cando,
2088 1345 2225 1389 eam
2258 1327 2448 1389 etiam
2481 1325 2900 1407 probabimus.
2938 1324 3188 1386 Duobus
3232 1324 3403 1384 enim

1834 1419 2037 1480 modis
2086 1419 2354 1498 intelligi
2392 1425 2592 1500 potest
2633 1419 2864 1498 privari
2904 1418 3265 1480 haereticum
3302 1417 3405 1496 ju-

1831 1513 2215 1590 risdictione,
2252 1514 2505 1589 scilicet,
2554 1513 2755 1574 velex
2782 1511 2845 1573 vi
2887 1511 3079 1592 ipsius
3122 1510 3400 1584 haeresia,

1833 1606 2010 1668 nulla
2062 1607 2516 1669 interveniente
2554 1605 2880 1686 punitione
2932 1603 3241 1674 Ecclesioe,
3297 1601 3399 1663 vel

1833 1717 1912 1760 ex
1962 1700 2259 1780 peculiari
2302 1699 2443 1778 lege
2498 1698 2732 1778 poenali
2762 1697 3065 1768 Ecclesiae,
3113 1711 3256 1775 quae
3294 1694 3399 1756 lex

1831 1792 2089 1871 cogitari
2119 1799 2315 1872 potest
2341 1793 2440 1854 vel
2472 1791 2749 1870 specialis
2788 1797 2851 1853 et
2878 1791 3148 1871 propria,
3191 1787 3292 1849 vel
3334 1787 3406 1848 in

1831 1885 2471 1948 excommunicatione
2504 1885 2765 1948 inclusa.

1914 1980 2014 2040 13.
2042 1976 2364 2043 Sententia
2394 1978 2622 2052 Cauri,
2648 1980 2889 2060 ejusque
2908 1977 3395 2054 mandamentum.

1831 2104 1912 2122 --
1937 2072 2147 2133 Primo
2181 2071 2374 2149 igitur
2404 2073 2639 2147 Castro,
2682 2071 2967 2152 proxime·
3008 2069 3195 2129 citato
3242 2066 3403 2142 1000,

1831 2165 1983 2226 dicit
2007 2164 2370 2227 haereticum
2414 2165 2647 2243 privari
2682 2162 3140 2244 jurisdictione,
3184 2159 3407 2222 saltem

1833 2257 2257 2334 ecclesiastica,
2297 2258 2487 2335 priori
2532 2257 2741 2332 modo,
2785 2274 2858 2317 ac
2905 2253 3164 2336 proinde
3218 2271 3295 2314 ex
3340 2253 3407 2313 vi

1827 2351 1985 2431 juris
2024 2349 2245 2411 divini.
2283 2350 2781 2412 Fundamentum
2819 2355 2934 2424 est,
2982 2347 3133 2427 qnia
3162 2346 3409 2409 haereti-

1831 2462 1939 2505 cus
1968 2460 2047 2504 ex
2076 2443 2137 2502 vi
2165 2441 2415 2504 haeresis
2442 2443 2871 2522 proescinditur
2901 2440 2981 2501 ab
3020 2439 3310 2514 Ecclesia,
3342 2445 3407 2500 et

1830 2536 2058 2597 desinit
2089 2553 2221 2598 esse
2251 2535 2600 2596 membrum
2626 2536 2791 2615 ejus;
2824 2551 2974 2612 ergo
3005 2533 3240 2594 amittit
3262 2549 3405 2593 om-

1832 2647 1981 2690 ncm
2003 2627 2505 2707 jurisdictionem
2526 2629 2593 2688 in
2620 2627 2818 2689 illam.
2853 2625 3237 2689 Antecedens
3260 2641 3406 2704 sup·

1834 2723 2089 2802 ponitur
2110 2739 2187 2782 ex
2216 2723 2477 2782 materia
2500 2720 2577 2783 de
2606 2720 2903 2796 Ecclesia,
2928 2718 3006 2779 de
3034 2736 3157 2797 qua
3184 2735 3401 2796 supra,

1833 2816 2065 2894 disput.
2124 2816 2167 2876 9
2189 2860 2210 2891 ‚
2270 2820 2417 2875 sect.
2482 2818 2543 2889 1,
2594 2831 2773 2875 num.
2842 2814 2900 2874 5.
2952 2809 3410 2889 Consequentia

1834 2907 2156 2989 probatur,
2202 2912 2339 2968 tum
2395 2907 2545 2986 quia
2592 2906 2659 2966 in
2700 2905 2873 2966 nulla
2925 2902 3241 2982 republica
3292 2900 3407 2962 ali-

1833 3003 1975 3082 quis
1999 3000 2191 3062 habet
2231 3001 2756 3080 jurisdictionem,
2795 2997 2917 3058 nisi
2950 3013 3096 3075 pars
3128 2995 3206 3055 sit
3238 2993 3406 3054 illius

1831 3095 2219 3176 reipublicae3
2245 3100 2379 3154 tum
2404 3095 2595 3155 etiam
2620 3093 2767 3172 quia
2792 3107 2979 3152 nemo
3004 3088 3192 3149 habet
3212 3087 3404 3167 juris·

1832 3190 2168 3250 dictionem
2208 3187 2275 3247 in
2304 3185 2597 3262 Ecclesia,
2628 3185 2749 3246 nisi
2777 3185 2858 3244 sit
2882 3189 3066 3263 caput
3097 3182 3258 3260 ejuS,
3296 3184 3408 3240 aut

1833 3281 2053 3343 saltem
2078 3299 2187 3361 per
2214 3279 2525 3341 influxum
2565 3297 2604 3340 a
2632 3278 2865 3358 capite3
2898 3276 2995 3337 vel
3038 3274 3242 3348 aliter,
3273 3272 3398 3332 nisi

1837 3375 1918 3434 sit
1952 3379 2158 3452 caput,
2202 3383 2314 3433 aut
2352 3373 2621 3451 primum
2652 3376 2716 3432 et
2746 3366 3094 3430 universale
3122 3370 3407 3444 respectu

1834 3467 2023 3526 totius
2050 3465 2356 3540 Ecclesiae,
2402 3464 2501 3528 vel
2546 3463 2899 3543 proximum
2942 3467 3007 3521 et
3036 3457 3406 3538 particulare

1835 3566 2114 3638 respectu
2144 3559 2407 3638 alicujus
2443 3557 2630 3638 partis
2680 3555 2992 3617 Ecclesiae.
3037 3551 3269 3614 Neutro
3295 3568 3408 3612 au-

1836 3657 1965 3712 tem
1986 3651 2172 3712 modo
2197 3657 2399 3730 potest
2426 3650 2756 3711 haereticus
2777 3647 3009 3708 habere
3027 3643 3409 3726 jurisdictio-

1837 3761 1980 3807 nem
2010 3746 2506 3820 ecclesiasticam,
2542 3743 2691 3824 quia
2724 3759 2867 3801 cum
2914 3757 3040 3800 non
3080 3738 3159 3798 sit
3204 3753 3399 3798 mem-

1834 3838 2019 3900 brum
2040 3883 2061 3914 ‚
2098 3837 2296 3899 multo
2344 3838 2551 3898 minus
2600 3839 2799 3915 potest
2842 3850 2975 3894 esse
3018 3836 3225 3910 caput,
3295 3835 3407 3889 aut

1835 3933 2109 4012 primum
2138 3937 2202 3993 et
2220 3929 2595 3998 universale,
2628 3927 2793 4008 quod
2814 3924 3405 4006 principalissimum

1835 4023 2191 4085 membrum
2251 4023 2537 4085 Ecclesiae
2588 4028 2703 4097 est,
2738 4026 2848 4081 aut
2901 4019 3257 4098 proximum
3297 4034 3408 4077 seu

1835 4117 2232 4196 particulare,
2246 4117 2390 4196 quia
2412 4116 2601 4177 etiam
2626 4113 2782 4175 illud
2799 4131 2929 4174 esse
2951 4110 3135 4172 debet
3152 4126 3230 4169 ex
3254 4125 3406 4186 proe-

1835 4210 2031 4288 cipuis
2084 4209 2398 4271 membris.
2430 4210 2643 4288 Neque
2687 4207 2875 4268 etiam
2918 4208 3119 4284 potest
3176 4200 3408 4262 habere

1833 4303 2001 4364 hanc
2036 4303 2537 4383 jurisdictionem
2588 4319 2701 4381 per
2727 4299 3033 4360 influxum
3092 4315 3131 4357 a
3182 4296 3405 4374 capite,

1832 4397 1981 4476 quia
2020 4411 2207 4476 caput
2247 4415 2373 4456 non
2416 4393 2647 4468 influit,
2692 4391 2813 4454 nisi
2844 4391 2911 4451 in
2953 4388 3235 4450 membra
3275 4405 3409 4448 cor-

1832 4491 1967 4568 pori
2012 4490 2211 4548 unita.
2268 4489 2343 4548 Et
2375 4487 2519 4548 ideo
2566 4487 2633 4546 in
2670 4484 2961 4546 conciliis
3007 4486 3071 4542 et
3118 4479 3404 4554 decretiS,

1831 4599 1997 4660 saepc
2037 4582 2261 4642 dicitur
2300 4579 2614 4641 haereticos
2650 4577 2824 4637 omni
2864 4573 3277 4636 ecclesiastica
3302 4573 3405 4652 ju·

1842 4673 2197 4734 risdictione
2227 4673 2515 4750 indignos
2548 4688 2702 4732 esse.

1919 4771 2017 4828 14.
2063 4768 2491 4848 Impuqnatur.
2526 4797 2607 4810 —
2640 4764 2744 4824 Aa
2779 4763 3235 4838 fundamentum
3287 4758 3408 4823 Ga-

1834 4861 1980 4924 etri.
2004 4891 2086 4906 —
2106 4858 2520 4920 Nihilominus
2573 4856 2709 4917 hoec
2752 4853 3059 4916 sententia
3092 4870 3243 4913 vera
3272 4869 3403 4912 non

1833 4959 1947 5028 est,
1980 4957 2065 5026 et,
2112 4964 2187 5012 ut
2216 4951 2529 5027 existimo,
2564 4965 2761 5028 neque
2806 4944 3179 5026 probabilis3
3206 4943 3409 5003 iilam-

1831 5063 1952 5124 que
1980 5046 2309 5122 impugnat
2328 5043 2683 5122 Cajetanus,
2704 5047 2861 5100 tom.
2890 5042 2918 5100 1
2954 5039 3206 5117 Οριιεο.,
3226 5040 3404 5096 tract.

1835 5144 1862 5200 1
1877 5185 1895 5212 ,
1913 5140 1990 5200 dc
2008 5141 2309 5199 Potestate
2322 5137 2581 5212 Pontis„
2602 5155 2657 5197 c.
2681 5136 2758 5196 18
2773 5141 2835 5194 et
2854 5135 2931 5194 19
2950 5148 2969 5207 ;
2990 5138 3052 5193 et
3064 5132 3234 5205 Sot0,
3252 5129 3319 5190 in
3338 5130 3404 5204 4,

1835 5232 1896 5294 d.
1930 5234 2033 5306 22,
2064 5250 2124 5311 q.
2157 5232 2220 5302 2,
2250 5236 2367 5292 art.
2399 5232 2478 5306 23
2514 5229 2784 5291 sumitur
2811 5219 2889 5286 e‘x
2914 5224 3205 5304 Sylvest„
3234 5221 3402 5284 verb.

1840 5325 2170 5404 confitetor,
2234 5327 2296 5400 1,
2316 5329 2535 5403 quaest.
2596 5323 2675 5384 19
2706 5328 2771 5382 et
2819 5321 2932 5397 203
2992 5319 3285 5379 Panorm.
3344 5322 3409 5377 et

1833 5419 2069 5492 Innoc„
2096 5419 2163 5478 in
2192 5434 2324 5496 cap.
2375 5417 2693 5486 Veritatis,
2723 5416 2801 5476 de
2828 5414 2977 5475 Dolo
3000 5418 3061 5473 et
3087 5417 3363 5472 contum.
3386 5432 3403 5484 ς

1831 5511 2086 5589 Navar„
2116 5529 2284 5573 cons.
2334 5511 2435 5585 10,
2482 5511 2559 5572 de
2590 5511 2855 5586 Haeret.;
2893 5512 2957 5568 et
2992 5506 3201 5580 Sanc„
3238 5501 3404 5565 dicto
