3900 6217
473 359 536 414 et
561 349 790 412 realem
817 365 856 408 a
883 345 1178 407 directivo
1207 344 1460 414 motivo,
1494 345 1798 407 malitiam
1827 353 2037 406 autem

471 463 597 506 non
637 459 880 520 semper
923 439 1067 500 inde
1109 445 1386 514 sumunt,
1429 439 1532 500 sed
1583 459 1656 500 ex
1703 439 2038 500 intrinseca

473 536 861 599 deformitate
890 534 1216 612 conjuncta
1246 532 1520 594 materiae
1546 533 1610 594 in
1639 550 1764 612 qua
1792 550 2036 596 versan-

471 640 574 694 tur
612 637 804 690 actuS.
843 626 1142 704 Quicquid
1185 644 1332 704 ergo
1369 627 1448 686 sit
1490 625 1566 686 de
1605 626 2031 701 antecedente,

471 730 735 802 negatur
773 719 1245 798 consequentia,
1278 725 1690 798 praeterquam
1737 719 1904 797 quod
1937 719 2031 778 in·

469 817 714 880 terdum
743 812 1016 874 accidere
1045 813 1232 892 possit
1260 820 1329 872 ut
1360 811 1476 876 hoc
1500 818 1817 891 peccatum
1852 811 2035 891 profi-

470 913 731 971 ciscatur
754 907 832 967 ab
856 905 1071 966 habitu
1101 905 1456 965 immediate
1481 905 1766 966 charitati
1795 904 1894 966 vel
1919 903 2037 966 mi-

469 1003 830 1065 sericordiae.
845 999 1174 1074 contrari0,
1203 1006 1274 1058 ut
1287 999 1422 1076 jam
1451 999 1708 1078 patebit.

545 1099 608 1158 4.
656 1095 870 1160 Tertia
919 1089 1213 1155 conclusio
1255 1093 1551 1173 probatur
1605 1109 1678 1154 em
1729 1091 1879 1154 locis
1919 1107 2034 1172 pro

461 1191 671 1272 prima
699 1187 932 1260 allatis,
961 1188 1020 1246 et
1047 1185 1540 1246 ratione—Dico
1569 1184 1792 1246 tertio:
1823 1201 2035 1263 pecca-

467 1291 602 1345 tum
643 1282 760 1341 hoc
785 1297 994 1360 genere
1031 1295 1142 1340 suo
1181 1287 1271 1338 est
1309 1276 1588 1338 mortale.
1623 1278 1730 1337 Est
1762 1283 1926 1338 certa
1954 1294 2035 1337 ex

467 1377 666 1437 citatis
693 1373 840 1434 locis
865 1389 974 1452 pro
1004 1370 1502 1430 conclusionibus
1524 1368 2027 1450 praecedentibus·

466 1469 645 1530 Ratio
683 1473 797 1540 est,
828 1466 974 1544 quia
1017 1482 1094 1524 ex
1134 1482 1361 1544 genere
1395 1482 1507 1525 suo
1536 1469 1627 1525 est
1655 1464 2033 1523 contrarium

467 1561 774 1624 charitati.
809 1560 958 1618 Item
989 1558 1136 1636 quia
1165 1557 1228 1617 in
1271 1555 1486 1617 eodem
1522 1574 1748 1634 genere
1776 1573 2035 1634 peccan-

466 1655 553 1731 di,
580 1652 926 1716 commissio
955 1655 1047 1712 est
1071 1649 1322 1728 gravior
1344 1650 1674 1710 omissione
1690 1670 1707 1723 ;
1738 1648 1934 1726 atqui,
1962 1653 2035 1708 ut

465 1747 867 1818 ostendimuS,
901 1743 1150 1804 omissio
1193 1743 1630 1803 misericordiae
1666 1758 1891 1821 genere
1920 1758 2032 1801 suo

465 1849 555 1905 est
578 1839 870 1913 mortale3
895 1855 1046 1916 ergo
1067 1856 1105 1898 a
1124 1836 1364 1898 fortiori
1388 1837 1734 1897 commissio
1757 1834 2033 1896 scandali

466 1936 584 1997 erit
625 1931 918 1994 mortalia.
957 1930 1096 1992 Dixi
1138 1947 1211 1992 em
1239 1947 1473 2011 ymera,
1501 1928 1647 2008 quia
1677 1947 1752 1988 ex
1782 1927 2033 1990 levitate

465 2027 740 2090 materiae
765 2030 964 2104 potest
987 2041 1114 2083 esse
1144 2023 1406 2083 veniale.
1432 2021 1897 2082 Advertendum
1923 2038 2032 2080 au·

461 2133 590 2184 tem
628 2130 718 2182 est
762 2120 984 2198 prime,
1017 2116 1344 2178 materiam
1397 2116 1582 2195 hujus
1621 2116 1858 2196 peccati
1899 2131 2033 2176 esse

461 2233 636 2296 posse
671 2213 921 2273 ruinam
955 2229 1232 2288 gravem,
1265 2228 1370 2270 seu
1401 2216 1720 2288 peccatum
1768 2208 2032 2270 mortale

464 2306 757 2388 proximi,
803 2313 865 2364 et
911 2304 1042 2364 haec
1083 2320 1328 2382 semper
1368 2308 1461 2362 est
1502 2303 1708 2382 gravis
1747 2302 2028 2378 materia,

464 2403 623 2462 sicut
651 2401 888 2460 dictum
919 2404 1008 2457 est
1043 2396 1119 2457 de
1148 2397 1527 2457 correctione
1567 2397 1874 2473 fraterna3
1901 2413 2032 2456 esse

463 2510 707 2573 quoque
734 2509 906 2572 posse
931 2491 1258 2550 materiam
1286 2489 1526 2550 veniale
1547 2499 1865 2570 peccatum
1892 2507 2033 2569 pro-

458 2587 636 2660 ximi,
673 2592 744 2644 et
783 2584 912 2644 baec
957 2601 1200 2662 semper
1242 2590 1332 2643 est
1363 2581 1515 2643 levis
1566 2583 1844 2658 materia,
1878 2583 2026 2662 quia

462 2682 512 2740 si
540 2681 605 2740 in
633 2680 767 2758 ipso
793 2677 1074 2756 prox1mo
1097 2681 1412 2756 peccatum
1435 2682 1525 2736 est
1547 2674 1809 2749 veniale,
1837 2677 2025 2736 etiam

462 2775 528 2834 in
575 2772 698 2834 alio
737 2791 848 2854 per
892 2789 955 2833 se
999 2788 1124 2830 non
1180 2770 1298 2830 erit
1351 2768 1630 2831 mortale.
1683 2770 1834 2830 Item
1881 2771 2028 2848 quia

459 2868 758 2928 damnum
808 2865 1074 2944 proximi
1109 2881 1221 2944 per
1268 2881 1332 2924 se
1382 2868 1476 2923 est
1523 2862 1658 2922 leve
1673 2884 1690 2938 ς
1721 2881 1868 2942 ergo
1913 2864 2023 2942 qui

459 2961 610 3021 illud
661 2958 876 3032 infert,
910 2956 1131 3018 leviter
1177 2959 1454 3038 peccat¹.
1504 2954 1602 3016 An
1631 2963 1842 3016 tamen
1891 2955 2027 3017 haec

461 3053 721 3114 materia
746 3049 1058 3112 interdum
1087 3049 1277 3128 possit
1298 3066 1430 3109 esse
1459 3049 1687 3128 gravis,
1713 3049 2025 3111 resolven-

457 3147 608 3206 dum
651 3152 743 3205 cst
783 3145 941 3204 sicut
977 3143 1044 3202 in
1075 3141 1262 3202 simili
1309 3141 1500 3202 dubio
1531 3143 1608 3203 de
1647 3142 2023 3203 correctione

457 3241 751 3300 fraterna.
799 3238 952 3297 Nam
1003 3235 1252 3316 quando
1292 3253 1419 3296 non
1449 3235 1756 3314 corrigere
1807 3235 2015 3314 proxi-

460 3350 632 3393 mum
659 3331 734 3392 de
771 3330 1000 3392 veniali
1031 3336 1190 3390 esset
1222 3328 1506 3402 mortale,
1529 3336 1681 3391 tunc
1713 3347 1752 3388 a
1777 3328 2017 3389 fortiori

458 3426 750 3488 inducere
782 3425 960 3485 illum
1007 3441 1114 3502 per
1141 3421 1499 3482 scandalum
1537 3427 1692 3484 esset
1719 3421 1978 3482 mortale
1994 3436 2014 3499 3

457 3521 522 3579 in
565 3519 702 3580 aliis
735 3536 879 3580 vero
920 3516 1160 3578 casibus
1189 3533 1509 3594 nunquam
1539 3521 1631 3578 est
1657 3516 1862 3593 gravis
1891 3533 2020 3574 ma-

459 3615 637 3687 teria,
673 3617 924 3691 propter
960 3609 1230 3670 rationes
1258 3607 1446 3668 factas
1491 3607 1612 3680 liic,
1654 3613 1716 3668 et
1743 3626 1928 3687 supra
1957 3607 2025 3668 in

456 3705 620 3765 dicta
651 3704 914 3764 materia
940 3702 1017 3763 de
1046 3701 1446 3774 correctione,
1477 3699 1768 3780 disputat.
1805 3702 1868 3775 8,
1897 3717 2025 3760 sec-

456 3801 610 3862 tion.
639 3801 699 3860 Ξ.
736 3798 874 3858 Dixi
904 3803 1116 3858 autem
1141 3812 1253 3876 per
1277 3813 1378 3868 se;
1409 3810 1554 3857 nam
1583 3811 1694 3873 per
1717 3793 2023 3870 accidens,

457 3892 510 3952 si
559 3891 713 3952 illud
763 3889 1120 3952 scandalum
1169 3887 1268 3948 vel
1316 3887 1590 3948 inductio
1641 3887 1910 3948 oriretur
1949 3905 2027 3948 ex

455 3985 632 4064 gravi
670 3984 832 4062 odio,
881 3982 981 4044 vel
1012 3982 1188 4044 fieret
1231 3998 1376 4041 cum
1417 3979 1595 4059 gravi
1625 3979 1879 4057 injuria,
1927 3981 2028 4041 vel

455 4097 564 4159 per
601 4079 753 4154 vim,
797 4077 946 4138 tuuc
985 4081 1180 4155 posset
1219 4092 1348 4136 esse
1393 4079 1715 4153 peccatum
1737 4074 2023 4149 mortale,

456 4189 578 4233 non
629 4171 873 4250 praecise
922 4168 1164 4231 ratione
1215 4165 1506 4228 scandali.
1561 4166 2027 4226 Advertendum

458 4265 729 4328 secundo
769 4282 942 4346 posse
971 4263 1050 4324 ad
1083 4262 1409 4324 materiam
1445 4259 1632 4338 hujus
1675 4260 1908 4339 peccati
1933 4278 2029 4321 re-

455 4359 624 4434 duci,
651 4357 950 4437 impedire
974 4356 1351 4437 proximum,
1369 4373 1449 4416 ne
1468 4353 1631 4433 quod
1651 4354 2030 4432 perfectioris

457 4457 518 4512 et
554 4451 803 4529 majoris
842 4449 990 4512 boni
1020 4455 1133 4526 est,
1161 4455 1484 4528 operetur3
1512 4452 1662 4506 tunc
1690 4447 1856 4507 enim
1886 4465 2027 4527 pro-

463 4545 598 4624 prie
626 4543 876 4624 quidem
905 4560 1034 4604 non
1061 4548 1152 4604 est
1178 4541 1558 4615 scandalum,
1589 4558 1730 4600 cum
1771 4540 1857 4599 ibi
1897 4559 2026 4600 non

461 4637 834 4698 interveniat
875 4636 1058 4696 ruina
1101 4635 1407 4715 proximi,
1452 4650 1592 4712 quae
1636 4633 1882 4712 proprie
1934 4638 2027 4692 est

457 4729 815 4790 scandalum
835 4729 1145 4807 passivum
1171 4751 1189 4803 3
1211 4736 1422 4788 tamen
1453 4728 1520 4786 in
1554 4743 1627 4787 eo
1655 4733 1797 4786 actu
1827 4731 2027 4806 potest

458 4841 588 4883 esse
639 4822 846 4901 aliqua
894 4823 1131 4882 malitia
1178 4827 1394 4882 contra
1439 4819 1838 4893 charitatem,
1888 4836 2026 4898 quoe

457 4917 589 4975 sine
619 4915 808 4974 dubio
847 4914 926 4975 ad
956 4915 1073 4976 hoc
1101 4916 1323 4975 vitium
1353 4919 1696 4988 revocatur,
1729 4919 1790 4972 et
1819 4913 2027 4990 gravis

453 5026 582 5068 non
621 5013 712 5068 est
740 5009 989 5087 praecise
1021 5008 1425 5081 considerata,
1463 5011 1676 5066 tamen
1705 5021 1782 5064 ex
1822 5004 2026 5064 inten-

453 5101 647 5176 tione,
681 5101 731 5160 si
763 5101 1101 5162 intercedat
1133 5101 1303 5160 fraus
1336 5107 1400 5160 et
1425 5098 1623 5173 dolus,
1673 5104 1782 5158 aut
1813 5099 2023 5176 aliqua

537 5295 554 5325 ²
600 5286 879 5347 Concinit
907 5303 1120 5349 auctor
1155 5288 1214 5347 in
1249 5287 1288 5350 l.
1321 5289 1358 5348 3
1399 5287 1477 5348 de
1511 5287 1778 5361 Juram.,
1824 5304 1878 5346 c.
1920 5287 2020 5362 14,

457 5401 520 5442 n.
559 5383 614 5442 5.

1658 243 1896 304 DISPUT.
1933 245 1993 296 X.
2032 245 2113 298 DE
2144 243 2483 300 SGANDALO.

2121 347 2209 407 vis
2236 366 2380 408 cum
2414 348 2588 427 gravi
2616 347 2846 408 damno
2866 344 3170 426 spirituali
3196 342 3485 424 proximi,
3514 345 3707 421 pote-

2119 441 2200 500 rit
2228 459 2358 502 esse
2386 447 2703 521 peccatum
2743 438 3023 502 mortale.
3057 438 3287 500 Ultimo
3332 443 3427 498 est
3462 436 3707 496 adver-

2118 535 2399 610 tendum,
2426 535 2549 594 alio
2578 536 2766 596 etiam
2786 533 2971 596 modo
2997 549 3171 612 posse
3200 549 3329 592 esse
3357 535 3704 609 peccatum

2114 626 2231 688 hoc
2259 628 2500 688 veniale
2527 647 2604 690 ex
2633 628 3104 700 inadvertentia,
3133 624 3384 699 scilieet,
3419 621 3707 682 occasio-

2115 720 2211 780 nis
2250 738 2389 798 quae
2419 721 2602 780 datur
2640 721 2916 799 proximo
2944 717 3269 798 peccandi;
3304 733 3443 795 quae
3472 721 3549 774 ut
3586 733 3705 774 ex-

2116 820 2286 875 cuset
2322 833 2359 874 a
2408 815 2677 890 mortali,
2720 819 2963 893 oportet
2996 818 3067 872 ut
3114 810 3407 890 procedat
3452 828 3535 869 ex
3568 808 3705 868 levi

2114 906 2517 985 negligentia,
2548 912 2611 967 et
2638 905 2991 983 ignorantia
3016 905 3145 966 fere
3172 901 3555 976 invincibili,
3584 920 3705 961 ex-

2114 1006 2489 1078 cusanteque
2529 1019 2568 1060 a
2598 999 2867 1079 perfecto
2902 997 3283 1071 voluntario;
3308 1003 3370 1056 et
3408 1001 3589 1068 tunc,
3618 995 3703 1054 li-

2114 1098 2211 1154 cet
2251 1100 2592 1173 peccatum,
2636 1093 2797 1172 quod
2848 1100 2939 1154 est
2983 1090 3341 1152 scandalum
3380 1089 3699 1162 activum,

2114 1184 2265 1246 alias
2291 1204 2367 1246 ex
2396 1205 2623 1264 genere
2649 1204 2759 1246 suo
2786 1187 2864 1246 sit
2890 1184 3172 1257 mortale,
3200 1188 3415 1244 tamen
3442 1181 3701 1242 malitia

2114 1297 2253 1357 quae
2284 1278 2375 1339 illi
2404 1279 2651 1343 additur
2693 1285 2945 1359 propter
2986 1276 3369 1351 scandalum,
3414 1275 3541 1336 erit
3590 1293 3701 1335 ve-

2113 1373 2295 1433 nialis
2322 1378 2589 1446 tantum,
2623 1374 2770 1453 quia
2803 1371 3003 1450 quoad
3042 1387 3206 1446 eam,
3246 1370 3523 1448 primum
3558 1386 3699 1428 non

2114 1471 2207 1526 est
2248 1465 2515 1545 perfecte
2558 1466 3001 1527 voluntarium.
3036 1466 3104 1526 In
3138 1481 3262 1542 quo
3288 1481 3439 1524 vero
3484 1461 3697 1540 gradu

2114 1557 2369 1620 malitiae
2396 1560 2501 1635 sit,
2530 1560 2767 1622 dicetur
2807 1557 3029 1620 melius
3060 1557 3331 1618 sectione
3372 1555 3685 1636 sequenti.

2736 1750 2953 1814 'saeuo
2984 1762 3046 1814 11.

2120 1933 2289 2008 Quod
2318 1950 2504 2015 qenus
2546 1933 2881 1996 voluntarii
2936 1933 3287 2013 requiratur
3326 1931 3411 1994 ad
3446 1933 3691 1992 contra·

2440 2029 2691 2091 bendum
2718 2027 3021 2092 malitiam
3048 2026 3349 2090 scandali.

2196 2217 2253 2274 1.
2288 2215 2562 2279 Notalur
2590 2213 2815 2296 triplex
2840 2215 3049 2277 modus
3076 2211 3397 2276 inducendi
3422 2209 3685 2274 alterum

2114 2311 2198 2372 ad
2214 2315 2545 2392 peccatum.
2580 2343 2660 2356 —
2700 2309 2922 2370 Tribus
2952 2308 3153 2368 modis
3186 2306 3451 2383 intelligi
3488 2311 3687 2383 potest

2112 2421 2309 2464 unum
2354 2402 2657 2464 adducere
2700 2403 2970 2482 aliquem
3001 2401 3077 2461 ad
3112 2399 3527 2479 peccandum5
3558 2399 3684 2476 pri-

2112 2514 2247 2568 m0,
2304 2495 2421 2556 hac
2467 2496 2813 2556 intentione
2862 2496 3093 2556 directe
3151 2499 3223 2554 ut
3276 2492 3686 2571 spiritualiter

2106 2590 2431 2664 moriatur,
2457 2591 2613 2649 sicut
2650 2590 2799 2652 facit
2840 2589 3103 2650 daemon.
3135 2586 3419 2648 Secundo
3450 2585 3683 2646 directe

2106 2683 2294 2744 etiam
2332 2682 2682 2744 inducendo
2718 2684 2797 2743 ad
2837 2701 3015 2762 opus,
3065 2700 3193 2742 non
3236 2686 3310 2742 ut
3356 2685 3524 2754 ruat,
3574 2679 3681 2740 sed

2106 2781 2357 2855 propter
2386 2775 2742 2850 utilitatem,
2766 2775 2865 2836 vel
2894 2773 3375 2836 oblectationem
3402 2771 3679 2850 aliquam

2106 2886 2335 2929 meam.
2359 2869 2566 2930 Tertio
2594 2868 2891 2930 indirecte
2918 2873 3187 2942 tantum,
3212 2865 3451 2944 aliquid
3472 2881 3680 2926 coram

2104 2960 2225 3022 alio
2267 2960 2568 3034 faciendo,
2610 2961 2774 3022 unde
2808 2959 2915 3022 ille
2954 2961 3261 3022 excitatur
3300 2957 3383 3020 ad
3423 2975 3683 3036 peccan-

2102 3054 2276 3114 dum.

2182 3150 2243 3209 2.
2274 3148 2490 3214 Prima
2517 3149 2813 3213 conclusio
2838 3149 3000 3213 circa
3026 3150 3294 3228 primum
3316 3149 3559 3210 modum
3589 3144 3684 3204 ἰπ-

2095 3241 2341 3304 ducendi
2345 3286 2365 3317 ,
2384 3244 2451 3304 in
2466 3261 2587 3322 qua
2608 3243 2961 3308 conveniunt
2980 3261 3179 3306 omues
3198 3248 3339 3324 post
3352 3243 3437 3302 D.
3467 3240 3674 3303 Thon.

2094 3365 2177 3380 -
2204 3335 2347 3395 Dico
2392 3337 2593 3416 primo
2625 3359 2639 3397 :
2693 3337 2803 3416 qui
2842 3337 3043 3416 primo
3082 3336 3269 3397 modo
3308 3335 3551 3395 inducit
3604 3331 3683 3392 ad

2099 3429 2479 3508 peccandum
2512 3431 2771 3491 incurrit
2794 3429 3096 3490 malitiam
3121 3427 3423 3490 scandali.
3448 3427 3578 3488 Hoc
3596 3425 3684 3486 fa-

2104 3527 2318 3582 tentur
2356 3539 2571 3584 omnes
2599 3529 2737 3602 post
2755 3523 2843 3594 D.
2870 3523 3196 3597 Thomam,
3232 3521 3381 3600 quia
3408 3519 3567 3580 illud
3594 3523 3685 3578 est

2108 3614 2469 3676 scandalum
2511 3615 2857 3676 maximum
2890 3615 3051 3694 quod
3084 3633 3217 3676 esse
3242 3619 3469 3693 potest.
3508 3611 3683 3672 Unde

2108 3707 2443 3786 colligitur,
2466 3711 2518 3769 si
2537 3708 2674 3788 quis
2694 3707 2800 3769 illo
2824 3709 3009 3769 modo
3028 3707 3383 3769 inducatad
3410 3705 3679 3778 furtum,

2108 3799 2280 3861 verbi
2312 3800 2532 3880 gratia,
2562 3807 2625 3862 et
2653 3801 2968 3862 incurrere
2996 3800 3299 3862 malitiam
3329 3799 3509 3872 furti,
3536 3798 3683 3877 quia

2108 3901 2201 3955 est
2244 3911 2427 3954 causa
2468 3893 2637 3973 ejus,
2686 3899 2750 3954 et
2792 3899 3091 3972 praeterea
3136 3891 3412 3954 scandali
3462 3896 3684 3952 contra

2108 3985 2493 4046 charitatem.
2544 3987 2656 4047 Sed
2706 3993 2941 4060 contra,
2987 4003 3135 4047 nam
3178 3985 3381 4065 potius
3430 3983 3683 4044 videtur

2106 4078 2215 4140 illa
2250 4079 2491 4140 malitia
2526 4077 2609 4140 ad
2643 4076 2857 4158 odium
2886 4079 3215 4160 pertinere.
3249 4076 3682 4156 Respondetur

2111 4172 2315 4250 primo
2357 4172 2420 4232 id
2460 4189 2585 4232 non
2628 4189 2872 4252 semper
2909 4172 3061 4234 oriri
3098 4189 3175 4232 ex
3210 4171 3351 4232 odio
3378 4168 3677 4249 proximi,

2110 4283 2257 4326 nam
2297 4269 2498 4344 potest
2534 4265 2684 4326 oriri
2723 4283 2799 4326 ex
2838 4265 2950 4339 ira,
2999 4264 3099 4325 vel
3122 4264 3265 4324 odio
3306 4263 3438 4324 Dei.
3486 4263 3569 4322 Et
3592 4278 3681 4320 se·

2110 4358 2333 4433 cund0,
2368 4375 2446 4418 ex
2481 4357 2579 4418 his
2598 4357 2747 4418 oriri
2784 4357 3033 4437 quidem
3073 4373 3245 4434 posse
3282 4355 3678 4435 imperative,

2109 4457 2323 4511 tamen
2351 4468 2426 4511 ex
2454 4450 2703 4530 proprio
2730 4449 2969 4527 objecto
2992 4455 3055 4510 et
3078 4448 3337 4510 materia
3358 4465 3543 4512 suam
3574 4446 3681 4508 ha-

2104 4543 2253 4604 bere
2281 4544 2585 4604 malitiam
2612 4543 2676 4602 in
2710 4543 3008 4604 charitate
3038 4542 3325 4622 proximi.

2174 4639 2231 4698 3.
2282 4636 2560 4700 Secunda
2582 4635 2881 4698 conclusio
2904 4635 3064 4698 circa
3090 4635 3413 4698 secundum
3438 4635 3682 4696 modum

2106 4727 2671 4792 inducendi.—-Dico
2698 4727 2965 4790 secundo
2991 4746 3004 4788 :
3038 4727 3149 4808 qui
3180 4727 3455 4788 secundo
3488 4726 3677 4788 modo

2107 4822 2347 4883 inducit
2370 4822 2449 4883 ad
2496 4827 2703 4882 actum
2749 4821 3006 4900 peccati,
3052 4821 3195 4882 licet
3222 4821 3282 4880 id
3310 4819 3501 4882 faciat
3540 4837 3681 4899 pro—

2106 4921 2246 4995 pter
2285 4915 2641 4989 utilitatem,
2668 4913 2767 4973 vel
2800 4912 2969 4974 aliud
2996 4913 3223 4986 simile,
3252 4912 3521 4974 incurrit
3546 4929 3683 4991 spe-

2106 5007 2324 5068 cialem
2353 5006 2653 5066 malitiam
2682 5005 2956 5066 scandali
2971 5021 2991 5082 3
3019 5006 3284 5066 sumitur
3312 5005 3573 5066 assertio
3606 5021 3677 5066 ex

2106 5099 2251 5160 divo
2275 5099 2513 5160 Thema
2535 5101 2596 5158 2.
2626 5099 2689 5172 2,
2714 5115 2778 5177 q.
2806 5101 2907 5173 43,
2934 5097 3176 5160 articul.
3212 5102 3273 5173 1,
3296 5096 3379 5158 ad
3402 5099 3471 5170 4,
3498 5105 3565 5158 et
3592 5104 3683 5158 oet

2104 5193 2360 5254 Adriani
2380 5193 2445 5252 iu
2466 5196 2527 5265 4,
2551 5191 2617 5250 in
2641 5191 2901 5252 materia
2918 5190 2993 5252 de
3016 5190 3433 5264 Confessione,
3460 5197 3675 5269 quaest.

2104 5288 2179 5360 43
2211 5285 2482 5363 MajoriS,
2511 5283 2578 5342 in
2608 5285 2669 5358 4,
2696 5283 2759 5344 d.
2792 5284 2895 5359 38,
2926 5301 2987 5360 q.
3020 5283 3163 5356 ult„
3194 5282 3233 5361 ξ
3255 5284 3333 5355 3;
3364 5283 3677 5362 principa-

2104 5379 2245 5440 liter
2281 5375 2607 5452 Antonini,
2632 5377 2670 5436 2
2697 5394 2761 5456 p.
2770 5419 2790 5451 ,
2820 5376 2913 5438 tit.
2948 5378 3009 5452 7,
3036 5374 3074 5455 ἓ
3104 5378 3165 5450 4,
3196 5393 3250 5435 c.
3281 5376 3353 5448 ις
3385 5375 3675 5452 Navarr„
