3900 6217
707 412 877 465 SECT.
914 412 1042 464 ml.
1076 412 1159 465 AN
1192 410 1525 465 meum-‚NT
1529 412 1592 463 13
1625 411 1727 465 nm
1760 410 2150 467 nummatis
2183 414 2280 467 SIT
2313 416 2393 467 ot:
2425 416 2712 482 RATIONE,
2749 420 2886 473 mc,

184 510 295 573 sibi
320 509 689 573 immediate
710 512 1170 585 revelabantur,
1210 528 1401 591 quam
1434 511 1604 589 quod
1640 509 1747 571 ha-

184 603 423 665 buerint
466 603 854 667 evidentiam
896 607 1009 669 Dei
1046 604 1381 685 loquentis,
1415 604 1741 676 Probatur,

180 715 321 757 nam
342 696 519 775 quod
540 696 883 761 habuerint
902 698 1115 772 fidem,
1143 698 1391 759 videtur
1417 696 1747 773 manifeste

178 788 377 869 colligi
434 808 514 853 ex
544 790 765 863 Paulo,
796 796 861 853 et
898 809 977 853 ex
1014 791 1151 853 aliis
1192 790 1522 870 Scripturas
1552 789 1740 862 locis;

177 902 343 957 nam,
372 882 461 943 ad
498 884 695 945 Hebr.
730 884 977 946 decimo
1020 885 1243 965 primo,
1286 889 1550 945 testatur
1586 883 1749 945 Pau-

170 976 271 1037 lus
297 976 627 1039 Abrabam
658 996 774 1058 per
798 978 997 1039 fidem
1034 978 1319 1041 obedisse
1344 980 1497 1051 Deo,
1524 982 1585 1038 et
1613 994 1749 1039 cre-

172 1070 401 1131 didisse
430 1072 591 1142 Deo,
636 1080 701 1135 et
738 1074 1255 1151 promissionibus
1284 1073 1443 1151 ejuS,
1488 1090 1633 1132 cum
1660 1076 1747 1133 ta-

172 1181 315 1225 men
370 1184 493 1244 per
538 1164 975 1229 immediatam
1028 1166 1477 1229 revelationem
1528 1183 1565 1225 a
1620 1166 1747 1225 Deo

171 1260 299 1319 haec
312 1259 531 1319 omnia
554 1260 899 1339 recepisset
916 1258 1183 1339 (quoties
1213 1264 1421 1321 autem
1438 1258 1748 1321 immedia-

168 1354 299 1412 ἔω
326 1351 607 1430 appello,
638 1352 1055 1415 ministerium
1080 1352 1463 1433 Angelorum
1487 1368 1615 1413 non
1644 1368 1747 1411 ex-

162 1444 401 1523 cludo).
430 1446 707 1520 Deinde,
748 1447 975 1509 Genes.
1018 1448 1501 1527 quadragesimo
1547 1464 1741 1519 non0,

160 1538 437 1618 legimus
460 1540 663 1601 Jacob
694 1558 808 1619 per
834 1542 1118 1620 spiritum
1146 1541 1581 1621 propheticum
1602 1540 1745 1601 filiis

160 1632 595 1708 benedixisse,
634 1641 699 1697 et
728 1640 944 1697 tamen
982 1634 1209 1698 Paulus
1252 1635 1332 1695 ad
1361 1634 1547 1695 Hebr.
1570 1632 1743 1695 deci-

162 1744 265 1787 mo
304 1727 543 1805 prime,
594 1727 745 1790 dicit
774 1729 892 1789 boe
929 1728 1150 1791 fecisse
1175 1727 1525 1808 perfidem,
1570 1733 1630 1789 et
1664 1726 1744 1787 si·-

162 1819 389 1879 militer
416 1820 501 1880 de
544 1822 769 1901 Moyse
796 1821 1031 1885 ibidem
1060 1822 1163 1893 ait,
1196 1840 1310 1901 per
1339 1821 1531 1883 fidem
1561 1837 1743 1881 acce-

162 1913 323 1991 pisse
346 1914 575 1975 omnia
602 1932 745 1991 quie
766 1914 1064 1975 revelavit
1078 1914 1165 1975 illi
1184 1916 1376 1977 Deus,
1402 1914 1579 1977 Unde
1606 1912 1743 1973 nul-

160 2006 219 2065 lo
230 2006 425 2069 modo
446 2008 728 2085 probare
748 2026 1007 2089 possum
1024 2008 1190 2088 quod
1204 2008 1537 2088 cajetanus
1552 2025 1743 2086 supra

160 2098 327 2175 dicit,
341 2101 705 2178 Abraham,
718 2103 971 2181 quando
983 2102 1533 2165 voluitsacrificare
1544 2101 1743 2163 filium

162 2212 235 2255 ex
277 2202 609 2275 praeeepto
650 2197 791 2270 Dei,
830 2196 1121 2259 babuisse
1162 2197 1535 2259 evidentiam
1573 2196 1745 2275 quod

162 2290 321 2351 Deus
340 2288 465 2350 sibi
488 2289 565 2351 id
596 2291 993 2371 praeciperet,
1020 2310 1229 2370 neque
1257 2292 1439 2353 aliter
1466 2290 1743 2371 potuisse

160 2382 319 2443 licite
350 2382 417 2446 id
430 2400 663 2460 agere,
699 2385 869 2465 quod
896 2385 1227 2448 videbatur
1252 2404 1391 2447 esse
1413 2390 1629 2445 contra
1648 2402 1745 2445 ra-

162 2478 391 2539 tionem
420 2478 817 2541 naturalem.
846 2480 979 2541 Hoc
1002 2480 1169 2543 enim
1194 2480 1503 2559 posterius
1528 2484 1743 2558 aperte

162 2573 381 2633 falsum
411 2578 547 2645 θείς
598 2591 754 2635 nam
780 2574 1129 2637 sufficiebat
1160 2572 1417 2635 credere
1447 2590 1561 2653 per
1580 2572 1745 2633 infu-

167 2685 297 2726 sam
344 2665 570 2739 fidem,
618 2668 823 2729 Deum
869 2684 1009 2729 esse
1052 2668 1161 2747 qui
1212 2666 1275 2727 id
1318 2666 1740 2746 praecipiebat,

172 2762 307 2839 quia
328 2760 476 2821 huic
514 2760 677 2823 fidei
714 2780 844 2823 non
871 2766 1077 2841 potest
1106 2762 1363 2824 subesse
1392 2760 1643 2834 falsum,
1679 2765 1739 2821 et

179 2856 297 2916 boc
322 2855 461 2915 satis
486 2860 636 2915 erat
664 2862 738 2915 ut
762 2855 923 2917 actio
954 2862 1119 2917 esset
1141 2857 1434 2931 honesta,
1471 2854 1599 2917 imo
1626 2854 1741 2915 de·

192 2948 336 3022 bita,
362 2948 815 3009 exobedientia
856 2950 937 3009 ad
974 2952 1215 3021 Deum
1255 2949 1391 3030 jam
1432 2948 1601 3009 enim
1634 2966 1735 3009 ea·

196 3042 323 3103 dem
354 3041 497 3103 fides
538 3042 925 3105 ostendebat
973 3042 1125 3105 illud
1160 3062 1291 3103 non
1329 3060 1467 3105 esse
1520 3046 1739 3103 contra

181 3139 463 3199 rationem
506 3135 898 3210 naturalem,
940 3138 1055 3199 sed
1084 3156 1272 3215 supra
1308 3136 1500 3197 illam.
1535 3136 1743 3197 Potuit

176 3238 375 3293 autem
398 3231 651 3293 habere
690 3230 1009 3293 Abraham
1035 3232 1199 3294 hanc
1228 3232 1421 3293 fidem
1454 3231 1589 3308 sine
1618 3231 1743 3293 evi-

172 3324 399 3397 dentia,
444 3331 517 3386 ut
547 3330 879 3385 ostensum
909 3330 1021 3386 est.
1056 3326 1133 3387 Et
1174 3324 1475 3405 profecto,
1516 3324 1739 3385 saltem

171 3420 227 3479 in
256 3418 359 3479 illo
393 3417 771 3498 particulari
816 3436 989 3491 casu,
1041 3423 1134 3479 est
1162 3418 1281 3480 hoc
1321 3418 1737 3491 verisimiliuS,

166 3512 303 3592 quia
342 3512 686 3573 Abraham
718 3512 785 3572 in
812 3512 916 3572 illo
944 3512 1106 3573 facto
1134 3531 1263 3573 non
1292 3511 1495 3573 solum
1522 3512 1744 3573 lauda·

130 3613 259 3673 ,tur
294 3606 589 3666 maxime
644 3612 899 3685 propter
922 3606 1369 3679 obedientiam,
1402 3606 1515 3667 sed
1553 3605 1741 3667 etiam

167 3706 425 3779 propter
478 3698 705 3770 fidem,
760 3717 877 3777 per
916 3717 1107 3779 quam
1163 3698 1388 3760 dicitur
1430 3698 1741 3778 placuisse

162 3796 279 3855 Deo
306 3814 327 3867 ;
384 3798 455 3855 et
484 3793 585 3854 its
606 3792 839 3854 Paulus
872 3792 1049 3853 illum
1074 3794 1256 3855 nobis
1283 3793 1577 3873 proponit
1604 3798 1745 3855 tan-

162 3906 349 3967 quam
404 3887 738 3966 exemplar
789 3888 1197 3963 credentium,
1245 3887 1325 3949 ad
1367 3889 1543 3949 Rom.
1576 3890 1657 3959 4;
1691 3886 1742 3947 si

162 3990 367 4043 autem
402 3982 737 4043 habuisset
771 3982 1171 4055 evidentiam,
1204 3983 1303 4043 v'el
1334 3981 1572 4043 nullam
1604 3982 1743 4042 lau-

162 4075 319 4149 dem,
348 4074 467 4137 vel
500 4080 675 4137 certe
718 4092 977 4155 parvam
1010 4075 1347 4137 meruisset
1380 4081 1635 4155 propter
1669 4074 1743 4135 fi-

160 4170 319 4241 dem,
352 4169 519 4248 quia
547 4169 921 4233 necessitate
960 4168 1235 4248 quadam
1263 4168 1649 4243 credidisset,
1680 4174 1742 4231 ct

158 4264 235 4323 ita
262 4282 413 4323 non
434 4262 667 4325 fuisset
700 4262 1240 4325 accommodatum
1272 4263 1591 4343 exemplar
1640 4281 1743 4325 eo·

162 4376 315 4429 rum,
355 4356 477 4435 qui
504 4356 861 4417 voluntarie
891 4356 1207 4436 captivant
1253 4356 1633 4419 intellectum
1672 4356 1742 4417 in

162 4448 549 4529 obsequium
602 4449 739 4519 Dei,
792 4450 1033 4511 etiamsi
1088 4450 1265 4511 illum
1304 4449 1627 4513 endenter
1652 4450 1742 4511 lo-

162 4550 470 4621 quentem
498 4560 637 4603 non
662 4543 1087 4623 experiantur.

238 4638 337 4698 12.
386 4636 707 4706 Probatu-
766 4637 1089 4699 secundum
1154 4638 1501 4699 membrum.
1548 4668 1629 4685 -
1668 4638 1743 4700 Et

172 4732 303 4792 binc
329 4730 529 4793 facile
561 4731 863 4810 probatur
893 4732 1088 4792 altera
1128 4751 1295 4811 pars,
1338 4750 1449 4793 seu
1493 4752 1744 4812 compa-

168 4827 319 4887 ratio
336 4826 599 4887 factain
620 4827 989 4897 assertione,
1022 4826 1190 4906 quia,
1224 4827 1395 4907 quod
1424 4826 1743 4907 Prophetae

166 4918 507 4982 habuerint
567 4920 945 4982 evidentiam
974 4921 1075 4981 vel
1117 4939 1329 4981 rerum
1358 4921 1473 4983 sibi
1502 4922 1745 4983 revela-

168 5016 395 5085 tarum,
438 5012 547 5074 vel
580 5014 695 5075 Dei
744 5013 1080 5074 revelantis
1100 5061 1116 5086 ‚
1172 5030 1300 5074 non
1357 5015 1625 5077 babetur
1678 5015 1742 5077 in

172 5106 513 5185 Scriptura,
568 5124 689 5167 nec
718 5106 843 5167 alio
885 5106 1073 5168 modo
1116 5113 1213 5169 est
1239 5126 1353 5187 per
1398 5106 1592 5169 fidem
1621 5114 1743 5168 tra-

176 5197 405 5270 ditum;
448 5200 625 5279 quod
660 5206 871 5261 autem
898 5200 1241 5263 habuerint
1284 5201 1471 5263 tidem
1494 5220 1743 5263 earum·

180 5290 312 5351 dem
340 5310 583 5365 rcmm,
620 5292 891 5355 habetur
908 5294 973 5355 in
996 5295 1311 5374 Scriptura
1346 5312 1735 5374 expressum,

184 5388 243 5441 ut
266 5384 553 5458 ostendi3
579 5402 733 5465 ergo
762 5404 891 5447 non
913 5391 1117 5465 potest
1156 5404 1295 5448 esse
1338 5393 1467 5448 tam
1497 5390 1739 5449 certum

185 5477 339 5551 quod
384 5478 725 5539 habuerint
772 5478 1173 5554 evidentiam,
1228 5480 1387 5541 sicut
1427 5486 1522 5543 est
1568 5480 1738 5560 quod

188 5564 507 5632 habuerint
530 5570 751 5648 fidem,
788 5572 1059 5634 maxime
1086 5590 1233 5635 cum
1265 5574 1472 5636 adhuc
1510 5574 1589 5637 sit
1620 5573 1738 5635 sub

1820 512 2062 592 judice,
2119 534 2202 579 an
2255 534 2400 577 cum
2454 518 2560 579 tali
2612 520 2922 585 evidentia
2969 521 3168 603 possit
3215 520 3398 581 simul

1830 624 1970 669 esse
2009 608 2191 683 fider„
2247 616 2313 671 ut
2369 610 2558 689 paulo
2601 619 2744 692 post
2785 614 3156 679 videbimus.
3206 616 3400 677 Acce-

1829 700 1917 763 dit
1964 702 2134 782 quod
2190 704 2306 783 ipsi
2347 704 2672 785 Prophetae
2727 726 2896 789 saepe
2955 710 3192 783 dicunt,
3225 706 3400 771 audi·

1827 794 1992 857 visse
2021 798 2222 859 Deum
2272 798 2656 877 loquentem,
2711 821 2840 865 non
2879 810 3090 867 autem
3133 802 3393 873 vidisse;

1829 888 2080 953 auditus
2122 896 2332 953 autem
2383 892 2464 953 ad
2492 892 2682 955 fidem
2711 896 3000 961 refertur.
3043 897 3141 961 Sic
3170 895 3395 957 dieitur

1826 982 1969 1045 lsai.
1995 985 2064 1045 21
2095 1002 2108 1043 :
2143 983 2288 1057 Quoe
2315 985 2520 1049 audivi
2535 988 2844 1053 aDomino
2861 992 2982 1055 Deo
2997 991 3392 1060 exercituum.

1826 1077 1949 1139 Deo
1977 1078 2215 1149 Israel,
2263 1081 2636 1145 annunciata·
2663 1083 2824 1147 vobis
2842 1108 2865 1157 ;
2906 1091 2968 1147 et
2995 1086 3122 1147 Jer.
3159 1085 3269 1145 26:
3313 1083 3396 1145 Ia

1828 1167 2082 1233 veritate
2099 1170 2269 1233 misit
2294 1190 2386 1235 mo
2399 1174 2698 1239 Dominus
2713 1202 2740 1248 ,·
2768 1183 2828 1237 et
2859 1178 3090 1239 similes
3118 1182 3262 1239 sunt
3275 1175 3396 1237 fre·

1828 1267 2095 1340 quentes
2153 1263 2498 1327 locutiones
2547 1267 2613 1329 in
2651 1270 3010 1349 Prophetis;
3057 1278 3122 1331 et
3170 1269 3394 1331 eodem

1826 1354 2016 1415 modo
2073 1355 2226 1417 dixit
2274 1358 2613 1439 Gregorius
2663 1362 2742 1425 de
2803 1364 2924 1425 illis
2978 1363 3192 1425 homil.
3243 1366 3269 1423 1
3327 1362 3392 1423 in

1826 1448 2058 1508 Ezech:
2085 1447 2180 1513 Ab
2199 1469 2260 1513 oo
2283 1470 2415 1531 quoe
2443 1470 2586 1517 tera
2609 1460 2774 1529 sunt,
2807 1459 3098 1529 audiunt,
3137 1462 3198 1518 et
3223 1454 3394 1517 simi-

1824 1541 1907 1603 lia
1932 1541 2176 1605 habet2
2197 1546 2442 1620 Mor-al„
2469 1566 2524 1609 c.
2549 1552 2612 1623 5,
2642 1555 2704 1610 et
2731 1549 2808 1611 de
2831 1551 2948 1612 hac
2967 1550 3278 1613 locutione
3299 1548 3398 1609 di·

1828 1634 1913 1695 xit
1955 1634 2456 1715 chrysostomus,
2511 1642 2682 1703 hom.
2717 1645 2778 1716 3,
2805 1644 2868 1705 in
2897 1663 2950 1705 c.
2984 1646 3022 1705 2
3052 1644 3130 1705 ad
3159 1642 3394 1705 Hebr.:

1821 1730 1951 1792 Hic
1975 1731 2182 1793 modus
2207 1732 2528 1797 locutionis
2557 1737 2778 1818 ἄρκεια
2805 1744 2896 1801 est
2928 1740 3082 1814 fide:
3115 1743 3175 1801 et
3209 1738 3292 1799 ita
3319 1753 3396 1797 cx

1820 1824 1929 1885 illo
1957 1824 2164 1889 solum
2193 1826 2428 1907 colligit
2452 1830 2885 1893 certitudinem
2926 1834 2998 1893 D.
3029 1832 3278 1903 Thom.,
3313 1830 3396 1891 ci·

1822 1918 1970 1979 tatis
1997 1918 2174 1993 lociS,
2209 1926 2272 1983 et
2310 1939 2371 2000 q.
2409 1924 2484 1984 12
2533 1923 2612 1984 de
2665 1926 2946 1999 veritat„
2979 1924 3154 1987 artic.
3192 1926 3292 1997 10,
3329 1923 3394 1987 in

1825 2030 1998 2091 corp.
2011 2058 2026 2085 ,
2047 2018 2112 2075 et
2127 2021 2431 2077 consonat
2445 2016 2601 2079 illud
2625 2020 2663 2079 2
2681 2020 2840 2081 Pctr.
2861 2021 2932 2081 2:
2953 2020 3264 2085 Habemus
3277 2018 3396 2095 fir·

1825 2104 2074 2169 miorem
2097 2109 2512 2187 propheticum
2537 2129 2886 2175 sermonem.

1912 2200 2010 2260 13.
2078 2200 2488 2280 Consta-matur
2541 2206 2695 2268 idem
2747 2207 3074 2269 mmmm
3117 2205 3394 2287 speciali-

1826 2296 1921 2354 ter
1971 2298 2184 2357 contra
2232 2296 2589 2360 evidentiam
2645 2300 3007 2363 naturalem.
3054 2330 3134 2345 -
3169 2300 3396 2361 Deinde

1827 2392 2041 2449 contra
2070 2390 2620 2471 supernaturalem.
2647 2422 2729 2439 -
2753 2393 3075 2475 Prophetae
3113 2410 3222 2457 our
3246 2391 3398 2455 dicti

1827 2479 2115 2543 videntes.
2142 2512 2224 2527 —
2251 2484 2342 2543 Ex
2367 2485 2593 2561 quibus
2617 2490 2859 2547 constat
2879 2506 3008 2548 non
3031 2487 3234 2548 solum
3253 2504 3396 2549 esse

1826 2572 2038 2633 minus
2075 2580 2310 2637 certam
2357 2578 2772 2643 assertionem
2799 2580 2878 2642 de
2909 2581 3027 2642 hac
3055 2579 3390 2652 evidentia,

1827 2664 1941 2725 scd
1997 2668 2188 2729 etiam
2229 2670 2590 2750 simpliciter
2646 2692 2784 2737 esse
2839 2674 3146 2737 incertam
3179 2680 3242 2737 et
3273 2674 3392 2734 du-

1824 2756 2030 2833 biam;
2065 2780 2211 2823 nam
2243 2771 2338 2826 est
2363 2765 2628 2827 eftectus
2647 2768 2932 2847 pendens
2957 2788 3035 2831 ex
3059 2768 3256 2830 libera
3281 2766 3392 2829 Dei

1822 2852 2168 2931 voluntate,
2199 2863 2260 2919 et
2309 2877 2437 2921 non
2469 2866 2562 2922 est
2591 2862 2928 2938 revelatus,
2959 2880 3168 2942 neque
3201 2880 3394 2941 appa·-

1820 2952 1916 3007 ret
1940 2952 2334 3013 necessarius
2378 2954 2458 3015 ad
2477 2972 2552 3016 ea
2580 2974 2718 3036 qum
2739 2958 3018 3019 revelata
3045 2962 3214 3028 sunt,
3246 2956 3394 3035 quia

1824 3040 1904 3101 ad
1935 3043 2146 3105 omnia
2177 3046 2404 3107 sufficit
2434 3048 2738 3110 certitudo
2768 3050 2938 3127 fidei,
2969 3050 3156 3111 etiam
3186 3050 3248 3111 in
3275 3050 3396 3111 illis

1822 3132 1931 3212 qui
1958 3137 2240 3213 proxime
2285 3139 2632 3203 doctrinam
2675 3143 2823 3205 fidei
2873 3164 2912 3205 a
2945 3146 3074 3207 Deo
3103 3162 3395 3224 suscepe-

1821 3234 1990 3289 runt.
2029 3230 2440 3297 Probabiliter
2489 3244 2702 3297 autem
2749 3238 3136 3318 distinguere
3176 3256 3394 3319 possu-

1820 3338 1988 3395 mne,
2023 3323 2180 3386 sicut
2219 3344 2432 3406 supra,
2473 3329 2552 3391 de
2591 3330 2824 3411 duplici
2850 3333 3183 3407 evidentia,
3215 3339 3394 3395 natu-

1820 3416 1935 3479 rali
1981 3418 2238 3493 scilicet,
2294 3426 2356 3481 ct
2405 3425 2862 3503 supernaturali
2897 3444 3012 3507 per
3039 3426 3254 3489 lumen
3292 3426 3394 3487 in-

1822 3508 2068 3585 susum3
2103 3531 2252 3574 nam
2279 3515 2356 3576 de
2383 3517 2570 3595 priori
2602 3519 2924 3597 probabile
2957 3526 3054 3582 est
3079 3520 3250 3581 illam
3279 3520 3392 3581 ha-

1822 3602 2034 3667 buisse
2071 3607 2306 3685 primos
2329 3608 2478 3671 fidei
2505 3618 2923 3692 susceptores,
2957 3613 3264 3693 majorem
3290 3613 3392 3675 vel

1822 3696 2156 3772 minorem,
2181 3700 2362 3779 juxta
2389 3702 2638 3765 illorum
2675 3706 3104 3784 capacitatem,
3161 3713 3223 3769 et
3264 3726 3396 3767 ma·

1823 3789 2219 3869 gnitudinem
2295 3794 2620 3876 signorum
2679 3818 2792 3860 seu
2851 3799 3388 3879 conjecturarum3

1824 3885 1994 3963 quod
2019 3886 2266 3949 videtur
2287 3888 2672 3967 significasse
2715 3892 3053 3961 Theodor„
3077 3892 3162 3955 ad
3199 3893 3388 3955 Hebr.

1826 3980 1924 4052 Η,
1960 3978 2120 4040 circa
2151 3980 2256 4041 illa
2283 3984 2506 4045 verba:
2551 3984 2928 4049 ommam
2961 3987 3088 4050 Deo
3114 3986 3311 4067 siquis
3335 3990 3392 4047 et

1813 4072 2140 4152 portentis,
2180 4074 2286 4137 ubi
2334 4076 2480 4139 dicit
2515 4078 2818 4141 miracula
2852 4098 2991 4143 esse
3039 4079 3394 4141 testimonia

1824 4165 1956 4240 Dei,
1997 4172 2059 4228 et
2099 4166 2306 4231 facere
2365 4171 2766 4234 evidentiam.
2801 4174 2930 4235 Hoc
2961 4192 3154 4252 supra
3187 4172 3394 4235 decla-

1822 4255 2032 4322 ratum
2061 4262 2238 4323 estin
2267 4264 2560 4344 Angelis;
2591 4272 2653 4328 et
2681 4266 2758 4327 de
2789 4268 3124 4347 ApostoliS,
3157 4267 3264 4346 qni
3283 4286 3394 4329 au-

1824 4353 2076 4415 dierunt
2103 4356 2293 4417 verba
2321 4358 2568 4432 Christi,
2609 4365 2671 4421 et
2695 4360 2985 4421 viderunt
3035 4361 3172 4440 ejus
3200 4360 3391 4421 mira-

1824 4446 1989 4522 cula,
2020 4455 2116 4510 est
2143 4449 2332 4511 etiarn
2361 4452 2511 4514 satis
2537 4453 2886 4533 probabile,
2927 4454 3150 4517 saltem
3179 4454 3388 4534 quoad

1825 4543 2166 4622 quamdam
2219 4546 2595 4609 evidentiam
2637 4548 2964 4623 moralem,
3021 4567 3162 4627 quae
3218 4556 3390 4611 tanto

1828 4642 1963 4699 erat
1991 4638 2216 4718 major,
2245 4646 2482 4718 quanto
2510 4640 2590 4701 de
2612 4660 2804 4702 sensu
2830 4642 3191 4715 verborum,
3221 4647 3282 4705 et
3310 4640 3389 4703 de

1824 4730 2081 4791 veritate
2111 4731 2556 4794 miraculorum
2579 4753 2694 4813 per
2711 4736 3018 4815 majorem
3035 4735 3388 4816 intelligen-

1824 4820 1974 4885 tiam
2007 4829 2070 4887 et
2099 4825 2550 4903 experientiam
2579 4829 2925 4903 constabat,
2963 4835 3026 4891 et
3043 4828 3213 4891 idem
3245 4846 3388 4889 cum

1825 4918 2226 4995 proportione
2243 4918 2413 4981 credi
2433 4927 2642 4999 potest
2667 4922 2745 4983 de
2765 4923 3088 5003 Prophetis
3105 4942 3122 4997 ;
3145 4930 3212 4985 at
3233 4941 3384 4985 vero

1824 5010 1902 5073 de
1930 5010 2238 5073 evidentia
2257 5016 2716 5093 supernaturali
2731 5035 2834 5077 res
2855 5023 2949 5079 est
2963 5018 3165 5097 magis
3182 5016 3390 5079 incer·-

1825 5108 1910 5178 ta,
1940 5108 2004 5165 et
2031 5104 2416 5183 probabilius
2441 5106 2632 5169 credo
2657 5110 3028 5191 requiem-iter
3041 5129 3170 5171 non
3195 5109 3388 5171 fuisse

1823 5199 2347 5262 communicatam
2397 5200 2757 5281 hujusmodi
2815 5204 3194 5265 evidentiam
3253 5223 3390 5265 om-

1820 5290 2006 5353 nibus
2033 5292 2360 5372 Prophetis
2389 5314 2503 5373 per
2531 5296 2802 5375 speciale
2834 5296 3050 5359 lumen
3083 5296 3386 5373 infusum,

1819 5386 1990 5463 quod
2010 5386 2088 5447 ad
2118 5406 2447 5451 assensum
2475 5394 2748 5471 cogeret.
2777 5391 2914 5452 Duo
2938 5391 3105 5452 enim
3135 5396 3280 5455 sunt
3303 5392 3392 5453 di-

1820 5480 2196 5559 stinguenda
2225 5482 2292 5543 in
2321 5483 2677 5562 Prophetis:
2713 5502 2910 5545 unum
2941 5487 3034 5545 est
3063 5484 3388 5564 conceptio

1820 5592 1931 5635 seu
1963 5576 2382 5656 apprehensio
2423 5595 2644 5639 eorum
2667 5595 2810 5659 quac
2842 5576 2991 5659 ipsis
3022 5577 3390 5641 revelaban-
