3900 6217
509 445 664 500 SECT.
698 445 735 496 1.
772 445 856 496 AN
889 443 986 495 SlT
1019 444 1099 496 m·
1129 445 1277 507 Qun>
1311 445 1408 500 su·
1441 445 1736 500 emt-:su
1768 446 1848 498 ET
1880 447 1961 497 EX
1998 445 2220 507 uulnus
2255 444 2556 498 PARTIBUS
2590 444 2883 496 CONSTET.
3163 437 3282 500 247

179 555 260 626 tia,
281 550 330 611 d.
357 549 406 621 t,
429 551 486 608 et
507 563 627 624 cap.
659 545 743 606 In
784 544 973 613 domo,
1002 541 1258 604 ibidem.
1301 543 1474 605 Unde
1503 561 1640 606 sen-

176 664 252 706 sns
281 641 375 704 erit
393 660 408 698 :
429 637 560 704 Nou
587 641 758 700 eram
787 653 860 698 σω
882 637 1074 712 nobis,
1101 636 1246 714 quia
1273 635 1546 698 exterius
1573 655 1640 698 se

175 735 468 799 Christianos
491 728 872 798 simulabant,
903 747 1046 790 cum
1083 747 1226 790 vere
1253 747 1381 792 non
1409 735 1638 803 essent,

173 829 240 890 rel
261 850 275 887 :
295 824 416 888 Non
435 827 594 888 erant
619 840 690 886 esc
709 822 900 898 uobis,
930 822 994 882 id
1022 827 1136 896 est,
1159 839 1238 884 ex
1264 821 1425 882 veris
1453 821 1642 900 Apos-

171 925 276 986 tolis
305 928 356 982 et
391 918 665 980 ministris
694 933 714 980 t
746 919 836 980 ita
875 917 1243 998 Cyprianus,
1277 919 1356 982 de
1392 919 1642 982 Unitate

167 1014 401 1078 Ecclesiae.
427 1013 640 1074 Eodem
667 1009 854 1074 modo
879 1010 1224 1090 respondeo
1251 1011 1330 1074 ad
1357 1013 1634 1087 tertium,

165 1108 501 1188 Augustinum
541 1104 770 1166 scilicet
816 1111 1028 1184 aperte
1073 1104 1246 1184 loqui
1297 1104 1638 1166 secundum

159 1198 566 1284 praescientiam3
597 1204 690 1260 est
725 1198 894 1260 enim
932 1197 1106 1260 illius
1133 1198 1508 1260 cousuetudo
1546 1199 1642 1260 in-

160 1297 350 1358 terdum
376 1310 576 1354 vocare
602 1292 802 1354 solum
842 1311 1022 1354 veros
1047 1292 1208 1354 filios
1241 1292 1355 1372 qui
1376 1291 1642 1372 proedes·

159 1389 298 1452 tinati
331 1405 362 1448 a
385 1387 498 1448 Deo
521 1391 686 1460 sunt,
725 1386 874 1464 quia
899 1385 994 1448 illi
1021 1392 1268 1447 tantum
1308 1403 1452 1448 vere
1479 1383 1640 1446 obti-

155 1488 270 1543 nent
291 1479 676 1542 haereditatem
707 1480 902 1542 Patris
913 1495 935 1556 3
956 1480 1068 1558 qni
1095 1479 1318 1542 modus
1345 1478 1642 1558 loquendi

155 1572 482 1654 exponendus
501 1578 666 1634 certe
683 1579 796 1648 est,
817 1590 945 1636 non
968 1573 1330 1634 imitandus.
1353 1572 1640 1634 Attamen

153 1671 276 1730 idem
303 1665 683 1744 Augustinus,
711 1671 956 1728 uectat.
985 1668 1068 1728 45
1098 1666 1164 1726 in
1191 1666 1399 1737 Joan„
1429 1673 1642 1745 aperte

155 1761 264 1822 dicit
283 1758 586 1820 secundnm
615 1760 726 1820 Dei
747 1759 1228 1838 praescientiam,
1249 1759 1478 1820 multas
1495 1777 1644 1821 oves

157 1873 252 1914 esse
272 1860 418 1914 extra
455 1851 556 1912 Dei
583 1851 950 1927 Ecclesiam,
981 1858 1044 1914 et
1081 1851 1310 1914 multos
1341 1852 1520 1932 lupos
1547 1853 1642 1916 in-

159 1953 244 2006 tra.
267 1945 398 2006 ldem
423 1944 608 2006 habet
631 1945 746 2008 lib.
785 1947 826 2007 2
853 1952 1074 2008 contra
1097 1946 1514 2021 Cresconium,
1543 1963 1642 2007 ca-

156 2041 232 2119 pit.
257 2041 332 2100 34.

207 2135 252 2193 8.
291 2132 571 2197 Secundus
597 2135 1218 2198 mon-secundus
1245 2151 1422 2196 error
1455 2141 1644 2212 negat

147 2228 288 2288 etiam
309 2225 472 2288 fidem
508 2245 640 2289 esse
669 2228 938 2290 formam
975 2229 1400 2290 membrorum
1431 2227 1642 2292 Eccle-

147 2321 240 2394 sia,
263 2319 348 2380 sed
384 2318 716 2396 perfectam
757 2321 1168 2397 sanctitatem,
1213 2341 1352 2400 quae
1385 2322 1641 2384 omnino

149 2417 396 2490 peccatum
418 2412 728 2474 excludat.
753 2413 929 2476 Unde
957 2415 1158 2474 solum
1187 2433 1292 2476 eos
1311 2415 1510 2494 justos
1535 2433 1642 2494 po-

151 2507 214 2564 nit
253 2521 358 2566 esse
397 2506 469 2566 de
507 2505 810 2583 Ecclesia,
855 2508 963 2587 qui
1029 2507 1272 2568 nullum
1319 2514 1638 2587 peccatum

147 2597 334 2660 habeut.
385 2600 468 2660 lta
503 2599 762 2661 Cathari
813 2601 978 2680 apud
1032 2603 1470 2679 Augustinum,
1516 2602 1642 2664 hae-

145 2710 230 2752 res.
253 2693 332 2765 38,
355 2693 536 2770 quiin
556 2694 642 2754 88
667 2711 808 2754 eam
835 2693 1058 2754 tribuit
1079 2695 1446 2772 pelagianis.
1473 2695 1638 2756 Idem

144 2784 237 2844 fere
259 2785 553 2846 Lutherani
594 2789 904 2862 sentiunt,
935 2788 1042 2866 qui
1069 2788 1269 2848 solum
1303 2789 1505 2866 justos
1543 2789 1638 2850 di-

149 2883 258 2934 eunt
285 2878 626 2938 mustituere
677 2877 1010 2940 Ecclesiam
1024 2925 1045 2955 ,
1087 2899 1290 2959 neque
1319 2887 1637 2961 peccatum

153 2969 328 3030 veniale
345 2989 374 3030 a
405 2971 658 3032 mortali
689 2971 1100 3051 distinguunt.
1135 2974 1252 3035 Sed
1285 2981 1500 3036 contra
1524 2975 1638 3036 has

155 3059 340 3122 haereae
355 3063 672 3126 sufficiunt
691 3065 856 3126 dicta
878 3066 946 3126 in
973 3069 1234 3128 materia
1252 3066 1330 3128 de
1353 3068 1564 3130 Gratia
1587 3072 1633 3142 ¹,

149 3152 224 3212 ubi
257 3156 456 3216 ostendi
483 3175 612 3219 11011
667 3175 799 3220 esse
844 3158 912 3218 in
955 3158 1230 3221 Ecclesia
1273 3160 1636 3240 hujusmodi

135 3247 296 3322 justos,
317 3249 428 3326 qui,
456 3268 604 3312 cum
637 3250 882 3312 ratione
921 3257 1200 3328 utantur,
1229 3253 1476 3314 nullum
1503 3271 1638 3314 om-

137 3337 246 3398 nino
264 3348 552 3418 peccatum
572 3344 1000 3406 committant.
1019 3346 1172 3406 Vide
1192 3347 1633 3424 Augustinum,

137 3433 348 3494 3eontra
369 3437 794 3512 parmenian„
819 3455 954 3516 cap.
980 3440 1042 3512 2,
1069 3446 1132 3500 et
1159 3439 1266 3500 lib.
1297 3439 1375 3501 de
1403 3438 1662 3502 Perfec-·

135 3525 534 3604 tionejustitiae,
561 3536 630 3590 et
675 3531 830 3592 alios
869 3537 1081 3593 contra
1123 3533 1462 3611 Pelagian.;
1495 3534 1638 3596 Hie·

127 3635 252 3692 ron„
273 3621 498 3699 dialogo
517 3625 560 3683 9.
585 3631 662 3685 et
687 3627 728 3685 3
756 3630 920 3685 cont.
955 3625 1268 3704 Pelagian.
1297 3627 1374 3688 Et
1401 3643 1480 3686 ex
1509 3645 1640 3688 mo-

127 3709 302 3783 dernis,
343 3714 539 3777 Dried.
569 3723 634 3779 et
673 3716 840 3778 Cano
867 3735 1092 3796 supra3
1123 3720 1336 3781 Petrus
1369 3719 1540 3794 Soto,
1571 3718 1638 3780 in

129 3805 429 3872 Defensione
451 3817 674 3872 contra
691 3812 1042 3888 Brentium,
1065 3831 1200 3890 cap.
1233 3814 1338 3889 ¹83
1364 3812 1635 3888 Medina,

127 3899 154 3956 Ἰ
175 3897 236 3958 de
257 3900 424 3962 Recta
451 3903 518 3962 in
543 3905 750 3966 Deum
773 3904 945 3979 Fide,
969 3923 1104 3984 cap.
1129 3907 1226 3966 20.
1253 3905 1640 3984 Argumenta

127 4007 236 4050 vero
269 3993 442 4073 liujus
477 3997 712 4058 erroris
757 4015 896 4075 quse
941 3996 1062 4060 huc
1095 4005 1398 4078 spectant,
1428 4000 1640 4060 statim

129 4083 332 4146 solvam.

183 4180 233 4238 9.
271 4180 496 4246 Ter-tius
537 4201 738 4247 mor.
771 4217 854 4232 --
892 4184 1208 4250 Placitum
1245 4187 1640 4268 quorumdam

129 4268 534 4336 Catholioorm.
559 4311 646 4324 --
665 4278 913 4340 Tertius
940 4297 1114 4340 error
1140 4286 1348 4357 negat,
1379 4279 1480 4341 vel
1509 4297 1640 4341 om·

124 4381 206 4422 nes
230 4368 322 4444 qui
359 4377 506 4430 sunt
541 4370 614 4432 in
654 4379 908 4451 peceato
935 4371 1206 4446 mortali,
1238 4372 1338 4433 vel
1365 4373 1642 4452 insignes

125 4455 294 4518 sanem
321 4468 700 4538 peccatores,
733 4481 860 4525 mse
890 4464 1172 4526 membra
1201 4465 1514 4541 Ecclesiae,
1544 4473 1644 4526 at-

125 4567 214 4624 que
245 4552 384 4614 adeo
421 4573 550 4616 non
577 4555 798 4630 fidem,
825 4557 930 4618 sed
967 4556 1234 4635 gratiam
1277 4563 1340 4618 et
1377 4557 1644 4619 charita—

129 4646 222 4702 tem
241 4663 356 4707 0330
377 4647 650 4712 formam
665 4651 1142 4713 constituentem
1169 4651 1524 4714 Ecclesiam.
1555 4653 1644 4714 Ita

125 4739 304 4812 partim
345 4749 675 4804 senserunt
723 4744 874 4806 olim
915 4745 1306 4819 Novatiani²‚
1337 4747 1500 4824 apud
1529 4747 1648 4826 Cy·-

125 4829 310 4906 priau„
329 4833 374 4894 l.
392 4836 456 4906 4,
479 4837 666 4916 epist.
693 4839 766 4914 23
789 4845 852 4898 et
876 4837 1209 4917 Epiphan„
1233 4838 1341 4900 lib.
1367 4841 1406 4900 2
1429 4847 1646 4902 contra

124 4919 366 5002 Haeraees,
407 4928 625 4991 haeres.
666 4932 766 4992 59.
813 4931 888 4992 Et
931 4931 1266 4992 Donatistm
1309 4933 1472 5012 apud
1515 4933 1644 4996 Au-

124 5017 414 5096 gussfiunm,
442 5021 666 5086 heres.
711 5024 817 5100 69,
861 5029 924 5086 et
964 5024 1006 5085 1.
1055 5026 1094 5086 3
1135 5030 1350 5086 contra
1395 5026 1646 5088 Parme-

124 5108 286 5184 uian„
307 5131 433 5194 cap.
462 5117 526 5192 2,
555 5122 620 5178 et
651 5116 926 5180 haeretici
947 5117 1062 5178 alii
1097 5117 1286 5196 hujus
1322 5121 1638 5198 temporis,

125 5201 216 5258 etsi
235 5221 346 5265 non
368 5209 510 5268 satis
543 5215 849 5272 constent.
881 5209 1180 5272 Nonnulli
1207 5217 1506 5291 praeterea
1533 5213 1644 5274 Ca-

191 5392 204 5424 ¹
239 5390 632 5469 impugnatur
655 5395 782 5473 jam
809 5396 856 5457 1.
889 5399 930 5459 9
957 5396 1036 5458 de
1061 5397 1258 5472 Grat„
1288 5417 1346 5458 c.
1379 5402 1414 5461 7
1445 5404 1508 5460 et
1537 5401 1598 5461 8.

188 5480 210 5516 ²
233 5481 472 5548 Consule
501 5488 732 5549 Pamel.
765 5490 832 5550 in
860 5488 1154 5552 Annotat.
1186 5491 1365 5571 epist.
1400 5493 1462 5567 3,
1493 5493 1538 5554 l.
1571 5494 1642 5570 33

125 5569 298 5649 Azor„
319 5582 466 5639 tom.
495 5578 632 5656 2,1.
664 5582 720 5658 5,
747 5599 803 5642 c.
829 5583 932 5658 20,
957 5599 1020 5662 q.
1049 5585 1110 5644 7.

1718 543 1932 605 tholici
1971 542 2185 603 dicunt
2226 549 2579 622 peccatores
2608 560 2739 602 esse
2780 540 3029 620 quidem
3076 548 3283 620 partes

1722 636 2028 712 Ecclesiae,
2054 635 2158 696 sed
2188 654 2313 696 non
2343 635 2643 696 membra.
2679 636 2771 695 lta
2802 637 3279 704 Turrecremat..

1719 729 1880 790 libro
1912 734 1973 805 1,
1998 730 2181 808 capit.
2210 731 2311 804 57,
2338 728 2443 790 ubi
2466 728 2657 789 refert
2690 728 2927 802 Alens„
2956 729 3025 788 D.
3056 729 3279 788 Thom.

1720 829 1782 883 et
1809 823 1983 886 alios.
2016 823 2183 887 Idem
2228 824 2417 894 Cano,
2451 828 2512 882 et
2554 824 2769 884 Petrus
2808 822 2953 882 Soto
2982 839 3188 900 supra,
3220 828 3285 882 et

1718 917 1912 996 Vega,
1937 917 2047 978 lib.
2078 919 2159 980 28
2184 917 2254 978 in
2280 915 2739 990 'l'ridentinum,
2765 935 2819 976 c.
2850 917 2946 975 10.

1804 1014 1902 1073 10.
1970 1012 2345 1089 consectatur
2391 1011 2771 1074 auctoritato.
2798 1043 2881 1056 -—
2916 1009 3281 1088 Consulatum

1719 1106 1900 1169 etiam
1928 1106 2185 1168 ratione.
2208 1102 2423 1164 -Sed
2460 1103 2535 1164 de
2568 1102 2703 1176 fide,
2734 1109 2971 1178 certum
3001 1110 3095 1164 est
3134 1103 3281 1162 sim·

1719 1197 1961 1278 pliciter
1996 1205 2060 1260 et
2094 1196 2370 1258 absolute
2405 1196 2571 1258 inter
2600 1196 2927 1257 Ecclesiam
2980 1215 3109 1257 esse
3146 1213 3280 1273 pec·

1719 1296 1977 1366 catores,
2014 1290 2295 1370 quamvis
2326 1289 2527 1369 gratia
2566 1294 2629 1350 et
2673 1288 2973 1350 charitate
3004 1293 3275 1350 careant.

1719 1387 1826 1448 Est
1857 1385 2207 1448 communis
2232 1384 2537 1446 sententia
2580 1385 2855 1452 Petrum,
2880 1383 2989 1462 qui
3018 1384 3087 1444 in
3112 1383 3281 1444 1111110

1719 1495 1971 1540 sensum
2002 1485 2323 1558 exponunt
2344 1479 2663 1559 parabolas
2689 1477 2827 1538 illas
2848 1474 3188 1552 Evangelii,
3213 1475 3281 1534 in

1722 1573 1948 1652 quibus
1982 1572 2247 1634 Ecclesia
2288 1579 2683 1652 comparatur
2707 1588 2945 1654 sayenoe
2982 1571 3189 1632 missae
3213 1567 3281 1630 in

1721 1685 1910 1741 mare,
1954 1685 2026 1730 em
2054 1667 2217 1730 omni
2244 1684 2451 1750 yenere
2492 1666 2751 1748 piscium
2780 1664 3185 1746 conyreqanti,
3220 1671 3285 1722 et

1721 1779 1884 1822 areoe
1939 1761 2283 1822 continenti
2334 1761 2605 1822 triticum
2650 1765 2710 1820 et
2748 1758 2985 1839 paleam
3015 1802 3036 1832 ,
3085 1757 3281 1816 vinem

1721 1854 1944 1918 ferenti
1972 1872 2125 1915 uvas
2153 1861 2215 1916 et
2240 1853 2573 1928 labruscae,
2604 1859 2667 1913 et
2692 1852 2902 1912 decem
2934 1848 3279 1927 virginibus

1721 1947 2101 2028 sapientibus
2138 1954 2200 2008 et
2228 1947 2433 2023 fatuis,
2460 1964 2615 2026 quas
2642 1945 2798 2007 bene
2832 1949 3013 2023 urget
3038 1945 3280 2020 Augus-

1723 2043 1890 2104 tinus
1915 2041 1984 2101 in
2012 2040 2439 2102 collationibus
2470 2045 2685 2100 contra
2708 2039 3071 2111 Donatistas,
3100 2034 3283 2096 colla·-

1727 2136 1896 2196 tione
1938 2134 2135 2195 tertioe
2164 2133 2311 2204 diei,
2358 2141 2420 2196 et
2462 2138 2637 2194 tract.
2692 2133 2730 2192 6
2770 2133 2837 2192 in
2862 2133 3189 2206 loannem,
3220 2133 3285 2190 et

1723 2245 1993 2289 sermon.
2032 2230 2165 2290 107.
2200 2228 2273 2287 Et
2302 2228 2365 2286 in
2393 2226 2549 2288 Psal.
2582 2229 2685 2299 47,
2732 2224 3095 2304 CyprianuS,
3126 2225 3284 2301 opti·

1725 2341 1826 2384 me
1869 2322 2029 2384 libro
2056 2323 2118 2396 3,
2152 2321 2407 2400 epistola
2446 2323 2508 2393 3,
2552 2325 2613 2380 et
2657 2318 2763 2380 lib.
2812 2322 2875 2393 4,
2917 2316 3171 2397 epistola
3200 2319 3281 2388 ἒς

1725 2415 2413 2495 Η1111011γ111113,(1111103.
2441 2420 2654 2475 contra
2698 2412 3035 2491 Pelagian.,
3066 2417 3127 2471 et
3166 2411 3281 2472 Lu-

1722 2511 2031 2582 ciferiau.,
2070 2509 2383 2570 adducens
2411 2507 2613 2568 locum
2644 2507 2858 2585 primae
2888 2507 2931 2565 f·
2934 2511 3047 2566 etr.
3081 2505 3143 2580 3,
3175 2504 3285 2564 ubi

1721 2610 2112 2683 comparatur
2150 2601 2415 2664 Ecclesia
2444 2619 2601 2662 arcae
2642 2601 2800 2673 Noe,
2834 2599 2902 2659 in
2950 2615 3073 2677 qua
3107 2602 3285 2658 erant

1721 2698 1956 2760 munda
1990 2704 2053 2758 et
2104 2695 2431 2758 immunda
2467 2693 2787 2768 animalia,
2832 2700 2895 2755 et
2945 2692 3163 2771 primae
3200 2691 3279 2750 ad

1716 2791 1990 2852 Timoth.
2026 2792 2064 2850 2
2116 2808 2129 2850 :
2181 2791 2263 2852 In
2290 2806 2516 2866 magma
2544 2790 2711 2850 domo
2753 2805 2871 2848 non
2914 2785 3107 2848 solum
3138 2788 3285 2848 aunt

1716 2901 1868 2946 vasa
1897 2900 2086 2945 aurea
2112 2887 2171 2946 et
2194 2887 2481 2963 arqentea
2492 2907 2519 2954 ;
2548 2881 2655 2942 sed
2688 2885 2745 2942 et
2790 2879 2985 2959 liqna,
3024 2885 3082 2942 et
3120 2878 3283 2954 ficti·

1717 2976 1827 3050 lia,
1859 2982 2007 3051 etc„
2028 2976 2135 3036 ubi
2156 2975 2533 3054 expositores
2554 2972 2662 3034 alii
2691 2972 3032 3034 luculenter
3056 2973 3133 3032 ad
3166 2970 3285 3030 hoc

1719 3069 2097 3130 institutum.
2143 3069 2295 3132 Item
2334 3067 2687 3145 Gregorius,
2734 3064 2990 3126 homilia
3045 3068 3140 3137 11,
3178 3065 3277 3138 12,

1719 3169 1781 3224 et
1809 3163 2127 3240 trigesima
2168 3169 2385 3224 octava
2412 3162 2479 3221 in
2510 3159 2845 3238 Evangelia
2895 3175 2912 3218 t
2955 3157 3139 3222 Sicut
3158 3160 3283 3220 Eo·

1719 3256 1898 3320 cloria
1930 3256 2178 3335 (inquit)
2216 3255 2415 3318 media
2443 3261 2533 3317 est
2562 3255 2725 3316 inter
2753 3253 2959 3314 coelum
3002 3259 3059 3315 et
3098 3252 3285 3330 inser-

1717 3366 1884 3418 mcm.
1914 3350 2008 3410 ita
2036 3355 2091 3411 et
2128 3349 2444 3427 utrimque
2477 3352 2686 3428 partes
2734 3352 2789 3408 ec
2822 3346 2977 3408 cives
3014 3345 3187 3408 intra
3224 3363 3285 3408 se

1718 3441 1957 3522 recipit.
1984 3441 2153 3504 Idem
2176 3441 2362 3502 sentit
2390 3440 2855 3518 Chrysostomus
2878 3439 2946 3498 in
2972 3439 3303 3498 Psalmum-

1721 3535 2110 3612 trigesimum
2158 3551 2421 3608 nonum,
2450 3539 2515 3594 et
2541 3531 2651 3592 lib.
2703 3534 2738 3592 3
2786 3531 2863 3592 de
2894 3531 3283 3608 Sacerdoti03

1721 3632 1782 3687 et
1805 3627 2140 3704 Gregorius
2167 3626 2623 3700 NazianzenUS,
2662 3625 2943 3686 oratione
2991 3628 3016 3686 1
3077 3626 3144 3685 111
3176 3625 3283 3686 Ju-

1719 3719 1872 3781 lian.
1907 3721 2023 3794 Qui
2058 3719 2263 3782 Patres
2294 3720 2447 3781 alias
2480 3721 2671 3782 etiam
2704 3717 2975 3779 afferunt
3012 3719 3285 3798 Scriptu-

1718 3830 1804 3874 τε
1839 3814 2211 3888 testimonia,
2246 3819 2317 3874 ut
2343 3813 2407 3874 id
2438 3813 2655 3876 Matth.
2688 3813 2766 3873 18
2799 3829 2815 3872 :
2850 3812 2931 3875 Si
2952 3810 3287 3892 peccaverit

1717 3905 1784 3968 in
1821 3911 1878 3970 to
1904 3909 2111 3984 frater
2139 3912 2303 3980 tuus,
2331 3913 2477 3982 etc„
2520 3908 2621 3971 dic
2660 3906 2980 3968 Ecclesioe.
3005 3906 3110 3966 Est
3139 3921 3287 3982 ergo

1722 4000 1888 4060 intra
1919 4000 2095 4061 illam
2126 4001 2235 4080 qui
2261 3999 2565 4079 peccavit,
2596 4017 2743 4060 nam
2772 4003 2983 4079 postea
3008 3997 3288 4075 ejicietur

1720 4092 1770 4152 si
1813 4111 1940 4154 non
1984 4093 2219 4154 audiat.
2266 4091 2491 4154 Paulus
2530 4092 2717 4154 etiam
2775 4092 2843 4152 in
2892 4090 3164 4170 epistolis
3206 4088 3285 4150 ad

1721 4186 2028 4259 Corinth„
2060 4187 2288 4262 Galat„
2328 4192 2391 4248 et
2434 4186 2595 4259 aliis,
2634 4186 2867 4264 passim
2895 4184 3167 4246 scribens
3206 4182 3287 4244 ad

1721 4279 2040 4354 EcclesiaS,
2074 4285 2419 4358 peccatores
2442 4278 2856 4358 reprehendit.
2884 4278 3049 4340 Idem
3076 4279 3285 4352 Joan„

1721 4372 1900 4433 initio
1931 4371 2180 4452 Apocal.
2212 4375 2317 4434 Est
2344 4379 2639 4452 praeterea
2675 4371 2808 4432 haec
2846 4371 3153 4432 sententia
3182 4371 3289 4431 de-

1722 4463 1900 4526 finita
1931 4467 1997 4526 in
2028 4465 2295 4527 Concilio
2324 4467 2639 4527 Constant.
2648 4510 2667 4539 ‚
2710 4483 2855 4525 sesa.
2893 4467 2993 4540 15,
3030 4471 3091 4524 et
3116 4463 3291 4526 colli-

1723 4561 1892 4638 gitur
1919 4577 1996 4619 ex
2023 4577 2157 4638 cap.
2181 4559 2507 4633 Firmiter,
2546 4564 2608 4619 et
2654 4557 2792 4618 aliis
2832 4576 3018 4638 supra
3060 4557 3289 4636 allega-

1727 4653 1828 4725 tis,
1881 4652 2105 4731 quibus
2152 4651 2381 4713 dicitur
2411 4652 2735 4713 Ecclesiam
2786 4670 2915 4713 esse
2954 4669 3289 4729 congrega-

1724 4747 1959 4806 tionem
2010 4744 2325 4819 fidelium3
2358 4751 2419 4806 et
2458 4747 2525 4805 in
2570 4744 2840 4806 Concilio
2882 4745 3245 4806 Tridentino
3265 4787 3287 4818 ,

1725 4840 1995 4900 sessione
2044 4839 2107 4914 6,
2158 4855 2391 4900 canone
2430 4841 2529 4915 18,
2562 4837 2773 4900 fideles
2813 4846 3157 4918 peccatores
3199 4837 3295 4898 di-

1723 4936 1952 4993 cuntur
1973 4931 2103 4992 veri
2132 4931 2499 4992 Christiani:
2530 4931 2859 4992 Christiani
2886 4939 3095 4992 autem
3122 4936 3289 5004 sunt,

1726 5026 1834 5104 qui
1863 5032 1927 5086 et
1954 5025 2181 5086 Christi
2206 5035 2269 5086 et
2305 5025 2589 5086 Ecclesiae
2623 5025 2907 5088 membra
2935 5032 3097 5086 sunt.
3125 5027 3291 5085 Prae-

1725 5117 2271 5198 terea'peccatores
2298 5124 2553 5198 possunt
2578 5119 2851 5197 recipere
2877 5124 3289 5192 sacramenta,

1726 5216 1790 5274 et
1835 5211 2293 5273 communicare
2338 5213 2405 5272 in
2444 5211 2535 5272 eis
2572 5229 2708 5271 cum
2752 5210 3043 5270 omnibus
3095 5208 3289 5270 fideli-

1725 5304 1884 5381 bus;
1936 5304 2055 5366 hoc
2098 5310 2307 5366 autem
2354 5305 2675 5383 proprium
2730 5310 2822 5363 est
2870 5303 3293 5364 membrorum

1726 5399 2031 5460 Ecclesiae.
2083 5399 2363 5478 Denique
2416 5408 2730 5459 ostensum
2784 5405 2875 5457 est
2926 5395 3107 5456 fidem
3162 5415 3295 5456 esse

1728 5492 2042 5571 propriam
2094 5492 2359 5552 formam
2402 5489 2709 5563 Ecclesiae,
2740 5507 2875 5568 quoe
2904 5495 3114 5550 tamen
3144 5507 3291 5550 vcra

1727 5585 1794 5646 in
1822 5585 2245 5665 peccatoribus
2276 5589 2505 5652 manet.
2542 5601 2733 5663 quare
2764 5582 3073 5663 (quamvis
3094 5601 3293 5663 quais-

3753 5390 3764 5409 ,
3755 5313 3764 5323 ι
3756 4829 3768 5282 v-⁸..--..——-—-—--..1.-
3764 4795 3768 4812 ..
3764 4645 3768 4763 ὲ*-
