3900 6217
636 392 804 446 sacr.
840 394 927 446 xi.
962 392 1045 446 ΑΝ
1076 390 1429 446 navt-:Luto
1461 382 1747 447 uenia-ra*
1772 394 2092 449 surrtctixr
2127 398 2208 449 Ao
2242 390 2571 459 cesserunt,
2607 396 2741 451 mc.

171 516 269 563 esse
302 494 502 558 animal
530 494 845 571 rationale,
874 494 975 557 vel
1013 495 1250 557 habere
1292 513 1543 576 corpus,
1577 502 1639 558 et

171 594 373 653 unimam
410 589 754 665 humanam,
810 589 956 651 licet
1004 588 1125 651 hoc
1182 608 1307 650 non
1350 589 1636 669 explicite

168 687 363 747 dicatur.
388 680 687 743 Revelatio
716 686 925 743 autem
955 682 1233 743 virtualis
1261 689 1356 743 est
1393 700 1637 761 respec-

166 790 213 840 tu
244 776 605 856 proprietatis,
644 792 785 854 quae
826 775 997 837 nullo
1044 776 1232 837 modo
1282 776 1637 837 continetur

164 870 433 933 formaliter
466 868 527 929 in
552 887 620 929 re
650 868 836 941 dicta,
866 870 979 931 sed
1014 876 1255 931 tantum
1288 871 1349 929 in
1397 870 1631 941 radice,

162 972 211 1027 ut
230 970 301 1024 est
346 963 399 1022 in
443 962 721 1040 exemplo
769 961 847 1023 de
891 962 1233 1025 risibilitate
1253 1008 1274 1040 ‚
1322 968 1385 1024 et
1429 962 1636 1024 simili-

160 1058 259 1119 bus.
291 1056 483 1117 Ultimo
523 1058 767 1134 oportet
811 1056 1135 1119 advertere
1165 1056 1411 1118 duobus
1434 1056 1637 1117 modis

167 1168 297 1231 posse
320 1166 419 1209 nos
462 1148 549 1208 uti
576 1148 859 1210 discursu
887 1149 970 1211 ad
998 1149 1464 1211 assentiendum
1496 1166 1639 1227 pro-

163 1243 379 1325 positioni
410 1241 581 1303 illatae
608 1261 623 1302 z
658 1262 789 1304 uno
836 1243 1027 1305 modo
1062 1249 1363 1323 tanquam
1397 1242 1637 1305 ratione

160 1336 341 1399 formali
383 1334 754 1398 assentiendi
780 1382 797 1410 ,
848 1342 910 1399 et
951 1337 1199 1417 propria
1266 1354 1339 1397 ac
1400 1354 1517 1417 per
1568 1353 1637 1397 se

158 1448 295 1493 causa
328 1429 504 1508 ipsius
560 1446 857 1491 assensus
912 1429 1327 1515 conclusionis
1396 1429 1580 1491 illatae
1615 1448 1631 1504 ;

156 1526 242 1585 alio
266 1522 423 1583 modo
451 1520 650 1583 solum
672 1528 975 1603 tanquam
1020 1528 1409 1603 proponente
1444 1530 1507 1584 et
1536 1542 1637 1585 ex-

158 1617 359 1697 plante
390 1614 531 1695 quid
582 1618 999 1691 contineatur,
1038 1623 1101 1678 et
1144 1618 1487 1697 quomodo,
1522 1618 1639 1679 sub

158 1712 309 1771 divina
342 1708 709 1771 revelatione
730 1756 746 1784 ,
790 1717 860 1771 ut
900 1717 1119 1791 postea
1163 1710 1248 1771 illi
1286 1717 1529 1772 tantum
1574 1711 1636 1771 in

162 1802 475 1865 assentiendo
494 1804 794 1875 nitamur,
813 1810 1112 1883 tanquam
1128 1804 1355 1866 rationi
1365 1803 1633 1877 formali,

166 1904 383 1958 etcausae
428 1914 537 1977 per
560 1916 631 1959 se
664 1916 681 1969 ;
735 1898 833 1959 isti
876 1898 1044 1960 enim
1076 1898 1203 1959 duo
1241 1898 1408 1959 modi
1440 1898 1640 1978 possi-

164 1990 267 2051 biles
288 1995 427 2061 sunt,
456 1995 522 2051 nt
564 2008 685 2070 per
712 2008 781 2052 se
831 1998 1092 2065 constat,
1128 1998 1190 2053 et
1238 1990 1519 2071 pendent
1562 2010 1638 2052 ex

160 2083 394 2145 voluntate
440 2082 735 2157 bominis,
786 2091 848 2148 et
879 2084 964 2145 ita
996 2085 1135 2146 illos
1162 2090 1332 2146 recte
1362 2084 1641 2145 distinxit

164 2176 367 2255 l'ssquez
391 2192 591 2256 supra,
622 2184 693 2239 et
726 2178 829 2239 alii
876 2198 1005 2239 non
1031 2178 1487 2240 contradicunt.

214 2271 258 2331 6.
296 2271 485 2333 Prima
532 2272 799 2336 assertio
851 2272 1177 2354 dupliciter
1225 2271 1515 2337 limitata.
1562 2302 1643 2319 —

160 2364 281 2439 Bm
294 2364 445 2425 ratio.
470 2392 551 2409 —
576 2364 969 2445 Explicatur
993 2364 1278 2447 amplius.
1311 2396 1393 2411 -
1422 2366 1643 2427 Prima

160 2456 476 2517 limitatu—
498 2454 900 2519 Assertio.-
934 2458 1215 2521 Secunda
1244 2456 1643 2521 limitatio.—

164 2550 265 2609 Dico
296 2566 417 2627 ergo
442 2549 639 2627 primo
682 2566 699 2609 :
734 2550 1031 2613 revelatio
1065 2550 1364 2623 formalis,
1398 2550 1640 2615 etiamsi

166 2643 348 2703 confusa
372 2643 456 2717 sit,
476 2642 709 2705 sufficit
730 2642 814 2716 ad
838 2644 1152 2725 objectum
1179 2643 1439 2705 formale
1468 2644 1637 2716 fidei,

170 2742 211 2795 et
246 2742 645 2815 consequenter
712 2737 795 2797 ad
857 2736 1327 2799 assentiendum
1382 2738 1463 2799 de
1516 2736 1641 2799 fide

174 2830 541 2907 particularibus
578 2829 903 2892 contentis
930 2831 1049 2891 sub
1087 2831 1193 2892 tali
1236 2830 1635 2905 revelatione,

182 2920 217 2979 si
234 2922 527 2984 sufficienter
552 2923 637 2982 ad
666 2922 777 2983 illa
802 2924 1169 3003 applicetur,
1194 2930 1257 2985 et
1284 2924 1475 2985 homo
1508 2928 1643 2984 uta·-

186 3014 471 3076 turdis-:mu
498 3016 925 3077 conveniente
952 3014 1139 3077 modo
1173 3015 1253 3077 ad
1282 3012 1640 3101 hujusmodi

184 3124 419 3169 assensum.
458 3110 525 3170 ln
572 3108 705 3171 hac
750 3110 1094 3173 assertione
1145 3110 1451 3171 convenio
1498 3126 1643 3170 cum

176 3201 307 3277 pn'ma
328 3204 625 3279 sententia,
658 3210 729 3265 et
760 3205 927 3265 illam
960 3204 1229 3268 admittit
1260 3204 1503 3266 Valent.
1540 3222 1643 3263 su·

174 3310 263 3370 pra,
284 3314 337 3355 ac
358 3297 599 3374 probant
626 3296 848 3375 aliqua
884 3298 1167 3377 exempla
1210 3316 1287 3358 ex
1329 3297 1639 3371 adductiS,

174 3386 352 3449 utillud
384 3389 453 3451 de
502 3390 747 3453 infante
794 3391 1127 3471 baptizato,
1159 3397 1223 3452 et
1266 3391 1343 3451 de
1386 3390 1643 3451 homine

173 3478 385 3541 existente
410 3482 467 3541 in
494 3482 729 3545 affectu
760 3484 1034 3563 peccati3
1068 3491 1257 3564 atque
1287 3484 1455 3545 idem
1483 3477 1644 3546 exis-

170 3572 269 3631 timo
287 3574 349 3635 de
372 3574 483 3647 illo,
506 3578 669 3657 quod
702 3576 983 3641 Christus
1014 3578 1223 3641 habeat
1250 3580 1511 3641 animam
1540 3594 1643 3641 ra·

170 3664 388 3738 undem,
414 3673 467 3731 et
491 3688 716 3750 eorpus
755 3670 1102 3733 humanum.
1135 3670 1209 3732 Et
1246 3669 1313 3731 in
1342 3671 1463 3732 hoc
1500 3670 1643 3732 fun·

165 3754 371 3821 dabimus
388 3760 556 3837 intra,
585 3763 753 3843 disp.
788 3764 851 3837 ὅ,
880 3764 944 3823 in
971 3764 1109 3839 fin„
1142 3764 1515 3826 sententiam
1547 3783 1641 3826 as·

164 3860 389 3913 serentem
410 3855 569 3917 bunc
594 3855 927 3917 hominem
968 3874 1107 3919 esse
1136 3875 1355 3919 verum
1385 3856 1641 3919 Pontifi-

166 3958 269 4017 oem,
292 3964 405 4009 esse
434 3948 509 4011 de
536 3948 687 4011 Fide
714 3972 733 4025 ;
764 3957 827 4011 et
856 3949 1023 4011 idem
1054 3956 1149 4012 est
1174 3950 1254 4014 de
1282 3952 1402 4013 hac
1435 3969 1450 4011 :
1488 3950 1639 4015 Con-

168 4036 303 4099 cilium
340 4040 745 4105 ffldentinum
794 4044 925 4123 fuit
960 4042 1325 4126 legitimum,
1356 4042 1529 4121 quod
1558 4044 1638 4105 de

166 4126 244 4191 fide
276 4150 387 4195 esse
428 4137 729 4212 existimo,
772 4137 933 4198 sicut
978 4137 1057 4198 de
1104 4137 1323 4217 primis
1369 4144 1641 4217 quatuor

166 4222 369 4287 eoncitiis
384 4231 795 4308 generalibus,
814 4230 968 4291 dixit
988 4230 1325 4311 Gregorius
1344 4230 1637 4293 habenda

166 4330 258 4379 esse
290 4319 423 4382 sicut
462 4330 732 4402 quatuor
782 4324 1143 4404 Evangelia.
1193 4323 1373 4385 Ratio
1424 4332 1637 4387 autem

168 4418 241 4481 ΕΩ,
262 4416 379 4491 quia
414 4416 613 4479 divina
650 4418 949 4499 revelatio
992 4418 1349 4480 immediate
1382 4420 1547 4481 cadit
1568 4419 1637 4479 in

166 4502 231 4563 illa
262 4508 453 4583 omnia,
482 4513 597 4573 sub
634 4512 745 4573 illa
788 4512 1258 4574 universalitate
1302 4517 1631 4585 contenta;

168 4614 267 4675 ergo
286 4602 479 4665 sufficit
502 4606 581 4667 de
606 4624 676 4667 se
700 4607 783 4668 ad
802 4606 993 4669 fidem
1010 4606 1365 4669 faciendam
1394 4606 1472 4668 de
1502 4624 1634 4667 om-

166 4690 309 4767 nihuS,
326 4696 371 4755 si
390 4698 759 4761 sufficienter
787 4706 1236 4781 proponantur.
1268 4701 1342 4761 Et
1368 4698 1635 4779 explica-

168 4790 233 4843 tur
258 4792 481 4868 amplius
520 4794 583 4855 in
626 4796 796 4855 hunc
824 4794 1114 4867 modum;
1147 4812 1294 4856 nam
1324 4813 1437 4874 per
1465 4794 1635 4855 illam

168 4880 517 4946 revelationem
568 4888 953 4968 significatur
990 4888 1174 4950 nobis
1212 4906 1430 4949 verum
1467 4887 1637 4969 judi-

170 4972 299 5040 cium,
324 4980 466 5056 quod
500 4982 669 5043 Deus
699 4981 889 5043 habet
916 4981 994 5042 de
1012 4981 1353 5063 'adaequato
1392 4980 1637 5061 obJecto

172 5060 281 5125 illius
318 5072 721 5148 revelationis;
769 5090 919 5135 nam
980 5074 1133 5134 illud
1183 5073 1490 5153 judicium
1545 5082 1639 5135 est

172 5153 551 5226 fundamentum
577 5168 913 5229 testimonii
940 5166 1127 5227 divini
1135 5183 1156 5244 ζ,
1182 5168 1245 5227 in
1270 5168 1397 5227 Deo
1424 5172 1638 5227 autem

177 5262 261 5307 non
280 5261 349 5314 est
368 5260 613 5336 cognitio
642 5260 925 5333 confusa,
952 5260 1065 5321 sed
1093 5259 1381 5322 distincte
1399 5259 1640 5339 judicat

178 5338 231 5399 de
256 5350 491 5411 omuibus
530 5370 667 5432 quse
698 5354 954 5429 revelat,
988 5353 1227 5416 etiamsi
1262 5354 1459 5415 multa
1510 5372 1639 5413 uno

182 5436 313 5497 verbo
332 5446 771 5524 complanatum
794 5446 1075 5509 confusio
1102 5464 1253 5527 ergo
1276 5454 1519 5509 tantum
1546 5452 1643 5508 est

184 5542 235 5585 0¹
266 5542 399 5609 parte
426 5546 649 5615 nostra,
682 5547 743 5601 et
784 5543 845 5601 in
890 5541 1077 5603 modo
1125 5540 1639 5627 apprehendendi

426 5657 523 5711 m.

3205 386 3284 453 97

1719 514 1854 559 rem
1881 498 2256 571 revelatam;
2285 515 2434 579 ergo
2461 501 2514 558 si
2541 494 2960 577 apprehensio
2988 495 3094 558 illa
3123 494 3288 559 suffl-

1720 592 1957 653 cienter
1996 592 2360 672 explicetur,
2389 591 2690 654 revelatio
2730 589 2810 651 de
2852 608 2918 651 se
2949 588 3176 651 sufficit
3206 586 3285 651 ad

1718 683 2008 747 distincte
2038 684 2508 747 assentiendum
2540 704 2616 745 ex
2640 682 2763 745 fide
2796 682 2915 743 illis
2954 682 3287 763 perticula-

1714 776 1910 853 ribuS‚
1961 798 2102 858 quas
2151 778 2268 840 sub
2303 779 2406 839 illa
2456 778 2819 839 confusione
2867 776 3282 837 continentur.

1715 872 1789 933 Et
1815 872 1959 934 idco
1991 874 2155 935 dixi:
2197 872 2276 937 Si
2303 873 2588 936 revelatio
2616 872 2986 953 sufficienter
3028 868 3288 953 applice-

1716 971 1863 1041 ἔπη·
1918 974 2164 1049 oportet
2205 968 2372 1029 enim
2424 972 2490 1029 ut
2535 973 2704 1029 certo
2754 972 2816 1027 et
2862 966 3287 1027 indubitanter

1720 1066 1962 1123 constet
2006 1062 2148 1133 hoc,
2188 1060 2357 1139 quod
2391 1060 2453 1122 in
2496 1060 2852 1139 particulari
2901 1066 2962 1121 et
2995 1076 3286 1139 expresse

1720 1154 2110 1233 proponitur,
2141 1154 2203 1215 in
2249 1154 2353 1214 illo
2382 1152 2717 1213 universali
2753 1158 3061 1232 conceptu
3095 1152 3287 1213 conti·

1719 1248 1879 1320 neri,
1911 1254 1972 1308 et
2002 1252 2465 1326 consequenter
2490 1248 2816 1307 veritatem
2841 1247 3005 1307 hanc
3035 1260 3287 1323 expres·-

1720 1356 1878 1413 sam,
1915 1358 2054 1402 esse
2095 1338 2518 1402 necessariam
2562 1338 2642 1401 ad
2689 1338 3020 1400 formalem
3065 1338 3290 1397 verita-

1718 1439 1847 1496 tem
1878 1434 2042 1495 illius
2073 1433 2474 1504 universalis;
2511 1432 2598 1494 sic
2636 1432 2804 1493 enim
2845 1431 2926 1493 ad
2965 1431 3290 1493 veritatem

1719 1526 2162 1607 propositionis
2189 1525 2596 1589 distributivae
2627 1525 2980 1586 necessaria
3009 1528 3104 1587 est
3128 1522 3290 1585 veri-

1718 1626 1815 1681 tas
1841 1620 2122 1682 omnium
2150 1620 2594 1699 singularium;
2624 1626 2686 1679 et
2709 1625 3039 1699 propterea
3067 1618 3132 1678 in
3156 1615 3291 1677 aliis

1722 1715 2024 1794 exemplis
2049 1734 2177 1775 non
2199 1714 2392 1777 habet
2416 1713 2622 1774 locum
2644 1712 2861 1773 similis
2891 1730 3189 1774 assensus
3211 1710 3290 1772 de

1718 1806 1868 1883 fide,
1904 1814 1974 1869 ut
2001 1806 2172 1889 quod
2197 1809 2266 1869 in
2294 1808 2414 1868 hac
2441 1806 2644 1867 hostia
2679 1804 2757 1867 sit
2783 1822 3064 1885 praesens
3093 1804 3292 1867 Chris·

1718 1907 1843 1977 tus,
1866 1902 1968 1963 vel
1993 1900 2164 1981 quod
2197 1900 2348 1961 mihi
2382 1901 2504 1961 sint
2530 1898 2791 1961 remissa
2821 1906 3110 1977 peccata;
3145 1897 3291 1978 quia

1720 1995 2050 2075 applicatio
2079 1993 2448 2055 universalis
2477 1992 2762 2073 principii
2793 1990 2938 2053 fidei
2963 2009 3092 2053 non
3121 1990 3292 2051 suffi-

1720 2086 1959 2150 cienter
1997 2086 2068 2150 fit
2104 2087 2186 2147 ad
2223 2086 2358 2148 hoec
2393 2084 2817 2166 particularia,
2853 2084 3000 2163 quia
3050 2084 3128 2146 de
3174 2082 3292 2144 illis

1719 2199 1847 2243 non
1880 2186 1974 2243 est
2003 2179 2319 2241 sufficiens
2350 2179 2656 2241 certitudo
2685 2184 2942 2258 propter
2969 2176 3200 2239 multas
3229 2180 3293 2239 et

1722 2274 2002 2336 occultas
2052 2274 2582 2345 circumstantias,
2629 2291 2666 2334 a
2712 2272 2942 2351 quibus
2990 2271 3289 2351 pendent.

1722 2369 1857 2429 Dixi
1900 2368 2086 2430 etiam
2116 2384 2130 2428 z
2163 2368 2492 2430 Dummodo
2521 2364 2746 2447 aliquis
2773 2365 3143 2439 convenienti
3167 2382 3295 2427 mo-

1723 2462 1795 2525 do
1822 2466 2039 2525 utatur
2065 2458 2348 2524 discursu
2377 2460 2458 2523 ad
2479 2459 2658 2523 talem
2684 2475 2997 2521 assensum
3009 2482 3034 2529 ,·
3065 2475 3209 2518 nam
3240 2454 3294 2519 si

1722 2559 1935 2616 utatur
1977 2554 2110 2625 illo,
2141 2553 2344 2631 primo
2373 2552 2563 2613 modo
2601 2568 2792 2631 supra
2822 2550 3046 2629 posito,
3078 2546 3140 2612 id
3173 2556 3289 2626 est,

1720 2654 2022 2727 tanquam
2071 2646 2279 2719 unica,
2311 2652 2372 2706 et
2405 2662 2519 2725 per
2551 2662 2618 2705 se
2667 2660 2742 2707 ae
2777 2641 3022 2707 formali
3051 2642 3292 2704 ratione

1724 2738 2141 2812 assentiendi,
2185 2755 2511 2817 nunquam
2563 2736 2788 2799 efficiet
2839 2752 3167 2796 assensum
3213 2734 3292 2797 de

1722 2834 1871 2903 fide,
1911 2832 2084 2912 quod
2132 2833 2196 2895 in
2243 2830 2414 2893 omni
2447 2830 2752 2899 discursu,
2803 2829 3046 2890 etiamsi
3092 2828 3170 2891 sit
3217 2846 3295 2889 ex

1722 2924 1972 2989 duobus
2001 2925 2320 3005 principiis
2350 2924 2428 2985 de
2459 2922 2606 2997 fide,
2634 2939 2854 2983 verum
2886 2921 3192 2993 existimo,
3227 2928 3296 2984 ut

1723 3020 1909 3081 latius
1938 3019 2143 3081 dicam
2173 3016 2496 3080 tractando
2526 3018 2606 3078 de
2647 3022 2790 3077 actu
2825 3014 2994 3075 fidei.
3030 3016 3105 3077 Et
3137 3014 3295 3077 ratio

1724 3118 1839 3187 est,
1874 3112 2020 3192 quia
2063 3112 2403 3180 discursu&
2449 3114 2520 3170 ut
2556 3109 2695 3170 talis
2727 3112 2842 3181 est,
2885 3106 3184 3169 fundatur
3230 3108 3293 3168 in

1720 3207 1998 3267 naturali
2025 3204 2284 3277 lumine,
2317 3209 2379 3264 et
2405 3202 2546 3264 ideo
2579 3203 2628 3263 si
2661 3201 2760 3263 ille
2791 3206 3074 3261 sumatur
3107 3207 3172 3261 ut
3195 3218 3294 3263 ra-

1723 3304 1808 3364 tio
1835 3300 2240 3372 assentiendi,
2263 3297 2558 3359 resolutio
2585 3314 2880 3357 assensus
2909 3314 3034 3355 non
3063 3296 3133 3356 fit
3160 3313 3296 3357 om·

1722 3396 1874 3457 nino
1924 3394 1990 3455 in
2047 3392 2322 3454 divinam
2377 3392 2834 3462 auctoritatem,
2887 3389 2996 3449 sed
3039 3390 3102 3449 in
3149 3408 3290 3468 pro-

1722 3490 1927 3569 prium
1958 3488 2172 3547 lumen
2215 3482 2526 3553 naturale,
2552 3488 2614 3543 et
2641 3501 2718 3544 ex
2750 3500 2825 3543 ea
2859 3489 3036 3561 parte
3061 3481 3294 3543 claudi·

1723 3589 1826 3645 cat
1862 3598 2159 3643 assensus
2187 3598 2268 3640 ne
2301 3578 2496 3659 possit
2529 3595 2669 3638 esse
2701 3594 2998 3637 assensus
3027 3574 3197 3651 fidei,
3231 3584 3292 3639 et

1722 3674 1933 3738 deficit
1974 3675 2058 3735 ibi
2098 3672 2360 3733 formale
2405 3670 2720 3749 objectum
2761 3667 2927 3743 fidei,
2973 3669 3120 3749 qnia
3163 3686 3286 3729 non

1722 3775 1817 3831 est
1863 3786 2091 3849 purum
2143 3764 2568 3827 testimonium
2615 3762 2760 3835 Dei,
2807 3761 2920 3823 sed
2971 3761 3289 3841 quoddam

1719 3862 1999 3925 medium
2028 3860 2312 3933 mixtum,
2345 3864 2408 3919 et
2438 3856 2616 3936 quasi
2645 3856 3057 3934 compositum
3087 3872 3163 3916 ex
3191 3874 3291 3917 re-

1718 3956 2032 4018 velatione
2099 3952 2310 4012 divina
2381 3956 2445 4011 et
2515 3950 2926 4011 illustratione
2995 3949 3283 4009 naturali.

1720 4051 1976 4130 Oportet
2019 4064 2170 4127 ergo
2217 4051 2288 4105 ut
2317 4044 2634 4105 discursus
2662 4048 2946 4103 sumatur
2974 4042 3176 4103 solum
3208 4042 3290 4104 ad

1721 4138 2184 4223 explicandum,
2215 4144 2278 4199 et
2305 4136 2783 4217 proponendum
2816 4134 2968 4213 quid
2995 4134 3114 4195 sub
3142 4134 3290 4197 divi—

1718 4254 1802 4297 na
1846 4232 2226 4297 revelatione
2277 4230 2698 4303 continentum
2733 4247 2880 4289 nam
2933 4228 3054 4290 hoc
3099 4229 3289 4291 modo

1720 4346 1847 4391 non
1878 4330 2188 4406 repugnat
2229 4341 2554 4385 assensum
2585 4320 2731 4383 fluet
2781 4339 3140 4401 supponere
3182 4340 3290 4383 na-

1720 4423 1985 4485 turalem
2019 4436 2370 4491 assensum,
2417 4423 2483 4477 ut
2516 4434 2684 4496 saepe
2713 4414 2948 4477 dictum
2987 4420 3102 4491 est,
3135 4422 3198 4476 et
3226 4416 3288 4476 in

1718 4514 2008 4593 sequenti
2038 4512 2312 4575 sectione
2344 4510 2613 4589 amplius
2647 4509 2994 4589 explicabo.

1800 4614 1857 4670 7.
1913 4606 2196 4669 Secunda
2245 4602 2518 4667 assertio.
2565 4634 2647 4650 -—
2688 4602 2996 4666 Probatur
3035 4603 3290 4665 assertio

1706 4702 1911 4783 primo
1936 4700 2064 4762 loco
2090 4700 2158 4761 ia
2181 4714 2330 4760 casu
2354 4714 2468 4777 quo
2493 4697 2736 4759 dicatur
2760 4696 3076 4758 discursus
3105 4714 3290 4761 causa

1708 4794 1971 4877 propria
1993 4808 2276 4854 assensus
2297 4788 2954 4852 conclusionis.—Dico
2975 4790 3284 4851 secundo:

1717 4887 2013 4949 revelatio
2061 4890 2306 4945 tantum
2357 4882 2638 4943 virtualis
2686 4900 2798 4942 seu
2847 4882 3120 4943 mediata
3163 4900 3288 4943 nou

1720 4980 1943 5042 sufficit
1974 4978 2054 5039 ad
2098 4977 2416 5057 objectum
2458 4976 2719 5036 formale
2765 4974 2934 5049 fidei,
2969 4981 3031 5039 et
3073 4994 3290 5037 conse-

1719 5079 1988 5153 quenter
2023 5088 2320 5131 assensus
2345 5070 2410 5129 in
2455 5069 2558 5129 illa
2588 5068 2885 5129 fundatus
2929 5087 3070 5129 cum
3109 5069 3288 5148 juva·

1718 5168 1888 5227 mine
1932 5164 2196 5241 alicujus
2242 5161 2526 5241 principii
2575 5160 2945 5222 naturaliter
2988 5160 3292 5222 evidentis

1720 5276 1846 5319 non
1878 5254 2102 5319 sufficit
2133 5252 2214 5313 ad
2247 5254 2568 5333 proprium
2607 5270 2936 5315 assensum
2973 5250 3151 5342 fide'b
3177 5252 3289 5313 sed

1724 5357 1964 5413 tantum
2012 5346 2094 5409 ad
2137 5346 2582 5427 theologicum.
2629 5346 2803 5407 Hanc
2850 5344 3286 5417 assertionem,

1720 5450 1950 5525 praeter
1979 5447 2268 5505 auctores
2297 5442 2518 5503 citatos
2545 5440 2606 5499 in
2637 5438 2914 5501 secunda
2957 5439 3287 5512 sententia,

1721 5538 1923 5601 tenuit
1944 5538 2140 5612 Cano,
2163 5534 2406 5597 decimo
2429 5532 2708 5597 secundo
2733 5532 2810 5595 de
2841 5531 3039 5603 Locis,
3063 5548 3200 5611 cap.
3225 5532 3288 5611 7,

2925 5642 2960 5705 7
