3900 6217
524 465 892 537 trinsecam3
925 467 1058 524 tum
1084 462 1356 541 denique
1391 461 1538 540 quia
1563 460 1860 522 revelatio
1893 461 2097 521 activa

525 578 656 621 non
699 563 793 619 est
823 556 1168 619 substantia
1204 556 1339 628 Dei,
1391 555 1504 616 sed
1532 556 1692 616 actio
1731 555 2091 628 transiens;

525 651 838 715 immerito
869 652 1038 713 enim
1066 650 1280 712 dicunt
1308 649 1522 729 aliqui,
1549 650 1750 731 ipsam
1771 648 2097 711 scientiam

525 746 638 808 Dei
681 746 1018 819 internam,
1051 762 1164 805 seu
1192 743 1555 817 increatam,
1601 760 1737 805 esse
1766 743 2099 805 revelatio-

525 858 712 913 nem3
746 856 894 899 nam
936 837 1194 899 scientia
1235 836 1341 897 Dei
1387 854 1510 897 non
1541 836 1872 899 innotescit
1912 837 2095 897 nobis

527 950 644 1014 per
685 932 978 1013 seipsam,
1013 929 1127 992 sed
1164 946 1278 1011 per
1319 929 1556 1007 aliquid
1602 929 1794 1004 aliud,
1837 928 2091 1007 scilicet,

525 1045 642 1109 per
658 1025 1038 1088 locutionem
1069 1042 1084 1085 ε
1117 1024 1220 1085 illa
1241 1028 1335 1084 est
1365 1040 1516 1104 ergo
1547 1024 1867 1085 revelatio.
1901 1024 2097 1085 Locu-

526 1120 614 1183 tio
654 1124 867 1181 autem
893 1118 1005 1179 Dei
1032 1116 1191 1178 actio
1231 1118 1545 1178 transiens
1592 1122 1709 1193 est,
1751 1124 1822 1179 ut
1851 1118 2098 1179 ostendi

527 1215 569 1275 l.
620 1216 661 1276 Ξ
703 1214 782 1275 de
830 1212 1106 1275 Oration.
1149 1210 1433 1287 mentali,
1465 1228 1604 1291 cap.
1643 1212 1742 1285 12,
1779 1230 1955 1274 num.
1988 1214 2090 1273 21.

527 1306 980 1379 confirmatur,
1037 1304 1189 1384 quia
1235 1304 1390 1367 alias
1446 1322 1776 1384 possemus
1836 1304 2095 1367 credere

527 1400 738 1463 omnia
779 1417 918 1479 quae
951 1399 1064 1460 scit
1093 1398 1279 1473 Deua,
1311 1398 1460 1477 quia
1506 1398 1716 1459 omnia
1755 1402 1969 1459 essent
1992 1414 2093 1459 re-

524 1493 764 1557 velata:
804 1492 977 1554 addit
1011 1510 1164 1573 ergo
1193 1490 1494 1553 revelatio
1525 1491 1761 1571 aliquid
1790 1492 2095 1553 extrinse-

526 1606 671 1649 cum
712 1588 864 1661 Det),
892 1584 993 1648 vel
1021 1583 1259 1665 aliquid
1291 1585 1572 1646 rationis.
1617 1584 1876 1665 Propter
1922 1584 2093 1666 quod

526 1680 863 1761 Capreolus
884 1697 1074 1759 supra
1093 1678 1454 1759 respondet,
1474 1677 1642 1757 quod
1661 1678 1806 1741 licet
1828 1677 2092 1740 formale

527 1776 844 1856 objectum
880 1774 1039 1856 quod
1070 1772 1150 1833 sit
1187 1772 1432 1852 aliquid
1452 1772 1646 1848 reale,
1678 1772 1834 1833 ratio
1861 1771 2097 1833 forma-

523 1870 601 1931 lis
641 1874 844 1949 potest
880 1884 1016 1928 esse
1053 1882 1166 1926 ens
1193 1864 1470 1927 rationis.
1507 1865 1632 1927 Sed
1659 1866 1804 1927 licet
1825 1865 2091 1927 fortasse

525 1962 589 2023 in
645 1980 713 2023 re
767 1978 896 2023 non
934 1958 1202 2020 multum
1236 1958 1551 2039 discrepet
1579 1978 1616 2019 a
1641 1959 1927 2034 veritate,
1960 1978 2093 2019 mo·-

524 2056 642 2117 dus
668 2059 882 2115 tamen
901 2052 1193 2131 loquendi
1225 2052 1378 2111 mihi
1401 2071 1530 2115 non
1551 2052 1779 2133 placet,
1809 2052 1955 2131 quia
1977 2070 2091 2113 ens

523 2148 780 2212 rationis
812 2148 877 2208 in
905 2145 1113 2225 rigore
1161 2150 1258 2207 est
1300 2145 1452 2225 quid
1480 2144 1692 2207 fictum
1717 2151 1779 2207 et
1807 2146 2092 2207 acciden-

523 2244 670 2317 tale,
705 2246 766 2303 et
793 2259 926 2302 non
959 2244 1164 2321 potest
1208 2258 1346 2301 esse
1377 2240 1679 2301 motivum
1720 2245 1783 2301 et
1807 2240 1967 2301 ratio
1996 2258 2091 2301 as-

525 2334 856 2397 sentiendi.

602 2432 664 2492 6.
724 2430 878 2497 Vera
902 2428 1147 2494 solutio.
1173 2462 1257 2477 —
1273 2428 1423 2491 Dico
1441 2445 1591 2509 ergo
1620 2427 1938 2507 objectum
1963 2428 2091 2490 for-

523 2524 688 2585 male
717 2524 783 2585 in
808 2543 900 2595 se,
943 2522 1096 2609 quid
1129 2522 1298 2584 reale
1332 2540 1492 2597 esse,
1529 2522 1764 2583 scilicet
1814 2522 2089 2583 divinam

523 2615 850 2677 veritatem
901 2635 1016 2677 suo
1071 2614 1426 2677 testimonio
1481 2614 1878 2695 applicatam,
1923 2616 2090 2677 etita

521 2728 705 2789 posse
728 2728 864 2771 esse
879 2708 1188 2770 rationem
1203 2707 1585 2771 assentiendi
1605 2708 1696 2769 rei
1715 2709 2084 2783 testificatae,

523 2801 764 2864 etiamsi
817 2804 880 2863 in
929 2802 1032 2863 illa
1075 2802 1230 2863 nihil
1281 2807 1474 2882 ponat
1499 2802 1930 2875 intrinsecum,
1977 2800 2090 2864 sed

523 2897 721 2958 solam
743 2898 1158 2958 extrinsecam
1181 2896 1780 2969 denominationem,
1804 2900 1942 2976 quae
1965 2896 2085 2958 dici

521 2996 725 3072 potest
739 2991 1216 3053 fundamentum
1234 2990 1554 3053 relationis
1571 2990 1848 3051 rationis.
1870 2992 2086 3070 Neque

520 3086 641 3147 hoc
670 3092 764 3148 est
785 3104 1042 3161 novum,
1083 3086 1220 3167 quia
1265 3092 1556 3165 respectu
1583 3092 1836 3147 actuum
1863 3086 2087 3147 huma-

521 3198 747 3240 norum
790 3184 852 3241 et
900 3179 1255 3255 moralium,
1307 3196 1604 3259 magnam
1641 3179 1931 3239 virtutem
1974 3180 2088 3238 ha·

520 3272 673 3334 bent
698 3272 916 3333 formae
960 3273 1304 3335 extrinsece
1332 3270 1812 3333 denominantes
1842 3271 1924 3333 ad
1951 3286 2089 3331 mo-

519 3366 794 3427 vendum
819 3365 1226 3440 intellectum,
1256 3364 1357 3426 vel
1386 3364 1712 3438 affectum3
1745 3382 1888 3425 amo
1913 3363 2083 3424 enim

522 3464 838 3520 amantem
889 3477 1014 3533 me,
1071 3459 1354 3538 quamvis
1401 3476 1528 3521 esse
1553 3464 1845 3530 ansatum,
1877 3456 1943 3518 in
1980 3474 2085 3518 me

522 3551 600 3613 sit
619 3552 1044 3614 denominatio
1075 3552 1424 3614 extrinseca
1445 3571 1461 3625 ;
1486 3558 1548 3613 et
1573 3552 1638 3613 in
1666 3550 1790 3613 fide
1806 3552 2085 3611 humana

523 3645 710 3707 credo
733 3645 988 3726 aliquid,
1009 3647 1156 3727 quia
1182 3651 1275 3708 est
1303 3645 1539 3708 dictum
1566 3646 1648 3707 ab
1664 3644 1809 3719 alio,
1841 3644 2087 3707 etiamsi

521 3757 645 3803 esse
674 3740 900 3802 dictum
923 3740 1002 3802 sit
1021 3739 1446 3801 denominatio
1474 3724 1843 3801 extrinseca.
1867 3740 2086 3818 Neque

522 3832 586 3893 in
633 3832 926 3913 praesenti
971 3832 1240 3895 obstabit
1271 3834 1442 3914 quod
1489 3833 1788 3895 revelatio
1831 3833 1910 3893 sit
1937 3831 2090 3912 quid

523 3931 837 4001 creatum3
874 3945 1022 3987 nam
1042 3926 1273 3988 veritas
1295 3928 1403 3987 Dei
1435 3932 1530 3988 est
1554 3926 1855 4001 increata,
1889 3930 1952 3986 et
1984 3925 2091 3985 illa

525 4024 642 4092 est,
673 4023 742 4079 ut
762 4018 909 4091 dixi,
939 4022 1116 4101 quasi
1137 4020 1497 4101 principalis
1524 4020 1761 4093 forma;
1791 4017 2088 4080 revelatio

525 4118 735 4173 autem
767 4119 862 4175 est
896 4112 1073 4193 quasi
1102 4113 1478 4187 informatio,
1519 4132 1657 4193 quae
1693 4118 1884 4173 totam
1909 4130 2089 4172 suam

525 4206 956 4268 excellentiam
985 4210 1046 4268 et
1063 4206 1560 4269 infallibilitatem
1591 4206 1784 4268 habet
1824 4225 1860 4267 a
1888 4206 2088 4267 forma

525 4298 823 4374 increata,
855 4300 1026 4380 quod
1047 4300 1338 4379 explicari
1355 4300 1538 4362 facile
1565 4304 1770 4380 potest
1799 4298 2085 4379 exemplo

523 4392 926 4454 beatitudinis
955 4391 1302 4473 objectivae,
1349 4399 1412 4455 et
1450 4392 1752 4471 formalis,
1796 4398 2089 4471 respectu

527 4484 658 4564 spei
682 4503 698 4559 3
726 4504 876 4546 nam
905 4487 1052 4548 satis
1095 4493 1188 4549 est
1224 4487 1394 4566 quod
1429 4486 1752 4549 beatitudo
1781 4485 2088 4566 objectiva

527 4578 606 4638 sit
655 4578 955 4652 increata,
1009 4579 1152 4642 licet
1191 4580 1472 4642 formalis
1519 4586 1728 4642 creata
1767 4580 1845 4640 sit
1855 4594 1875 4657 3
1929 4580 2087 4641 sicut

527 4668 714 4733 etiam
741 4672 804 4731 in
827 4673 1124 4751 mysterio
1151 4674 1624 4748 lucarnationis,
1659 4671 1805 4735 licet
1830 4673 1983 4733 unio
2012 4668 2092 4733 sit

525 4764 679 4845 quid
729 4772 1030 4840 creatum,
1080 4766 1228 4843 quia
1270 4767 1544 4851 Verban
1587 4764 1936 4826 increatum
1970 4771 2086 4837 est,

523 4855 672 4919 inde
691 4858 883 4920 habet
910 4875 1090 4919 suam
1120 4859 1552 4921 excellentiam
1582 4865 1645 4920 et
1691 4858 2087 4921 infinitatem.

609 4953 667 5012 7.
711 4949 816 5014 Aa
847 4954 1168 5015 secundum
1206 4954 1274 5015 in
1306 4955 1500 5016 eodem
1529 4956 1592 5014 oi.
1629 4956 1685 5026 1,
1715 4969 1874 5034 resp.
1917 4954 1976 5013 1.
2010 4982 2093 4997 -

528 5044 946 5127 Βσεροπᾰετσω·
1001 5047 1254 5109 secundo
1296 5046 1557 5109 notando
1601 5045 1926 5127 dupliciter
1972 5044 2093 5108 dici

527 5140 816 5221 objectum
865 5140 1089 5204 scibile.
1127 5174 1209 5189 —
1237 5142 1397 5205 Item
1439 5140 1759 5223 dupliciter
1789 5140 2087 5203 credibile.

524 5232 716 5295 -Ad
747 5234 1117 5307 secundum,
1142 5234 1449 5315 imprimis
1479 5234 1698 5311 negari
1732 5251 1857 5295 non
1887 5240 2093 5313 potest

528 5326 840 5389 distinctio
886 5328 1112 5407 objecti
1157 5330 1219 5388 in
1267 5346 1404 5389 esse
1453 5328 1546 5388 rei
1575 5334 1637 5389 et
1688 5327 1753 5388 in
1802 5344 1940 5388 esse
1989 5344 2095 5387 co-

534 5421 912 5500 gnoscibilis,
964 5440 1177 5501 quam,
1219 5426 1449 5501 praeter
1493 5424 1782 5482 auctores
1828 5420 2087 5494 citatos,

535 5512 718 5576 docet
768 5532 1062 5597 expresse
1100 5516 1173 5577 D.
1218 5516 1492 5577 Thomas
1528 5519 1584 5576 1.
1631 5516 1694 5592 2,
1746 5512 2092 5593 quaestione

1005 354 1246 415 ntsrn'r.
1281 356 1364 413 111.
1400 360 1482 412 m:
1515 358 1778 412 omnem
1811 357 2085 412 FonuAu
2118 359 2300 422 Pium,
2336 358 2417 412 m·
2448 359 2741 423 Quouono
2772 360 2857 413 An
2888 360 3088 422 lLLUl),
3118 360 3252 415 mc.

2179 462 2279 539 54,
2320 466 2436 523 art.
2466 464 2527 536 2,
2560 462 2643 525 ad
2676 467 2734 541 1,
2768 469 2831 525 et
2870 468 3063 543 patet,
3094 463 3239 543 quia
3267 469 3501 531 constat
3521 468 3581 529 in
3618 470 3701 531 in-

2176 556 2431 618 tellectu
2472 556 2642 617 aliud
2674 576 2813 618 esse
2851 556 3167 635 objectum
3206 557 3373 637 quod
3414 566 3701 641 cognosci-

2176 652 2300 721 tur,
2334 668 2445 710 seu
2485 650 2582 710 cui
2622 650 2975 711 intellectus
3016 650 3249 728 proebet
3292 668 3621 730 assensum,
3653 664 3706 718 et

2178 740 2350 803 aliud
2386 760 2524 804 esse
2560 744 2868 804 rationem
2902 742 3314 817 assentiendi;
3343 745 3488 806 etin
3514 748 3707 809 volun-

2174 842 2302 898 tate
2328 842 2569 898 constat
2600 838 2893 899 eamdem
2916 836 3245 899 materiam
3287 854 3469 917 posse
3504 844 3701 918 amari,

2174 930 2276 991 vel
2312 930 2455 991 odio
2476 928 2695 992 haberi
2726 950 2803 992 ex
2829 930 3093 992 diversis
3134 930 3399 1007 motivis,
3436 950 3566 1012 quae
3606 936 3705 995 mi-

2176 1042 2315 1085 rum
2346 1024 2408 1083 in
2430 1024 2689 1085 modurn
2718 1030 2894 1086 actus
2924 1024 3336 1104 distinguunt,
3370 1029 3440 1086 ut
3464 1031 3625 1104 patet
3646 1030 3703 1090 in

2178 1117 2590 1179 detestatione
2624 1117 2991 1180 eorumdem
3032 1124 3431 1197 peccatorum
3472 1128 3703 1201 propter

2175 1210 2399 1285 Deum,
2452 1210 2555 1271 vel
2600 1216 2859 1291 propter
2894 1212 3183 1273 timorem
3214 1210 3459 1285 inferni,
3490 1219 3549 1274 et
3582 1232 3703 1293 poe-

2175 1322 2290 1365 nas
2321 1305 2478 1383 ejus.
2510 1304 2689 1366 Ratio
2740 1309 2952 1365 autem
2983 1304 3218 1365 motiva
3247 1306 3555 1368 constituit
3586 1326 3703 1368 rem

2178 1398 2242 1458 in
2294 1396 2549 1460 ratione
2612 1398 3051 1479 cognoscibilis
3076 1444 3091 1471 ,
3158 1397 3259 1459 vel
3314 1398 3608 1473 amabiliS,
3653 1408 3707 1463 et

2174 1490 2259 1553 ita
2286 1490 2640 1553 necessario
2680 1491 3081 1572 distinguitur
3124 1489 3437 1571 objectum
3466 1491 3529 1557 in
3584 1512 3705 1555 esse

2174 1584 2288 1659 rei,
2320 1585 2401 1645 ab
2438 1585 2683 1664 objecto
2714 1586 2779 1645 in
2824 1603 2963 1646 esse
3002 1585 3458 1666 cognoscibiliS‚
3490 1588 3548 1647 et
3577 1586 3705 1649 inde

2176 1678 2478 1757 contingit
2522 1685 2591 1740 ut
2632 1696 2771 1759 quoe
2814 1685 2959 1741 sunt
3000 1678 3291 1740 distincta
3326 1679 3389 1739 in
3434 1698 3567 1741 esse
3602 1682 3702 1755 rei,

2176 1773 2298 1833 sint
2342 1790 2541 1833 unum
2586 1774 2650 1834 in
2700 1792 2839 1835 esse
2888 1772 3360 1853 cognoscibilis;
3396 1780 3463 1835 et
3498 1792 3531 1834 e
3579 1793 3705 1835 con-

2175 1869 2293 1940 tra,
2342 1872 2413 1927 ut
2440 1866 2608 1945 quod
2636 1872 2729 1927 est
2766 1886 2963 1927 unum
3000 1868 3065 1927 in
3100 1884 3242 1929 esse
3275 1869 3387 1941 rei,
3422 1868 3499 1929 sit
3524 1869 3706 1929 multi-

2172 1958 2317 2039 plex
2346 1960 2411 2019 in
2442 1977 2579 2020 esse
2626 1960 3081 2039 cognoscibilis,
3112 1960 3217 2023 vel
3267 1960 3565 2023 amabilis.
3610 1964 3705 2023 Se-

2172 2053 2379 2115 cundo
2407 2052 2544 2115 dico
2566 2060 3005 2133 argumentum
3023 2054 3272 2115 fundari
3296 2054 3359 2115 in
3386 2054 3515 2117 sola
3536 2057 3709 2134 aequi-

2170 2145 2495 2209 vocatione
2540 2145 2740 2221 vocis,
2798 2154 2861 2209 et
2917 2147 3059 2209 ideo
3115 2148 3349 2209 nullius
3400 2166 3535 2211 esse
3588 2166 3707 2209 mo-

2172 2240 2388 2302 menti.
2426 2240 2762 2320 Duplicihr
2792 2259 2940 2322 ergo
2965 2245 3172 2321 potest
3200 2242 3583 2303 denominari
3613 2243 3708 2304 ob·

2165 2336 2405 2415 jectum
2434 2334 2677 2396 scibile:
2727 2352 2854 2395 uno
2876 2334 3090 2410 mod0‚
3127 2340 3432 2417 tanquam
3461 2336 3709 2397 correla-

2170 2430 2367 2491 tivum
2388 2428 2685 2501 scientiae,
2707 2428 2989 2489 edmodo
3005 2446 3129 2508 quo
3152 2448 3293 2490 esse
3308 2435 3531 2509 potest,
3554 2436 3611 2490 et
3632 2430 3707 2490 ita

2173 2522 2250 2585 de
2293 2522 2395 2583 illo
2438 2522 2682 2584 locutus
2720 2527 2815 2583 est
2851 2522 3124 2597 Aristot.,
3162 2522 3229 2583 in
3268 2525 3305 2584 5
3344 2524 3705 2603 Metaphy5.,

2172 2620 2234 2676 et
2264 2615 2343 2677 de
2376 2614 2506 2691 illo,
2538 2622 2608 2677 ut
2646 2615 2755 2687 sic,
2790 2616 3073 2695 procedit
3102 2624 3571 2697 argumentum3
3626 2622 3707 2676 ta-

2168 2726 2315 2769 men
2360 2710 2477 2770 sub
2504 2710 2609 2770 illa
2638 2709 3143 2773 denominatione
3186 2728 3319 2772 non
3346 2712 3589 2791 ponitur
3616 2710 3708 2770 ob-

2162 2802 2404 2883 jectum
2458 2803 2721 2865 formale
2772 2804 3069 2879 scientias,
3114 2810 3176 2866 et
3202 2804 3326 2866 hoc
3358 2804 3575 2885 probat
3614 2804 3709 2863 illa

2170 2898 2350 2970 ratic,
2400 2902 2466 2957 et
2516 2896 2757 2959 dicetur
2798 2897 2983 2958 latius
3010 2898 3075 2958 in
3110 2898 3390 2959 sectione
3421 2896 3707 2975 sequenti.

2168 2991 2307 3052 Alio
2360 3008 2511 3052 vero
2550 2991 2739 3053 modo
2781 2990 3007 3053 dicitur
3044 2992 3107 3051 in
3162 2991 3481 3072 objectum
3520 2990 3711 3050 scibile

2167 3082 2409 3145 ratione
2440 3084 2667 3164 objecti
2700 3085 2936 3158 motivi,
2967 3091 3287 3164 quatenus
3314 3090 3408 3147 est
3434 3085 3615 3145 veluti
3656 3086 3711 3144 in

2168 3177 2513 3257 aptitudine
2544 3180 2849 3258 proxima,
2891 3185 2959 3240 ut
2986 3179 3181 3258 possit
3214 3196 3473 3241 movere
3495 3178 3713 3239 intelle-

2168 3278 2339 3333 ctum
2368 3272 2448 3333 ad
2472 3272 2818 3346 scientiam,
2852 3290 2965 3334 seu
2994 3290 3352 3347 assensum,
3376 3273 3544 3353 quod
3564 3274 3711 3333 bene

2164 3366 2401 3427 notavit
2423 3366 2775 3427 Alexander
2798 3366 3039 3441 Alens.‚
3082 3369 3107 3428 1
3140 3384 3232 3447 p.,
3266 3384 3332 3447 q.
3360 3368 3461 3441 23,
3495 3366 3708 3427 memb.

2165 3461 2229 3533 4,
2258 3464 2376 3521 art.
2404 3460 2465 3531 6,
2514 3459 2593 3521 ad
2617 3460 2885 3539 penult.,
2916 3460 3069 3521 etin
3100 3460 3331 3522 eodem
3362 3478 3548 3522 sensu
3576 3458 3712 3520 dixit

2166 3554 2240 3614 D.
2281 3552 2575 3625 Thomas,
2624 3556 2651 3614 1
2688 3570 2782 3633 p.,
2816 3570 2876 3632 q.
2910 3554 3007 3626 13,
3042 3560 3159 3615 art.
3196 3556 3255 3627 7,
3308 3553 3388 3614 ad
3417 3556 3476 3627 6,
3516 3552 3709 3615 scibile

2169 3645 2515 3707 secundum
2541 3646 2883 3726 potentiam
2914 3664 3053 3707 esse
3082 3648 3255 3727 prius
3298 3666 3489 3726 quam
3534 3648 3712 3707 scien-

2166 3738 2355 3811 tiam;
2385 3740 2506 3799 hoc
2538 3756 2687 3817 ergo
2722 3738 2910 3801 modo
2942 3739 3210 3801 sumitur
3238 3740 3455 3803 scibile
3480 3738 3713 3821 quando

2172 3832 2565 3894 constituitur
2616 3832 2679 3891 in
2726 3832 2970 3893 ratione
3025 3832 3253 3914 objecti
3303 3833 3612 3904 formalis,
3662 3836 3716 3891 et

2173 3932 2388 3988 contra
2414 3927 2535 3986 hoc
2558 3926 2711 3986 nihil
2744 3933 2929 4006 urget
2976 3927 3128 3988 ratio
3154 3927 3347 3989 facta.
3379 3928 3549 3989 Idem
3580 3944 3715 4006 ergo

2174 4026 2267 4081 est
2305 4037 2447 4079 cum
2494 4020 2896 4099 proportione
2938 4020 3018 4081 de
3057 4018 3371 4081 credibili:
3418 4038 3563 4081 nam
3600 4036 3716 4079 uno

2170 4111 2359 4173 modo
2390 4112 2673 4186 sumitur,
2731 4118 2800 4173 ut
2826 4113 3133 4174 terminus
3162 4111 3603 4175 denominatus
3645 4112 3717 4172 ab

2170 4206 2305 4285 ipsa
2328 4204 2716 4281 credulitate,
2748 4212 2809 4267 et
2832 4211 2903 4267 ut
2928 4207 3014 4267 sic
3044 4224 3168 4267 non
3200 4206 3394 4269 habet
3428 4209 3719 4268 rationem

2170 4298 2398 4373 obiecti
2426 4298 2739 4371 formalis;
2790 4298 2910 4360 alio
2950 4300 3138 4361 modo
3180 4300 3451 4364 sumitur
3474 4308 3540 4363 ut
3558 4300 3720 4379 objc-

2170 4398 2336 4453 ctum
2368 4390 2627 4471 dignum
2654 4390 2799 4467 fide,
2836 4390 2939 4454 vel
2974 4397 3189 4472 aptum
3232 4394 3315 4455 ad
3352 4393 3721 4456 movendum

2170 4484 2551 4547 intellectum
2598 4484 2681 4543 ad
2707 4502 3059 4559 assensum,
3106 4488 3281 4548 etsie
3325 4487 3549 4549 dicitur
3593 4502 3721 4546 esse

2172 4579 2490 4658 objectum
2520 4576 2805 4640 formale.
2863 4580 2997 4639 Imo
3034 4576 3155 4641 ho'c
3189 4580 3398 4659 ipsum
3439 4578 3722 4641 credibile

2172 4670 2585 4751 subdistingui
2626 4677 2855 4749 potest,
2884 4676 2955 4732 ut
2978 4672 3136 4733 infra
3163 4670 3552 4747 videbimus;
3584 4688 3725 4732 nam

2172 4764 2293 4826 dici
2319 4770 2525 4844 potest
2558 4764 2747 4826 etiam
2774 4764 3069 4827 credibile
3096 4767 3339 4829 ratione
3374 4763 3725 4829 sufficientis

2172 4856 2634 4939 propositioniS,
2662 4865 2724 4919 et
2740 4858 2862 4919 hoc
2889 4860 3077 4919 etiam
3101 4861 3291 4922 modo
3311 4879 3441 4923 non
3470 4861 3725 4941 pertinet

2173 4952 2255 5012 ab
2283 4951 2599 5031 objectum
2626 4950 2910 5025 formale,
2934 4952 3044 5013 sed
3073 4952 3154 5013 ad
3182 4955 3601 5016 conditionem
3622 4970 3727 5013 ne·

2174 5044 2510 5107 cessariam
2526 5044 2671 5106 fidei
2688 5044 2769 5105 ad
2795 5046 3180 5108 credendum
3198 5067 3214 5121 ς
3244 5048 3366 5109 alio
3382 5066 3531 5110 vero
3547 5045 3724 5107 modo

2172 5137 2438 5209 sumitur
2477 5144 2546 5198 ut
2586 5136 2991 5200 constitutum
3038 5158 3153 5219 per
3194 5140 3515 5221 proprium
3560 5138 3729 5201 moti-

2171 5249 2322 5293 vum
2348 5235 2409 5292 et
2428 5232 2734 5292 rationem
2768 5232 3086 5306 credendi,
3116 5239 3178 5295 et
3198 5233 3285 5295 sic
3317 5234 3579 5295 dicimus
3596 5250 3726 5294 esse

2174 5324 2491 5405 objectum
2518 5322 2803 5385 formale.
2853 5326 3137 5406 Denique
3190 5328 3311 5388 hoc
3368 5345 3495 5388 non
3546 5332 3729 5405 negat

2172 5416 2341 5481 idem
2394 5419 2703 5496 vazquez,
2760 5436 2910 5479 nam
2958 5420 3190 5495 statim,
3223 5438 3361 5501 cap.
3406 5422 3469 5495 4,
3506 5421 3729 5481 fatetur

2174 5510 2601 5575 testimonium
2631 5510 2933 5588 divinum,
2970 5518 3283 5593 quatenus
3307 5520 3401 5578 est
3425 5516 3581 5579 ratio
3602 5532 3731 5577 crc-
