<?xml version="1.0" encoding="UTF-8"?>
<!DOCTYPE html PUBLIC "-//W3C//DTD XHTML 1.0 Transitional//EN"
    "http://www.w3.org/TR/xhtml1/DTD/xhtml1-transitional.dtd">
<html xmlns="http://www.w3.org/1999/xhtml" xml:lang="en" lang="en">
 <head>
  <title>
</title>
<meta http-equiv="Content-Type" content="text/html;charset=utf-8" />
  <meta name='ocr-system' content='tesseract 3.04.00' />
  <meta name='ocr-capabilities' content='ocr_page ocr_carea ocr_par ocr_line ocrx_word'/>
</head>
<body>
  <div class='ocr_page' id='page_1' title='image "./rpfranciscisuar00duvagoog_0769.png"; bbox 0 0 3900 6217; ppageno 0'>
   <div class='ocr_carea' id='block_1_1' title="bbox 578 413 3066 480">
    <p class='ocr_par' dir='ltr' id='par_1_1' title="bbox 578 413 3066 480">
     <span class='ocr_line' id='line_1_1' title="bbox 578 413 3066 480; baseline 0 -13"><span class='ocrx_word' id='word_1_1' title='bbox 578 416 746 468; x_wconf 76' lang='lat' dir='ltr'><strong>SEC&#39;r.</strong></span> <span class='ocrx_word' id='word_1_2' title='bbox 782 416 866 468; x_wconf 73' lang='lat' dir='ltr'><strong>Vl.</strong></span> <span class='ocrx_word' id='word_1_3' title='bbox 901 414 1027 476; x_wconf 78' lang='lat' dir='ltr'><strong>QUA</strong></span> <span class='ocrx_word' id='word_1_4' title='bbox 1061 414 1472 468; x_wconf 77' lang='lat' dir='ltr'><strong>CERTITUDINE</strong></span> <span class='ocrx_word' id='word_1_5' title='bbox 1507 415 1827 470; x_wconf 74' lang='lat' dir='ltr'><strong>CONSTARE</strong></span> <span class='ocrx_word' id='word_1_6' title='bbox 1859 415 2103 467; x_wconf 70' lang='lat' dir='ltr'><strong>DEBEAT</strong></span> <span class='ocrx_word' id='word_1_7' title='bbox 2137 413 2217 466; x_wconf 78' lang='lat' dir='ltr'><strong>DE</strong></span> <span class='ocrx_word' id='word_1_8' title='bbox 2249 415 2436 468; x_wconf 75' lang='lat' dir='ltr'><strong>JUSTA</strong></span> <span class='ocrx_word' id='word_1_9' title='bbox 2470 415 2669 468; x_wconf 75' lang='lat' dir='ltr'>CAUSA</span> <span class='ocrx_word' id='word_1_10' title='bbox 2702 414 2895 480; x_wconf 85' lang='lat' dir='ltr'><strong>BELLI,</strong></span> <span class='ocrx_word' id='word_1_11' title='bbox 2930 414 3066 467; x_wconf 77' lang='lat' dir='ltr'><strong>ETc.</strong></span> 
     </span>
    </p>
   </div>
   <div class='ocr_carea' id='block_1_2' title="bbox 220 512 1802 5643">
    <p class='ocr_par' dir='ltr' id='par_1_2' title="bbox 220 512 1798 2646">
     <span class='ocr_line' id='line_1_2' title="bbox 224 512 1787 598; baseline -0.001 -20"><span class='ocrx_word' id='word_1_12' title='bbox 224 517 350 578; x_wconf 72' lang='lat' dir='ltr'><strong>lum</strong></span> <span class='ocrx_word' id='word_1_13' title='bbox 363 515 634 586; x_wconf 89' lang='lat' dir='ltr'><strong>,·limitat</strong></span> <span class='ocrx_word' id='word_1_14' title='bbox 657 521 868 576; x_wconf 89' lang='lat' dir='ltr'><strong>tamen</strong></span> <span class='ocrx_word' id='word_1_15' title='bbox 901 531 918 574; x_wconf 74' lang='grc' dir='ltr'>ε</span> <span class='ocrx_word' id='word_1_16' title='bbox 949 513 1102 579; x_wconf 75' lang='lat' dir='ltr'><strong>Nisi</strong></span> <span class='ocrx_word' id='word_1_17' title='bbox 1137 512 1200 576; x_wconf 76' lang='grc' dir='ltr'><strong>1ιί</strong></span> <span class='ocrx_word' id='word_1_18' title='bbox 1228 515 1538 594; x_wconf 72' lang='lat' dir='ltr'><em>accipiant</em></span> <span class='ocrx_word' id='word_1_19' title='bbox 1561 518 1787 598; x_wconf 72' lang='lat' dir='ltr'><strong>stipen-</strong></span> 
     </span>
     <span class='ocr_line' id='line_1_3' title="bbox 237 605 1796 689; baseline 0 -18"><span class='ocrx_word' id='word_1_20' title='bbox 237 609 400 671; x_wconf 80' lang='lat' dir='ltr'><strong>dium</strong></span> <span class='ocrx_word' id='word_1_21' title='bbox 433 611 618 672; x_wconf 80' lang='lat' dir='ltr'><strong>etiam</strong></span> <span class='ocrx_word' id='word_1_22' title='bbox 639 613 896 688; x_wconf 76' lang='lat' dir='ltr'><strong>tempore</strong></span> <span class='ocrx_word' id='word_1_23' title='bbox 918 605 1120 688; x_wconf 66' lang='lat' dir='ltr'><strong>pecie,</strong></span> <span class='ocrx_word' id='word_1_24' title='bbox 1151 608 1536 689; x_wconf 73' lang='lat' dir='ltr'><strong>obstrictique</strong></span> <span class='ocrx_word' id='word_1_25' title='bbox 1559 609 1684 672; x_wconf 76' lang='lat' dir='ltr'><strong>sint</strong></span> <span class='ocrx_word' id='word_1_26' title='bbox 1713 609 1796 671; x_wconf 82' lang='lat' dir='ltr'><strong>ad</strong></span> 
     </span>
     <span class='ocr_line' id='line_1_4' title="bbox 226 698 1793 782; baseline -0.001 -18"><span class='ocrx_word' id='word_1_27' title='bbox 226 703 482 764; x_wconf 72' lang='lat' dir='ltr'><strong>eundum</strong></span> <span class='ocrx_word' id='word_1_28' title='bbox 522 703 750 782; x_wconf 71' lang='lat' dir='ltr'><strong>quoties</strong></span> <span class='ocrx_word' id='word_1_29' title='bbox 778 704 1113 772; x_wconf 58' lang='lat' dir='ltr'><strong>comunem·</strong></span> <span class='ocrx_word' id='word_1_30' title='bbox 1139 698 1292 760; x_wconf 88' lang='lat' dir='ltr'><strong>tales</strong></span> <span class='ocrx_word' id='word_1_31' title='bbox 1319 701 1490 762; x_wconf 88' lang='lat' dir='ltr'><strong>enim</strong></span> <span class='ocrx_word' id='word_1_32' title='bbox 1539 706 1793 782; x_wconf 83' lang='lat' dir='ltr'>possunt</span> 
     </span>
     <span class='ocr_line' id='line_1_5' title="bbox 223 793 1795 872; baseline 0.003 -18"><span class='ocrx_word' id='word_1_33' title='bbox 223 813 287 854; x_wconf 87' lang='lat' dir='ltr'><strong>se</strong></span> <span class='ocrx_word' id='word_1_34' title='bbox 319 813 532 872; x_wconf 82' lang='lat' dir='ltr'><strong>gerere</strong></span> <span class='ocrx_word' id='word_1_35' title='bbox 561 801 630 855; x_wconf 90' lang='lat' dir='ltr'><strong>ut</strong></span> <span class='ocrx_word' id='word_1_36' title='bbox 675 793 927 866; x_wconf 86' lang='lat' dir='ltr'><strong>subditi,</strong></span> <span class='ocrx_word' id='word_1_37' title='bbox 965 793 1110 870; x_wconf 86' lang='lat' dir='ltr'><strong>quia</strong></span> <span class='ocrx_word' id='word_1_38' title='bbox 1141 811 1354 854; x_wconf 86' lang='lat' dir='ltr'><strong>revera</strong></span> <span class='ocrx_word' id='word_1_39' title='bbox 1389 794 1617 855; x_wconf 88' lang='lat' dir='ltr'><strong>subditi</strong></span> <span class='ocrx_word' id='word_1_40' title='bbox 1648 799 1795 858; x_wconf 72' lang='lat' dir='ltr'><strong>sunt</strong></span> 
     </span>
     <span class='ocr_line' id='line_1_6' title="bbox 221 885 1793 967; baseline -0.001 -19"><span class='ocrx_word' id='word_1_41' title='bbox 221 888 461 948; x_wconf 87' lang='lat' dir='ltr'><strong>ratione</strong></span> <span class='ocrx_word' id='word_1_42' title='bbox 501 887 812 967; x_wconf 89' lang='lat' dir='ltr'><strong>stipendii.</strong></span> <span class='ocrx_word' id='word_1_43' title='bbox 840 885 1341 948; x_wconf 79' lang='lat' dir='ltr'><strong>Fundamentum</strong></span> <span class='ocrx_word' id='word_1_44' title='bbox 1399 893 1514 962; x_wconf 84' lang='lat' dir='ltr'><strong>cst,</strong></span> <span class='ocrx_word' id='word_1_45' title='bbox 1545 889 1692 967; x_wconf 87' lang='lat' dir='ltr'><strong>quia</strong></span> <span class='ocrx_word' id='word_1_46' title='bbox 1728 888 1793 946; x_wconf 92' lang='lat' dir='ltr'><strong>in</strong></span> 
     </span>
     <span class='ocr_line' id='line_1_7' title="bbox 223 979 1790 1057; baseline -0.002 -15"><span class='ocrx_word' id='word_1_47' title='bbox 223 999 298 1042; x_wconf 89' lang='lat' dir='ltr'><strong>eo</strong></span> <span class='ocrx_word' id='word_1_48' title='bbox 319 1001 464 1042; x_wconf 85' lang='lat' dir='ltr'><strong>casu</strong></span> <span class='ocrx_word' id='word_1_49' title='bbox 488 983 684 1041; x_wconf 84' lang='lat' dir='ltr'><strong>tutius</strong></span> <span class='ocrx_word' id='word_1_50' title='bbox 702 986 793 1042; x_wconf 92' lang='lat' dir='ltr'><strong>est</strong></span> <span class='ocrx_word' id='word_1_51' title='bbox 831 998 956 1040; x_wconf 92' lang='lat' dir='ltr'><strong>non</strong></span> <span class='ocrx_word' id='word_1_52' title='bbox 993 979 1260 1040; x_wconf 85' lang='lat' dir='ltr'><strong>militare</strong></span> <span class='ocrx_word' id='word_1_53' title='bbox 1290 997 1416 1040; x_wconf 92' lang='lat' dir='ltr'><strong>non</strong></span> <span class='ocrx_word' id='word_1_54' title='bbox 1450 979 1790 1057; x_wconf 87' lang='lat' dir='ltr'><strong>subditum,</strong></span> 
     </span>
     <span class='ocr_line' id='line_1_8' title="bbox 223 1071 1791 1152; baseline -0.002 -18"><span class='ocrx_word' id='word_1_55' title='bbox 223 1091 366 1134; x_wconf 87' lang='lat' dir='ltr'><strong>cum</strong></span> <span class='ocrx_word' id='word_1_56' title='bbox 398 1092 524 1134; x_wconf 92' lang='lat' dir='ltr'><strong>non</strong></span> <span class='ocrx_word' id='word_1_57' title='bbox 567 1072 895 1134; x_wconf 87' lang='lat' dir='ltr'><strong>militando</strong></span> <span class='ocrx_word' id='word_1_58' title='bbox 925 1071 1082 1133; x_wconf 87' lang='lat' dir='ltr'><strong>nulli</strong></span> <span class='ocrx_word' id='word_1_59' title='bbox 1103 1073 1378 1150; x_wconf 89' lang='lat' dir='ltr'><strong>periculo</strong></span> <span class='ocrx_word' id='word_1_60' title='bbox 1401 1091 1464 1133; x_wconf 88' lang='grc'><strong>50</strong></span> <span class='ocrx_word' id='word_1_61' title='bbox 1497 1079 1791 1152; x_wconf 85' lang='lat' dir='ltr'><strong>exponat,</strong></span> 
     </span>
     <span class='ocr_line' id='line_1_9' title="bbox 224 1165 1792 1244; baseline 0 -18"><span class='ocrx_word' id='word_1_62' title='bbox 224 1167 552 1228; x_wconf 87' lang='lat' dir='ltr'><strong>militando</strong></span> <span class='ocrx_word' id='word_1_63' title='bbox 603 1172 815 1227; x_wconf 87' lang='lat' dir='ltr'><strong>autem</strong></span> <span class='ocrx_word' id='word_1_64' title='bbox 843 1183 908 1226; x_wconf 86' lang='lat' dir='ltr'><strong>se</strong></span> <span class='ocrx_word' id='word_1_65' title='bbox 943 1166 1197 1244; x_wconf 81' lang='lat' dir='ltr'><strong>exponit</strong></span> <span class='ocrx_word' id='word_1_66' title='bbox 1224 1166 1298 1225; x_wconf 89' lang='lat' dir='ltr'><strong>iis</strong></span> <span class='ocrx_word' id='word_1_67' title='bbox 1339 1165 1630 1226; x_wconf 84' lang='lat' dir='ltr'><strong>omnibus</strong></span> <span class='ocrx_word' id='word_1_68' title='bbox 1656 1183 1792 1244; x_wconf 82' lang='lat' dir='ltr'><strong>quae</strong></span> 
     </span>
     <span class='ocr_line' id='line_1_10' title="bbox 223 1257 1795 1326; baseline -0.002 -6"><span class='ocrx_word' id='word_1_69' title='bbox 223 1263 582 1320; x_wconf 71' lang='lat' dir='ltr'><strong>numeravit</strong></span> <span class='ocrx_word' id='word_1_70' title='bbox 630 1259 962 1326; x_wconf 83' lang='lat' dir='ltr'><strong>Adrianus,</strong></span> <span class='ocrx_word' id='word_1_71' title='bbox 1000 1260 1064 1319; x_wconf 90' lang='lat' dir='ltr'><strong>in</strong></span> <span class='ocrx_word' id='word_1_72' title='bbox 1107 1257 1312 1318; x_wconf 86' lang='lat' dir='ltr'><strong>dubiis</strong></span> <span class='ocrx_word' id='word_1_73' title='bbox 1353 1266 1562 1320; x_wconf 86' lang='lat' dir='ltr'><strong>autem</strong></span> <span class='ocrx_word' id='word_1_74' title='bbox 1603 1259 1795 1319; x_wconf 84' lang='lat' dir='ltr'><strong>tutior</strong></span> 
     </span>
     <span class='ocr_line' id='line_1_11' title="bbox 224 1349 1798 1432; baseline -0.001 -18"><span class='ocrx_word' id='word_1_75' title='bbox 224 1371 368 1432; x_wconf 82' lang='lat' dir='ltr'><strong>pars</strong></span> <span class='ocrx_word' id='word_1_76' title='bbox 393 1354 474 1414; x_wconf 85' lang='lat' dir='ltr'><strong>sit</strong></span> <span class='ocrx_word' id='word_1_77' title='bbox 494 1353 796 1432; x_wconf 78' lang='lat' dir='ltr'><strong>eligenda.</strong></span> <span class='ocrx_word' id='word_1_78' title='bbox 827 1349 1259 1426; x_wconf 85' lang='lat' dir='ltr'><strong>Confirmatur‚</strong></span> <span class='ocrx_word' id='word_1_79' title='bbox 1285 1351 1486 1431; x_wconf 91' lang='lat' dir='ltr'><strong>primo</strong></span> <span class='ocrx_word' id='word_1_80' title='bbox 1514 1369 1590 1412; x_wconf 82' lang='lat' dir='ltr'><strong>ex</strong></span> <span class='ocrx_word' id='word_1_81' title='bbox 1613 1369 1798 1430; x_wconf 84' lang='lat' dir='ltr'><strong>regu-</strong></span> 
     </span>
     <span class='ocr_line' id='line_1_12' title="bbox 224 1443 1796 1525; baseline -0.001 -19"><span class='ocrx_word' id='word_1_82' title='bbox 224 1447 286 1506; x_wconf 84' lang='lat' dir='ltr'><strong>la</strong></span> <span class='ocrx_word' id='word_1_83' title='bbox 302 1447 462 1525; x_wconf 89' lang='lat' dir='ltr'><strong>juris</strong></span> <span class='ocrx_word' id='word_1_84' title='bbox 489 1448 586 1518; x_wconf 78' lang='grc'><strong>19,</strong></span> <span class='ocrx_word' id='word_1_85' title='bbox 619 1447 684 1506; x_wconf 87' lang='grc'><strong>10</strong></span> <span class='ocrx_word' id='word_1_86' title='bbox 715 1446 778 1519; x_wconf 90' lang='lat'><strong>6,</strong></span> <span class='ocrx_word' id='word_1_87' title='bbox 811 1450 874 1505; x_wconf 83' lang='lat' dir='ltr'><strong>et</strong></span> <span class='ocrx_word' id='word_1_88' title='bbox 897 1445 998 1519; x_wconf 82' lang='lat'><strong>38,</strong></span> <span class='ocrx_word' id='word_1_89' title='bbox 1029 1445 1095 1504; x_wconf 89' lang='lat' dir='ltr'><strong>in</strong></span> <span class='ocrx_word' id='word_1_90' title='bbox 1117 1443 1211 1520; x_wconf 85' lang='lat' dir='ltr'><strong>fl&#39;.,</strong></span> <span class='ocrx_word' id='word_1_91' title='bbox 1239 1463 1365 1523; x_wconf 87' lang='lat' dir='ltr'><strong>qua</strong></span> <span class='ocrx_word' id='word_1_92' title='bbox 1389 1444 1638 1520; x_wconf 84' lang='lat' dir='ltr'><strong>dicitur,</strong></span> <span class='ocrx_word' id='word_1_93' title='bbox 1667 1463 1796 1505; x_wconf 89' lang='lat' dir='ltr'><strong>non</strong></span> 
     </span>
     <span class='ocr_line' id='line_1_13' title="bbox 223 1537 1795 1618; baseline -0.001 -18"><span class='ocrx_word' id='word_1_94' title='bbox 223 1557 358 1600; x_wconf 90' lang='lat' dir='ltr'><strong>esse</strong></span> <span class='ocrx_word' id='word_1_95' title='bbox 389 1539 522 1600; x_wconf 86' lang='lat' dir='ltr'><strong>sine</strong></span> <span class='ocrx_word' id='word_1_96' title='bbox 539 1539 745 1618; x_wconf 85' lang='lat' dir='ltr'><strong>culpa,</strong></span> <span class='ocrx_word' id='word_1_97' title='bbox 777 1541 883 1617; x_wconf 83' lang='lat' dir='ltr'><strong>qui</strong></span> <span class='ocrx_word' id='word_1_98' title='bbox 913 1537 1120 1612; x_wconf 87' lang='lat' dir='ltr'><strong>rebus,</strong></span> <span class='ocrx_word' id='word_1_99' title='bbox 1155 1555 1294 1615; x_wconf 75' lang='lat' dir='ltr'><strong>quae</strong></span> <span class='ocrx_word' id='word_1_100' title='bbox 1323 1538 1400 1598; x_wconf 90' lang='lat' dir='ltr'><strong>ad</strong></span> <span class='ocrx_word' id='word_1_101' title='bbox 1437 1538 1638 1617; x_wconf 85' lang='lat' dir='ltr'><strong>ipsum</strong></span> <span class='ocrx_word' id='word_1_102' title='bbox 1669 1555 1795 1598; x_wconf 90' lang='lat' dir='ltr'><strong>non</strong></span> 
     </span>
     <span class='ocr_line' id='line_1_14' title="bbox 225 1631 1789 1712; baseline 0.001 -20"><span class='ocrx_word' id='word_1_103' title='bbox 225 1639 542 1712; x_wconf 84' lang='lat' dir='ltr'><strong>spectant,</strong></span> <span class='ocrx_word' id='word_1_104' title='bbox 577 1651 642 1692; x_wconf 84' lang='lat' dir='ltr'><strong>sc</strong></span> <span class='ocrx_word' id='word_1_105' title='bbox 669 1632 977 1692; x_wconf 80' lang='lat' dir='ltr'><strong>immiscet</strong></span> <span class='ocrx_word' id='word_1_106' title='bbox 1006 1647 1146 1691; x_wconf 81' lang='lat' dir='ltr'><strong>eum</strong></span> <span class='ocrx_word' id='word_1_107' title='bbox 1203 1631 1474 1709; x_wconf 86' lang='lat' dir='ltr'><strong>periculo</strong></span> <span class='ocrx_word' id='word_1_108' title='bbox 1519 1631 1789 1693; x_wconf 84' lang='lat' dir='ltr'><strong>alterius.</strong></span> 
     </span>
     <span class='ocr_line' id='line_1_15' title="bbox 225 1723 1792 1802; baseline -0.002 -17"><span class='ocrx_word' id='word_1_109' title='bbox 225 1723 405 1785; x_wconf 85' lang='lat' dir='ltr'><strong>Unde</strong></span> <span class='ocrx_word' id='word_1_110' title='bbox 435 1724 819 1799; x_wconf 87' lang='lat' dir='ltr'><strong>Ambrosius,</strong></span> <span class='ocrx_word' id='word_1_111' title='bbox 843 1723 952 1784; x_wconf 88' lang='lat' dir='ltr'><strong>lib.</strong></span> <span class='ocrx_word' id='word_1_112' title='bbox 977 1725 1014 1784; x_wconf 90' lang='lat'><strong>3</strong></span> <span class='ocrx_word' id='word_1_113' title='bbox 1037 1723 1417 1798; x_wconf 79' lang='lat' dir='ltr'><strong>officiorum,</strong></span> <span class='ocrx_word' id='word_1_114' title='bbox 1434 1741 1564 1802; x_wconf 90' lang='lat' dir='ltr'><strong>cap.</strong></span> <span class='ocrx_word' id='word_1_115' title='bbox 1601 1741 1792 1798; x_wconf 86' lang='lat' dir='ltr'><strong>nono,</strong></span> 
     </span>
     <span class='ocr_line' id='line_1_16' title="bbox 223 1817 1792 1898; baseline 0.001 -20"><span class='ocrx_word' id='word_1_116' title='bbox 223 1825 290 1879; x_wconf 89' lang='lat' dir='ltr'><strong>et</strong></span> <span class='ocrx_word' id='word_1_117' title='bbox 318 1819 581 1879; x_wconf 87' lang='lat' dir='ltr'><strong>habetur</strong></span> <span class='ocrx_word' id='word_1_118' title='bbox 607 1819 675 1879; x_wconf 90' lang='lat' dir='ltr'><strong>in</strong></span> <span class='ocrx_word' id='word_1_119' title='bbox 725 1819 824 1892; x_wconf 70' lang='lat'><strong>14,</strong></span> <span class='ocrx_word' id='word_1_120' title='bbox 855 1817 1198 1896; x_wconf 61' lang='lat' dir='ltr'><strong>quaestione</strong></span> <span class='ocrx_word' id='word_1_121' title='bbox 1245 1819 1306 1892; x_wconf 84' lang='lat'><strong>5,</strong></span> <span class='ocrx_word' id='word_1_122' title='bbox 1337 1835 1469 1896; x_wconf 88' lang='lat' dir='ltr'><strong>cap.</strong></span> <span class='ocrx_word' id='word_1_123' title='bbox 1503 1817 1792 1898; x_wconf 72' lang='lat' dir='ltr'><strong>Denique,</strong></span> 
     </span>
     <span class='ocr_line' id='line_1_17' title="bbox 227 1908 1796 1990; baseline -0.001 -18"><span class='ocrx_word' id='word_1_124' title='bbox 227 1911 604 1990; x_wconf 74' lang='lat' dir='ltr'><strong>generaliter</strong></span> <span class='ocrx_word' id='word_1_125' title='bbox 641 1912 790 1971; x_wconf 84' lang='lat' dir='ltr'><strong>dicit</strong></span> <span class='ocrx_word' id='word_1_126' title='bbox 818 1911 1134 1970; x_wconf 89' lang='lat' dir='ltr'><strong>neminem</strong></span> <span class='ocrx_word' id='word_1_127' title='bbox 1163 1908 1388 1970; x_wconf 87' lang='lat' dir='ltr'><strong>debere</strong></span> <span class='ocrx_word' id='word_1_128' title='bbox 1415 1927 1558 1970; x_wconf 85' lang='lat' dir='ltr'><strong>cum</strong></span> <span class='ocrx_word' id='word_1_129' title='bbox 1587 1910 1796 1971; x_wconf 86' lang='lat' dir='ltr'><strong>discri-</strong></span> 
     </span>
     <span class='ocr_line' id='line_1_18' title="bbox 223 2003 1790 2082; baseline 0 -18"><span class='ocrx_word' id='word_1_130' title='bbox 223 2006 396 2066; x_wconf 89' lang='lat' dir='ltr'><strong>mine</strong></span> <span class='ocrx_word' id='word_1_131' title='bbox 423 2005 674 2066; x_wconf 83' lang='lat' dir='ltr'><strong>alterius</strong></span> <span class='ocrx_word' id='word_1_132' title='bbox 693 2005 959 2066; x_wconf 87' lang='lat' dir='ltr'><strong>alterum</strong></span> <span class='ocrx_word' id='word_1_133' title='bbox 981 2004 1218 2082; x_wconf 88' lang='lat' dir='ltr'><strong>juvare.</strong></span> <span class='ocrx_word' id='word_1_134' title='bbox 1249 2003 1666 2065; x_wconf 86' lang='lat' dir='ltr'><strong>Confirmatur</strong></span> <span class='ocrx_word' id='word_1_135' title='bbox 1693 2021 1790 2064; x_wconf 83' lang='grc'><strong>50-</strong></span> 
     </span>
     <span class='ocr_line' id='line_1_19' title="bbox 223 2096 1794 2178; baseline -0.001 -20"><span class='ocrx_word' id='word_1_136' title='bbox 223 2099 454 2174; x_wconf 89' lang='lat' dir='ltr'><strong>cundo,</strong></span> <span class='ocrx_word' id='word_1_137' title='bbox 499 2099 643 2178; x_wconf 88' lang='lat' dir='ltr'><strong>quia</strong></span> <span class='ocrx_word' id='word_1_138' title='bbox 673 2097 754 2158; x_wconf 92' lang='lat' dir='ltr'><strong>ob</strong></span> <span class='ocrx_word' id='word_1_139' title='bbox 795 2097 954 2157; x_wconf 87' lang='lat' dir='ltr'><strong>hanc</strong></span> <span class='ocrx_word' id='word_1_140' title='bbox 1005 2097 1330 2170; x_wconf 82' lang='lat' dir='ltr'><strong>rationem,</strong></span> <span class='ocrx_word' id='word_1_141' title='bbox 1366 2098 1432 2157; x_wconf 91' lang='lat' dir='ltr'><strong>in</strong></span> <span class='ocrx_word' id='word_1_142' title='bbox 1467 2096 1654 2157; x_wconf 88' lang='lat' dir='ltr'><strong>simili</strong></span> <span class='ocrx_word' id='word_1_143' title='bbox 1679 2097 1794 2156; x_wconf 88' lang='lat' dir='ltr'><strong>du-</strong></span> 
     </span>
     <span class='ocr_line' id='line_1_20' title="bbox 220 2190 1794 2270; baseline -0.001 -19"><span class='ocrx_word' id='word_1_144' title='bbox 220 2192 353 2268; x_wconf 84' lang='lat' dir='ltr'><strong>bio,</strong></span> <span class='ocrx_word' id='word_1_145' title='bbox 391 2193 616 2253; x_wconf 84' lang='lat' dir='ltr'><strong>docent</strong></span> <span class='ocrx_word' id='word_1_146' title='bbox 636 2192 802 2270; x_wconf 85' lang='lat' dir='ltr'><strong>jura,</strong></span> <span class='ocrx_word' id='word_1_147' title='bbox 837 2191 1166 2270; x_wconf 78' lang='lat' dir='ltr'><strong>conjugem</strong></span> <span class='ocrx_word' id='word_1_148' title='bbox 1196 2191 1304 2269; x_wconf 87' lang='lat' dir='ltr'><strong>qui</strong></span> <span class='ocrx_word' id='word_1_149' title='bbox 1327 2190 1589 2264; x_wconf 76' lang='lat' dir='ltr'><strong>dubitat,</strong></span> <span class='ocrx_word' id='word_1_150' title='bbox 1619 2208 1794 2269; x_wconf 86' lang='lat' dir='ltr'><strong>posse</strong></span> 
     </span>
     <span class='ocr_line' id='line_1_21' title="bbox 225 2283 1792 2364; baseline -0.001 -19"><span class='ocrx_word' id='word_1_151' title='bbox 225 2287 512 2346; x_wconf 83' lang='lat' dir='ltr'><strong>debitum</strong></span> <span class='ocrx_word' id='word_1_152' title='bbox 544 2286 824 2364; x_wconf 73' lang='lat' dir='ltr'><strong>reddere,</strong></span> <span class='ocrx_word' id='word_1_153' title='bbox 850 2285 954 2346; x_wconf 88' lang='lat' dir='ltr'><strong>sed</strong></span> <span class='ocrx_word' id='word_1_154' title='bbox 985 2301 1114 2344; x_wconf 91' lang='lat' dir='ltr'><strong>non</strong></span> <span class='ocrx_word' id='word_1_155' title='bbox 1145 2290 1374 2363; x_wconf 88' lang='lat' dir='ltr'><strong>petere,</strong></span> <span class='ocrx_word' id='word_1_156' title='bbox 1409 2290 1472 2344; x_wconf 87' lang='lat' dir='ltr'><strong>et</strong></span> <span class='ocrx_word' id='word_1_157' title='bbox 1502 2283 1582 2343; x_wconf 92' lang='lat' dir='ltr'><strong>ob</strong></span> <span class='ocrx_word' id='word_1_158' title='bbox 1623 2302 1792 2344; x_wconf 90' lang='lat' dir='ltr'><strong>eam-</strong></span> 
     </span>
     <span class='ocr_line' id='line_1_22' title="bbox 221 2378 1791 2458; baseline -0.001 -18"><span class='ocrx_word' id='word_1_159' title='bbox 221 2380 372 2440; x_wconf 88' lang='lat' dir='ltr'><strong>dem</strong></span> <span class='ocrx_word' id='word_1_160' title='bbox 395 2398 608 2440; x_wconf 86' lang='lat' dir='ltr'><strong>rursus</strong></span> <span class='ocrx_word' id='word_1_161' title='bbox 650 2380 774 2439; x_wconf 88' lang='lat' dir='ltr'><strong>dici</strong></span> <span class='ocrx_word' id='word_1_162' title='bbox 827 2384 1048 2458; x_wconf 85' lang='lat' dir='ltr'><strong>potest,</strong></span> <span class='ocrx_word' id='word_1_163' title='bbox 1103 2383 1398 2457; x_wconf 85' lang='lat' dir='ltr'><strong>cognatos</strong></span> <span class='ocrx_word' id='word_1_164' title='bbox 1447 2385 1509 2438; x_wconf 85' lang='lat' dir='ltr'><strong>et</strong></span> <span class='ocrx_word' id='word_1_165' title='bbox 1558 2378 1791 2439; x_wconf 86' lang='lat' dir='ltr'><strong>amicos</strong></span> 
     </span>
     <span class='ocr_line' id='line_1_23' title="bbox 225 2471 1791 2553; baseline -0.003 -19"><span class='ocrx_word' id='word_1_166' title='bbox 225 2475 540 2553; x_wconf 76' lang='lat' dir='ltr'><strong>principes</strong></span> <span class='ocrx_word' id='word_1_167' title='bbox 582 2491 708 2533; x_wconf 89' lang='lat' dir='ltr'><strong>non</strong></span> <span class='ocrx_word' id='word_1_168' title='bbox 739 2489 912 2552; x_wconf 85' lang='lat' dir='ltr'><strong>posse</strong></span> <span class='ocrx_word' id='word_1_169' title='bbox 955 2489 1018 2532; x_wconf 89' lang='lat' dir='ltr'><strong>se</strong></span> <span class='ocrx_word' id='word_1_170' title='bbox 1061 2471 1326 2532; x_wconf 81' lang='lat' dir='ltr'><strong>invicem</strong></span> <span class='ocrx_word' id='word_1_171' title='bbox 1373 2471 1616 2549; x_wconf 84' lang='lat' dir='ltr'><strong>juvare,</strong></span> <span class='ocrx_word' id='word_1_172' title='bbox 1673 2471 1791 2532; x_wconf 90' lang='lat' dir='ltr'><strong>nisi</strong></span> 
     </span>
     <span class='ocr_line' id='line_1_24' title="bbox 225 2566 1036 2646; baseline 0.002 -20"><span class='ocrx_word' id='word_1_173' title='bbox 225 2566 426 2646; x_wconf 84' lang='lat' dir='ltr'><strong>probe</strong></span> <span class='ocrx_word' id='word_1_174' title='bbox 455 2567 808 2628; x_wconf 84' lang='lat' dir='ltr'><strong>examinata</strong></span> <span class='ocrx_word' id='word_1_175' title='bbox 835 2583 1036 2628; x_wconf 81' lang='lat' dir='ltr'><strong>causa.</strong></span> 
     </span>
    </p>

    <p class='ocr_par' dir='ltr' id='par_1_3' title="bbox 225 2659 1802 5643">
     <span class='ocr_line' id='line_1_25' title="bbox 313 2659 1797 2745; baseline -0.003 -22"><span class='ocrx_word' id='word_1_176' title='bbox 313 2665 416 2723; x_wconf 75' lang='lat' dir='ltr'><strong>ll.</strong></span> <span class='ocrx_word' id='word_1_177' title='bbox 461 2661 768 2745; x_wconf 71' lang='lat' dir='ltr'><strong>Arquilur</strong></span> <span class='ocrx_word' id='word_1_178' title='bbox 793 2661 997 2742; x_wconf 76' lang='lat' dir='ltr'><strong>primo</strong></span> <span class='ocrx_word' id='word_1_179' title='bbox 1026 2665 1235 2724; x_wconf 74' lang='lat' dir='ltr'><strong>contra</strong></span> <span class='ocrx_word' id='word_1_180' title='bbox 1273 2659 1528 2723; x_wconf 63' lang='lat' dir='ltr'><strong>eamdam</strong></span> <span class='ocrx_word' id='word_1_181' title='bbox 1567 2662 1797 2720; x_wconf 69' lang='lat' dir='ltr'><strong>senten-</strong></span> 
     </span>
     <span class='ocr_line' id='line_1_26' title="bbox 227 2753 1792 2821; baseline -0.007 0"><span class='ocrx_word' id='word_1_182' title='bbox 227 2759 404 2821; x_wconf 75' lang='lat' dir='ltr'><strong>tiam.</strong></span> <span class='ocrx_word' id='word_1_183' title='bbox 425 2789 506 2802; x_wconf 92' lang='lat'><em>-</em></span> <span class='ocrx_word' id='word_1_184' title='bbox 533 2755 946 2816; x_wconf 82' lang='lat' dir='ltr'><strong>Nihilominus</strong></span> <span class='ocrx_word' id='word_1_185' title='bbox 977 2760 1190 2816; x_wconf 86' lang='lat' dir='ltr'><strong>contra</strong></span> <span class='ocrx_word' id='word_1_186' title='bbox 1229 2755 1389 2814; x_wconf 89' lang='lat' dir='ltr'><strong>hanc</strong></span> <span class='ocrx_word' id='word_1_187' title='bbox 1421 2753 1792 2813; x_wconf 82' lang='lat' dir='ltr'><strong>sententiam</strong></span> 
     </span>
     <span class='ocr_line' id='line_1_27' title="bbox 227 2844 1793 2925; baseline -0.006 -13"><span class='ocrx_word' id='word_1_188' title='bbox 227 2855 568 2912; x_wconf 85' lang='lat' dir='ltr'><strong>occurrunt</strong></span> <span class='ocrx_word' id='word_1_189' title='bbox 599 2849 698 2910; x_wconf 82' lang='lat' dir='ltr'><strong>hae</strong></span> <span class='ocrx_word' id='word_1_190' title='bbox 731 2847 1138 2908; x_wconf 78' lang='lat' dir='ltr'><strong>difficultates.</strong></span> <span class='ocrx_word' id='word_1_191' title='bbox 1171 2848 1472 2915; x_wconf 87' lang='lat' dir='ltr'><strong>Primum,</strong></span> <span class='ocrx_word' id='word_1_192' title='bbox 1496 2844 1793 2925; x_wconf 86' lang='lat' dir='ltr'><strong>quiajam</strong></span> 
     </span>
     <span class='ocr_line' id='line_1_28' title="bbox 227 2940 1792 3025; baseline -0.005 -20"><span class='ocrx_word' id='word_1_193' title='bbox 227 2949 540 3025; x_wconf 88' lang='lat' dir='ltr'><strong>oporteret</strong></span> <span class='ocrx_word' id='word_1_194' title='bbox 568 2942 840 3020; x_wconf 81' lang='lat' dir='ltr'><strong>singulos</strong></span> <span class='ocrx_word' id='word_1_195' title='bbox 893 2941 1122 3001; x_wconf 84' lang='lat' dir='ltr'><strong>milites</strong></span> <span class='ocrx_word' id='word_1_196' title='bbox 1174 2940 1604 3019; x_wconf 82' lang='lat' dir='ltr'><strong>stipendiarios</strong></span> <span class='ocrx_word' id='word_1_197' title='bbox 1649 2955 1792 2998; x_wconf 87' lang='lat' dir='ltr'><strong>exa-</strong></span> 
     </span>
     <span class='ocr_line' id='line_1_29' title="bbox 227 3033 1796 3105; baseline -0.005 -6"><span class='ocrx_word' id='word_1_198' title='bbox 227 3039 473 3099; x_wconf 89' lang='lat' dir='ltr'><strong>minare</strong></span> <span class='ocrx_word' id='word_1_199' title='bbox 513 3053 758 3096; x_wconf 84' lang='lat' dir='ltr'><strong>causam</strong></span> <span class='ocrx_word' id='word_1_200' title='bbox 799 3033 986 3105; x_wconf 89' lang='lat' dir='ltr'><strong>belli;</strong></span> <span class='ocrx_word' id='word_1_201' title='bbox 1038 3033 1158 3093; x_wconf 88' lang='grc'><strong>1100</strong></span> <span class='ocrx_word' id='word_1_202' title='bbox 1199 3039 1410 3093; x_wconf 83' lang='lat' dir='ltr'><strong>autem</strong></span> <span class='ocrx_word' id='word_1_203' title='bbox 1451 3038 1541 3092; x_wconf 88' lang='lat' dir='ltr'><strong>est</strong></span> <span class='ocrx_word' id='word_1_204' title='bbox 1581 3035 1796 3091; x_wconf 87' lang='lat' dir='ltr'><strong>contra</strong></span> 
     </span>
     <span class='ocr_line' id='line_1_30' title="bbox 244 3123 1796 3202; baseline -0.004 -13"><span class='ocrx_word' id='word_1_205' title='bbox 244 3145 494 3190; x_wconf 89' lang='lat' dir='ltr'><strong>omnem</strong></span> <span class='ocrx_word' id='word_1_206' title='bbox 513 3127 1048 3202; x_wconf 82' lang='lat' dir='ltr'><strong>consuet-udinem,</strong></span> <span class='ocrx_word' id='word_1_207' title='bbox 1073 3132 1135 3187; x_wconf 87' lang='lat' dir='ltr'><strong>et</strong></span> <span class='ocrx_word' id='word_1_208' title='bbox 1170 3126 1446 3186; x_wconf 87' lang='lat' dir='ltr'><strong>humano</strong></span> <span class='ocrx_word' id='word_1_209' title='bbox 1475 3123 1660 3184; x_wconf 90' lang='lat' dir='ltr'><strong>modo</strong></span> <span class='ocrx_word' id='word_1_210' title='bbox 1678 3125 1796 3183; x_wconf 89' lang='lat' dir='ltr'><strong>im·</strong></span> 
     </span>
     <span class='ocr_line' id='line_1_31' title="bbox 235 3221 1798 3306; baseline -0.004 -21"><span class='ocrx_word' id='word_1_211' title='bbox 235 3224 546 3306; x_wconf 78' lang='lat' dir='ltr'><strong>possibile3</strong></span> <span class='ocrx_word' id='word_1_212' title='bbox 580 3225 749 3303; x_wconf 88' lang='lat' dir='ltr'><strong>quia,</strong></span> <span class='ocrx_word' id='word_1_213' title='bbox 771 3230 843 3283; x_wconf 88' lang='lat' dir='ltr'><strong>ut</strong></span> <span class='ocrx_word' id='word_1_214' title='bbox 870 3241 1055 3302; x_wconf 88' lang='lat' dir='ltr'><strong>supra</strong></span> <span class='ocrx_word' id='word_1_215' title='bbox 1085 3221 1387 3296; x_wconf 88' lang='lat' dir='ltr'><strong>dicebam,</strong></span> <span class='ocrx_word' id='word_1_216' title='bbox 1416 3237 1616 3299; x_wconf 88' lang='lat' dir='ltr'><strong>neque</strong></span> <span class='ocrx_word' id='word_1_217' title='bbox 1665 3235 1798 3280; x_wconf 87' lang='lat' dir='ltr'><strong>om-</strong></span> 
     </span>
     <span class='ocr_line' id='line_1_32' title="bbox 231 3311 1798 3397; baseline -0.004 -18"><span class='ocrx_word' id='word_1_218' title='bbox 231 3319 418 3379; x_wconf 89' lang='lat' dir='ltr'><strong>nibus</strong></span> <span class='ocrx_word' id='word_1_219' title='bbox 440 3322 639 3397; x_wconf 85' lang='lat' dir='ltr'><strong>potest</strong></span> <span class='ocrx_word' id='word_1_220' title='bbox 679 3316 848 3378; x_wconf 86' lang='lat' dir='ltr'><strong>reddi</strong></span> <span class='ocrx_word' id='word_1_221' title='bbox 879 3316 1060 3390; x_wconf 87' lang='lat' dir='ltr'><strong>ratio,</strong></span> <span class='ocrx_word' id='word_1_222' title='bbox 1088 3332 1291 3395; x_wconf 90' lang='lat' dir='ltr'><strong>neque</strong></span> <span class='ocrx_word' id='word_1_223' title='bbox 1314 3331 1528 3374; x_wconf 81' lang='lat' dir='ltr'><strong>omnes</strong></span> <span class='ocrx_word' id='word_1_224' title='bbox 1555 3319 1701 3373; x_wconf 88' lang='lat' dir='ltr'><strong>sunt</strong></span> <span class='ocrx_word' id='word_1_225' title='bbox 1723 3311 1798 3374; x_wconf 89' lang='lat' dir='ltr'><strong>il-</strong></span> 
     </span>
     <span class='ocr_line' id='line_1_33' title="bbox 225 3404 1796 3492; baseline -0.005 -20"><span class='ocrx_word' id='word_1_226' title='bbox 225 3412 352 3473; x_wconf 90' lang='lat' dir='ltr'><strong>lius</strong></span> <span class='ocrx_word' id='word_1_227' title='bbox 378 3429 652 3492; x_wconf 82' lang='lat' dir='ltr'><strong>capaces.</strong></span> <span class='ocrx_word' id='word_1_228' title='bbox 678 3408 976 3486; x_wconf 89' lang='lat' dir='ltr'><strong>Secundo,</strong></span> <span class='ocrx_word' id='word_1_229' title='bbox 1007 3408 1157 3489; x_wconf 85' lang='lat' dir='ltr'><strong>quia</strong></span> <span class='ocrx_word' id='word_1_230' title='bbox 1179 3409 1363 3469; x_wconf 84' lang='lat' dir='ltr'><strong>etiam</strong></span> <span class='ocrx_word' id='word_1_231' title='bbox 1386 3406 1622 3490; x_wconf 29' lang='lat' dir='ltr'><strong>&#39;milites</strong></span> <span class='ocrx_word' id='word_1_232' title='bbox 1649 3404 1796 3465; x_wconf 89' lang='lat' dir='ltr'><strong>sub-</strong></span> 
     </span>
     <span class='ocr_line' id='line_1_34' title="bbox 228 3499 1796 3584; baseline -0.004 -19"><span class='ocrx_word' id='word_1_233' title='bbox 228 3505 350 3566; x_wconf 88' lang='lat' dir='ltr'><strong>diti</strong></span> <span class='ocrx_word' id='word_1_234' title='bbox 377 3521 504 3565; x_wconf 89' lang='lat' dir='ltr'><strong>non</strong></span> <span class='ocrx_word' id='word_1_235' title='bbox 536 3509 786 3584; x_wconf 86' lang='lat' dir='ltr'><strong>possent</strong></span> <span class='ocrx_word' id='word_1_236' title='bbox 829 3503 920 3564; x_wconf 87' lang='lat' dir='ltr'><strong>ire</strong></span> <span class='ocrx_word' id='word_1_237' title='bbox 973 3503 1048 3563; x_wconf 89' lang='lat' dir='ltr'><strong>ad</strong></span> <span class='ocrx_word' id='word_1_238' title='bbox 1091 3500 1325 3562; x_wconf 86' lang='lat' dir='ltr'><strong>bellum</strong></span> <span class='ocrx_word' id='word_1_239' title='bbox 1371 3499 1631 3560; x_wconf 89' lang='lat' dir='ltr'><strong>dubium</strong></span> <span class='ocrx_word' id='word_1_240' title='bbox 1661 3499 1796 3558; x_wconf 86' lang='lat' dir='ltr'><strong>sine</strong></span> 
     </span>
     <span class='ocr_line' id='line_1_35' title="bbox 228 3593 1797 3675; baseline -0.004 -14"><span class='ocrx_word' id='word_1_241' title='bbox 228 3599 519 3662; x_wconf 79' lang='lat' dir='ltr'><strong>examine</strong></span> <span class='ocrx_word' id='word_1_242' title='bbox 553 3615 771 3672; x_wconf 79' lang='lat' dir='ltr'><strong>causae,</strong></span> <span class='ocrx_word' id='word_1_243' title='bbox 815 3597 932 3656; x_wconf 89' lang='lat' dir='ltr'><strong>nisi</strong></span> <span class='ocrx_word' id='word_1_244' title='bbox 965 3594 1216 3675; x_wconf 86' lang='lat' dir='ltr'><strong>quando</strong></span> <span class='ocrx_word' id='word_1_245' title='bbox 1241 3594 1448 3654; x_wconf 82' lang='lat' dir='ltr'><strong>stricte</strong></span> <span class='ocrx_word' id='word_1_246' title='bbox 1497 3593 1797 3672; x_wconf 73' lang='lat' dir='ltr'><strong>praecipe-</strong></span> 
     </span>
     <span class='ocr_line' id='line_1_36' title="bbox 228 3685 1788 3768; baseline -0.008 -14"><span class='ocrx_word' id='word_1_247' title='bbox 228 3698 475 3768; x_wconf 84' lang='lat' dir='ltr'><strong>rentur,</strong></span> <span class='ocrx_word' id='word_1_248' title='bbox 505 3693 592 3752; x_wconf 87' lang='lat' dir='ltr'><strong>ita</strong></span> <span class='ocrx_word' id='word_1_249' title='bbox 614 3698 683 3752; x_wconf 92' lang='lat' dir='ltr'><strong>ut</strong></span> <span class='ocrx_word' id='word_1_250' title='bbox 709 3707 836 3750; x_wconf 92' lang='lat' dir='ltr'><strong>non</strong></span> <span class='ocrx_word' id='word_1_251' title='bbox 864 3688 1070 3749; x_wconf 89' lang='lat' dir='ltr'><strong>eundo</strong></span> <span class='ocrx_word' id='word_1_252' title='bbox 1099 3685 1522 3748; x_wconf 86' lang='lat' dir='ltr'><strong>inobedientes</strong></span> <span class='ocrx_word' id='word_1_253' title='bbox 1543 3685 1788 3760; x_wconf 83' lang='lat' dir='ltr'><strong>flerent,</strong></span> 
     </span>
     <span class='ocr_line' id='line_1_37' title="bbox 227 3778 1785 3868; baseline -0.006 -20"><span class='ocrx_word' id='word_1_254' title='bbox 227 3788 537 3868; x_wconf 88' lang='lat' dir='ltr'><strong>siquidem</strong></span> <span class='ocrx_word' id='word_1_255' title='bbox 566 3791 715 3846; x_wconf 80' lang='lat' dir='ltr'><strong>tunc</strong></span> <span class='ocrx_word' id='word_1_256' title='bbox 735 3783 935 3844; x_wconf 91' lang='lat' dir='ltr'><strong>solum</strong></span> <span class='ocrx_word' id='word_1_257' title='bbox 961 3786 1209 3843; x_wconf 83' lang='lat' dir='ltr'><strong>excusat</strong></span> <span class='ocrx_word' id='word_1_258' title='bbox 1231 3780 1371 3840; x_wconf 90' lang='lat' dir='ltr'><strong>illos</strong></span> <span class='ocrx_word' id='word_1_259' title='bbox 1401 3778 1785 3840; x_wconf 86' lang='lat' dir='ltr'><strong>obedientia:</strong></span> 
     </span>
     <span class='ocr_line' id='line_1_38' title="bbox 225 3877 1788 3963; baseline -0.007 -20"><span class='ocrx_word' id='word_1_260' title='bbox 225 3881 508 3963; x_wconf 88' lang='lat' dir='ltr'><strong>quandiu</strong></span> <span class='ocrx_word' id='word_1_261' title='bbox 563 3897 710 3941; x_wconf 85' lang='lat' dir='ltr'><strong>vero</strong></span> <span class='ocrx_word' id='word_1_262' title='bbox 757 3896 884 3938; x_wconf 92' lang='lat' dir='ltr'><strong>non</strong></span> <span class='ocrx_word' id='word_1_263' title='bbox 925 3877 1350 3956; x_wconf 84' lang='lat' dir='ltr'><strong>imponeretur</strong></span> <span class='ocrx_word' id='word_1_264' title='bbox 1387 3879 1788 3954; x_wconf 57' lang='lat' dir='ltr'><strong>praeceptum,</strong></span> 
     </span>
     <span class='ocr_line' id='line_1_39' title="bbox 226 3971 1791 4048; baseline -0.007 -12"><span class='ocrx_word' id='word_1_265' title='bbox 226 3977 428 4037; x_wconf 86' lang='lat' dir='ltr'><strong>tutius</strong></span> <span class='ocrx_word' id='word_1_266' title='bbox 463 3993 591 4037; x_wconf 92' lang='lat' dir='ltr'><strong>non</strong></span> <span class='ocrx_word' id='word_1_267' title='bbox 633 3973 992 4034; x_wconf 77' lang='lat' dir='ltr'><strong>militarent.</strong></span> <span class='ocrx_word' id='word_1_268' title='bbox 1027 3971 1418 4048; x_wconf 82' lang='lat' dir='ltr'><strong>Consequens</strong></span> <span class='ocrx_word' id='word_1_269' title='bbox 1444 3973 1653 4028; x_wconf 86' lang='lat' dir='ltr'><strong>autem</strong></span> <span class='ocrx_word' id='word_1_270' title='bbox 1701 3972 1791 4026; x_wconf 86' lang='lat' dir='ltr'><strong>est</strong></span> 
     </span>
     <span class='ocr_line' id='line_1_40' title="bbox 227 4059 1791 4142; baseline -0.008 -12"><span class='ocrx_word' id='word_1_271' title='bbox 227 4076 445 4130; x_wconf 82' lang='lat' dir='ltr'><strong>contra</strong></span> <span class='ocrx_word' id='word_1_272' title='bbox 471 4069 729 4128; x_wconf 90' lang='lat' dir='ltr'><strong>omnem&#39;</strong></span> <span class='ocrx_word' id='word_1_273' title='bbox 751 4083 1012 4140; x_wconf 88' lang='lat' dir='ltr'><strong>morem,</strong></span> <span class='ocrx_word' id='word_1_274' title='bbox 1045 4063 1286 4142; x_wconf 79' lang='lat' dir='ltr'><strong>aliaque</strong></span> <span class='ocrx_word' id='word_1_275' title='bbox 1313 4061 1622 4142; x_wconf 58' lang='lat' dir='ltr'><strong>,obligatio</strong></span> <span class='ocrx_word' id='word_1_276' title='bbox 1653 4059 1791 4138; x_wconf 81' lang='lat' dir='ltr'><strong>per·</strong></span> 
     </span>
     <span class='ocr_line' id='line_1_41' title="bbox 229 4153 1790 4239; baseline -0.008 -15"><span class='ocrx_word' id='word_1_277' title='bbox 229 4163 464 4224; x_wconf 83' lang='lat' dir='ltr'><strong>niciosa</strong></span> <span class='ocrx_word' id='word_1_278' title='bbox 485 4167 640 4223; x_wconf 88' lang='lat' dir='ltr'><strong>esset</strong></span> <span class='ocrx_word' id='word_1_279' title='bbox 659 4158 1032 4239; x_wconf 74' lang='lat' dir='ltr'><strong>reipublicae.</strong></span> <span class='ocrx_word' id='word_1_280' title='bbox 1061 4157 1292 4227; x_wconf 85' lang='lat' dir='ltr'><strong>Tertio,</strong></span> <span class='ocrx_word' id='word_1_281' title='bbox 1321 4154 1373 4214; x_wconf 87' lang='lat' dir='ltr'><strong>si</strong></span> <span class='ocrx_word' id='word_1_282' title='bbox 1407 4153 1790 4233; x_wconf 87' lang='lat' dir='ltr'><strong>stipendiarii</strong></span> 
     </span>
     <span class='ocr_line' id='line_1_42' title="bbox 231 4245 1792 4336; baseline -0.007 -20"><span class='ocrx_word' id='word_1_283' title='bbox 231 4255 514 4336; x_wconf 89' lang='lat' dir='ltr'><strong>perpetui</strong></span> <span class='ocrx_word' id='word_1_284' title='bbox 546 4260 689 4315; x_wconf 86' lang='lat' dir='ltr'><strong>aute</strong></span> <span class='ocrx_word' id='word_1_285' title='bbox 715 4261 958 4331; x_wconf 86' lang='lat' dir='ltr'><strong>tempus</strong></span> <span class='ocrx_word' id='word_1_286' title='bbox 996 4249 1142 4311; x_wconf 87' lang='lat' dir='ltr'><strong>belli</strong></span> <span class='ocrx_word' id='word_1_287' title='bbox 1170 4252 1508 4329; x_wconf 87' lang='lat' dir='ltr'><strong>potuerunt</strong></span> <span class='ocrx_word' id='word_1_288' title='bbox 1548 4264 1612 4307; x_wconf 89' lang='lat' dir='ltr'><strong>se</strong></span> <span class='ocrx_word' id='word_1_289' title='bbox 1639 4245 1792 4306; x_wconf 90' lang='lat' dir='ltr'><strong>obli·</strong></span> 
     </span>
     <span class='ocr_line' id='line_1_43' title="bbox 232 4339 1790 4428; baseline -0.008 -17"><span class='ocrx_word' id='word_1_290' title='bbox 232 4367 384 4428; x_wconf 83' lang='lat' dir='ltr'><strong>gare</strong></span> <span class='ocrx_word' id='word_1_291' title='bbox 430 4349 508 4410; x_wconf 83' lang='lat' dir='ltr'><strong>ad</strong></span> <span class='ocrx_word' id='word_1_292' title='bbox 553 4345 973 4421; x_wconf 85' lang='lat' dir='ltr'><strong>militandum,</strong></span> <span class='ocrx_word' id='word_1_293' title='bbox 1037 4345 1222 4406; x_wconf 88' lang='lat' dir='ltr'><strong>etiam</strong></span> <span class='ocrx_word' id='word_1_294' title='bbox 1267 4343 1334 4402; x_wconf 91' lang='lat' dir='ltr'><strong>in</strong></span> <span class='ocrx_word' id='word_1_295' title='bbox 1389 4359 1534 4402; x_wconf 86' lang='lat' dir='ltr'><strong>casu</strong></span> <span class='ocrx_word' id='word_1_296' title='bbox 1575 4339 1790 4414; x_wconf 88' lang='lat' dir='ltr'><strong>dubio,</strong></span> 
     </span>
     <span class='ocr_line' id='line_1_44' title="bbox 231 4434 1794 4506; baseline -0.008 0"><span class='ocrx_word' id='word_1_297' title='bbox 231 4443 661 4506; x_wconf 86' lang='lat' dir='ltr'><strong>transferendo</strong></span> <span class='ocrx_word' id='word_1_298' title='bbox 689 4459 865 4502; x_wconf 83' lang='lat' dir='ltr'><strong>suam</strong></span> <span class='ocrx_word' id='word_1_299' title='bbox 907 4439 1346 4500; x_wconf 86' lang='lat' dir='ltr'><strong>conscientiam</strong></span> <span class='ocrx_word' id='word_1_300' title='bbox 1385 4437 1452 4497; x_wconf 90' lang='lat' dir='ltr'><strong>in</strong></span> <span class='ocrx_word' id='word_1_301' title='bbox 1481 4434 1794 4496; x_wconf 86' lang='lat' dir='ltr'><strong>eonscien-</strong></span> 
     </span>
     <span class='ocr_line' id='line_1_45' title="bbox 231 4529 1794 4619; baseline -0.008 -20"><span class='ocrx_word' id='word_1_302' title='bbox 231 4541 389 4600; x_wconf 85' lang='lat' dir='ltr'><strong>tiam</strong></span> <span class='ocrx_word' id='word_1_303' title='bbox 424 4537 740 4619; x_wconf 76' lang='lat' dir='ltr'><strong>principiS,</strong></span> <span class='ocrx_word' id='word_1_304' title='bbox 797 4553 910 4595; x_wconf 89' lang='lat' dir='ltr'><strong>cur</strong></span> <span class='ocrx_word' id='word_1_305' title='bbox 951 4551 1082 4594; x_wconf 88' lang='lat' dir='ltr'><strong>non</strong></span> <span class='ocrx_word' id='word_1_306' title='bbox 1120 4537 1410 4612; x_wconf 84' lang='lat' dir='ltr'><strong>poterunt</strong></span> <span class='ocrx_word' id='word_1_307' title='bbox 1459 4529 1524 4590; x_wconf 91' lang='lat' dir='ltr'><strong>id</strong></span> <span class='ocrx_word' id='word_1_308' title='bbox 1569 4530 1794 4603; x_wconf 86' lang='lat' dir='ltr'><strong>facere,</strong></span> 
     </span>
     <span class='ocr_line' id='line_1_46' title="bbox 234 4622 1796 4712; baseline -0.009 -19"><span class='ocrx_word' id='word_1_309' title='bbox 234 4633 345 4712; x_wconf 89' lang='lat' dir='ltr'><strong>qui</strong></span> <span class='ocrx_word' id='word_1_310' title='bbox 385 4632 697 4712; x_wconf 86' lang='lat' dir='ltr'><strong>accipiunt</strong></span> <span class='ocrx_word' id='word_1_311' title='bbox 723 4627 1099 4708; x_wconf 88' lang='lat' dir='ltr'><strong>stipendium</strong></span> <span class='ocrx_word' id='word_1_312' title='bbox 1123 4627 1188 4686; x_wconf 91' lang='lat' dir='ltr'><strong>in</strong></span> <span class='ocrx_word' id='word_1_313' title='bbox 1224 4624 1369 4685; x_wconf 92' lang='lat' dir='ltr'><strong>belli</strong></span> <span class='ocrx_word' id='word_1_314' title='bbox 1393 4623 1612 4684; x_wconf 76' lang='lat' dir='ltr'><strong>initio?</strong></span> <span class='ocrx_word' id='word_1_315' title='bbox 1641 4622 1796 4682; x_wconf 86' lang='lat' dir='ltr'><strong>Nam</strong></span> 
     </span>
     <span class='ocr_line' id='line_1_47' title="bbox 237 4719 1799 4801; baseline -0.008 -16"><span class='ocrx_word' id='word_1_316' title='bbox 237 4724 557 4785; x_wconf 78' lang='lat' dir='ltr'><strong>moraliter</strong></span> <span class='ocrx_word' id='word_1_317' title='bbox 597 4721 874 4801; x_wconf 88' lang='lat' dir='ltr'><strong>ejusdem</strong></span> <span class='ocrx_word' id='word_1_318' title='bbox 923 4719 1178 4780; x_wconf 84' lang='lat' dir='ltr'><strong>rationis</strong></span> <span class='ocrx_word' id='word_1_319' title='bbox 1221 4722 1311 4780; x_wconf 87' lang='lat' dir='ltr'><strong>est</strong></span> <span class='ocrx_word' id='word_1_320' title='bbox 1363 4733 1645 4777; x_wconf 83' lang='lat' dir='ltr'><strong>exercere</strong></span> <span class='ocrx_word' id='word_1_321' title='bbox 1701 4731 1799 4773; x_wconf 82' lang='lat' dir='ltr'><strong>ac·</strong></span> 
     </span>
     <span class='ocr_line' id='line_1_48' title="bbox 235 4809 1800 4893; baseline -0.009 -14"><span class='ocrx_word' id='word_1_322' title='bbox 235 4826 396 4892; x_wconf 88' lang='lat' dir='ltr'><strong>tum,</strong></span> <span class='ocrx_word' id='word_1_323' title='bbox 430 4824 491 4877; x_wconf 81' lang='lat' dir='ltr'><strong>et</strong></span> <span class='ocrx_word' id='word_1_324' title='bbox 517 4815 794 4893; x_wconf 82' lang='lat' dir='ltr'><strong>obligare</strong></span> <span class='ocrx_word' id='word_1_325' title='bbox 836 4831 900 4874; x_wconf 90' lang='lat' dir='ltr'><strong>se</strong></span> <span class='ocrx_word' id='word_1_326' title='bbox 941 4813 1020 4872; x_wconf 86' lang='lat' dir='ltr'><strong>ad</strong></span> <span class='ocrx_word' id='word_1_327' title='bbox 1057 4809 1490 4872; x_wconf 79' lang='lat' dir='ltr'><strong>exercendum.</strong></span> <span class='ocrx_word' id='word_1_328' title='bbox 1545 4809 1621 4868; x_wconf 87' lang='lat' dir='ltr'><strong>Et</strong></span> <span class='ocrx_word' id='word_1_329' title='bbox 1655 4823 1800 4866; x_wconf 89' lang='grc'><strong>000-</strong></span> 
     </span>
     <span class='ocr_line' id='line_1_49' title="bbox 235 4899 1800 4989; baseline -0.009 -17"><span class='ocrx_word' id='word_1_330' title='bbox 235 4911 552 4987; x_wconf 86' lang='lat' dir='ltr'><strong>firmatur,</strong></span> <span class='ocrx_word' id='word_1_331' title='bbox 588 4909 757 4989; x_wconf 88' lang='lat' dir='ltr'><strong>quia,</strong></span> <span class='ocrx_word' id='word_1_332' title='bbox 787 4908 944 4967; x_wconf 85' lang='lat' dir='ltr'><strong>sicut</strong></span> <span class='ocrx_word' id='word_1_333' title='bbox 981 4923 1105 4966; x_wconf 88' lang='lat' dir='ltr'><strong>non</strong></span> <span class='ocrx_word' id='word_1_334' title='bbox 1136 4905 1280 4964; x_wconf 89' lang='lat' dir='ltr'><strong>licet</strong></span> <span class='ocrx_word' id='word_1_335' title='bbox 1311 4904 1401 4963; x_wconf 89' lang='lat' dir='ltr'><strong>ire</strong></span> <span class='ocrx_word' id='word_1_336' title='bbox 1432 4901 1514 4962; x_wconf 83' lang='lat' dir='ltr'><strong>ad</strong></span> <span class='ocrx_word' id='word_1_337' title='bbox 1561 4899 1800 4960; x_wconf 87' lang='lat' dir='ltr'><strong>bellum</strong></span> 
     </span>
     <span class='ocr_line' id='line_1_50' title="bbox 237 4993 1800 5084; baseline -0.009 -18"><span class='ocrx_word' id='word_1_338' title='bbox 237 5007 568 5084; x_wconf 88' lang='lat' dir='ltr'><strong>injustum,</strong></span> <span class='ocrx_word' id='word_1_339' title='bbox 600 5003 688 5062; x_wconf 83' lang='lat' dir='ltr'><strong>ita</strong></span> <span class='ocrx_word' id='word_1_340' title='bbox 719 5019 833 5062; x_wconf 88' lang='lat' dir='ltr'><strong>uec</strong></span> <span class='ocrx_word' id='word_1_341' title='bbox 866 4999 1140 5078; x_wconf 83' lang='lat' dir='ltr'><strong>obligare</strong></span> <span class='ocrx_word' id='word_1_342' title='bbox 1169 5016 1232 5058; x_wconf 89' lang='lat' dir='ltr'><strong>se</strong></span> <span class='ocrx_word' id='word_1_343' title='bbox 1279 4995 1356 5056; x_wconf 88' lang='lat' dir='ltr'><strong>ad</strong></span> <span class='ocrx_word' id='word_1_344' title='bbox 1400 4993 1800 5055; x_wconf 82' lang='lat' dir='ltr'><strong>militandum</strong></span> 
     </span>
     <span class='ocr_line' id='line_1_51' title="bbox 240 5085 1799 5172; baseline -0.01 -14"><span class='ocrx_word' id='word_1_345' title='bbox 240 5099 308 5158; x_wconf 91' lang='lat' dir='ltr'><strong>in</strong></span> <span class='ocrx_word' id='word_1_346' title='bbox 359 5096 521 5158; x_wconf 91' lang='lat' dir='ltr'><strong>bello</strong></span> <span class='ocrx_word' id='word_1_347' title='bbox 577 5095 683 5156; x_wconf 91' lang='grc'><strong>1110</strong></span> <span class='ocrx_word' id='word_1_348' title='bbox 699 5111 721 5171; x_wconf 86' lang='grc'>;</span> <span class='ocrx_word' id='word_1_349' title='bbox 761 5111 962 5172; x_wconf 91' lang='lat' dir='ltr'><strong>neque</strong></span> <span class='ocrx_word' id='word_1_350' title='bbox 1007 5092 1195 5152; x_wconf 87' lang='lat' dir='ltr'><strong>etiam</strong></span> <span class='ocrx_word' id='word_1_351' title='bbox 1269 5089 1347 5149; x_wconf 86' lang='lat' dir='ltr'><strong>ad</strong></span> <span class='ocrx_word' id='word_1_352' title='bbox 1403 5085 1799 5147; x_wconf 86' lang='lat' dir='ltr'><strong>militandum</strong></span> 
     </span>
     <span class='ocr_line' id='line_1_52' title="bbox 239 5177 1800 5260; baseline -0.008 -10"><span class='ocrx_word' id='word_1_353' title='bbox 239 5189 668 5251; x_wconf 85' lang='lat' dir='ltr'><strong>indifferenter</strong></span> <span class='ocrx_word' id='word_1_354' title='bbox 695 5189 763 5247; x_wconf 88' lang='lat' dir='ltr'><strong>in</strong></span> <span class='ocrx_word' id='word_1_355' title='bbox 802 5185 974 5246; x_wconf 89' lang='lat' dir='ltr'><strong>omni</strong></span> <span class='ocrx_word' id='word_1_356' title='bbox 1015 5183 1178 5244; x_wconf 87' lang='lat' dir='ltr'><strong>bello</strong></span> <span class='ocrx_word' id='word_1_357' title='bbox 1196 5228 1216 5259; x_wconf 89' lang='lat'><em>‚</em></span> <span class='ocrx_word' id='word_1_358' title='bbox 1246 5183 1379 5243; x_wconf 80' lang='lat' dir='ltr'><strong>sive</strong></span> <span class='ocrx_word' id='word_1_359' title='bbox 1432 5181 1616 5260; x_wconf 80' lang='lat' dir='ltr'><strong>just0,</strong></span> <span class='ocrx_word' id='word_1_360' title='bbox 1668 5177 1800 5238; x_wconf 80' lang='lat' dir='ltr'><strong>sive</strong></span> 
     </span>
     <span class='ocr_line' id='line_1_53' title="bbox 237 5271 1797 5362; baseline -0.01 -19"><span class='ocrx_word' id='word_1_361' title='bbox 237 5284 516 5362; x_wconf 85' lang='lat' dir='ltr'><strong>injust03</strong></span> <span class='ocrx_word' id='word_1_362' title='bbox 547 5287 610 5342; x_wconf 91' lang='lat' dir='ltr'><strong>et</strong></span> <span class='ocrx_word' id='word_1_363' title='bbox 637 5281 753 5341; x_wconf 89' lang='grc'><strong>1100</strong></span> <span class='ocrx_word' id='word_1_364' title='bbox 781 5279 945 5355; x_wconf 91' lang='lat' dir='ltr'><strong>ideo,</strong></span> <span class='ocrx_word' id='word_1_365' title='bbox 975 5279 1122 5358; x_wconf 85' lang='lat' dir='ltr'><strong>quia</strong></span> <span class='ocrx_word' id='word_1_366' title='bbox 1171 5275 1438 5335; x_wconf 87' lang='lat' dir='ltr'><strong>militare</strong></span> <span class='ocrx_word' id='word_1_367' title='bbox 1468 5274 1533 5332; x_wconf 88' lang='lat' dir='ltr'><strong>in</strong></span> <span class='ocrx_word' id='word_1_368' title='bbox 1563 5271 1797 5348; x_wconf 88' lang='lat' dir='ltr'><strong>injusto</strong></span> 
     </span>
     <span class='ocr_line' id='line_1_54' title="bbox 240 5363 1800 5453; baseline -0.01 -15"><span class='ocrx_word' id='word_1_369' title='bbox 240 5377 405 5440; x_wconf 88' lang='lat' dir='ltr'><strong>bello</strong></span> <span class='ocrx_word' id='word_1_370' title='bbox 433 5383 526 5436; x_wconf 90' lang='lat' dir='ltr'><strong>est</strong></span> <span class='ocrx_word' id='word_1_371' title='bbox 565 5376 866 5453; x_wconf 86' lang='lat' dir='ltr'><strong>injustum</strong></span> <span class='ocrx_word' id='word_1_372' title='bbox 883 5394 899 5448; x_wconf 84' lang='lat'><em>3</em></span> <span class='ocrx_word' id='word_1_373' title='bbox 925 5387 1096 5450; x_wconf 80' lang='lat' dir='ltr'><strong>ergo,</strong></span> <span class='ocrx_word' id='word_1_374' title='bbox 1127 5387 1164 5429; x_wconf 84' lang='lat' dir='ltr'><strong>a</strong></span> <span class='ocrx_word' id='word_1_375' title='bbox 1191 5367 1521 5441; x_wconf 83' lang='lat' dir='ltr'><strong>contrario,</strong></span> <span class='ocrx_word' id='word_1_376' title='bbox 1555 5364 1608 5425; x_wconf 88' lang='lat' dir='ltr'><strong>si</strong></span> <span class='ocrx_word' id='word_1_377' title='bbox 1651 5363 1800 5424; x_wconf 87' lang='lat' dir='ltr'><strong>licet</strong></span> 
     </span>
     <span class='ocr_line' id='line_1_55' title="bbox 242 5461 1798 5546; baseline -0.009 -15"><span class='ocrx_word' id='word_1_378' title='bbox 242 5489 308 5532; x_wconf 91' lang='lat' dir='ltr'><strong>se</strong></span> <span class='ocrx_word' id='word_1_379' title='bbox 367 5469 641 5546; x_wconf 85' lang='lat' dir='ltr'><strong>obligare</strong></span> <span class='ocrx_word' id='word_1_380' title='bbox 697 5469 762 5527; x_wconf 90' lang='lat' dir='ltr'><strong>in</strong></span> <span class='ocrx_word' id='word_1_381' title='bbox 819 5466 982 5528; x_wconf 90' lang='lat' dir='ltr'><strong>bello</strong></span> <span class='ocrx_word' id='word_1_382' title='bbox 1019 5463 1232 5537; x_wconf 85' lang='lat' dir='ltr'><strong>dubio,</strong></span> <span class='ocrx_word' id='word_1_383' title='bbox 1274 5461 1493 5540; x_wconf 69' lang='lat' dir='ltr'><strong>viniqua</strong></span> <span class='ocrx_word' id='word_1_384' title='bbox 1521 5475 1652 5519; x_wconf 79' lang='lat' dir='ltr'><strong>non</strong></span> <span class='ocrx_word' id='word_1_385' title='bbox 1705 5462 1798 5518; x_wconf 86' lang='lat' dir='ltr'><strong>est</strong></span> 
     </span>
     <span class='ocr_line' id='line_1_56' title="bbox 241 5551 1802 5643; baseline -0.01 -16"><span class='ocrx_word' id='word_1_386' title='bbox 241 5565 379 5627; x_wconf 85' lang='lat' dir='ltr'><strong>talis</strong></span> <span class='ocrx_word' id='word_1_387' title='bbox 402 5562 737 5643; x_wconf 81' lang='lat' dir='ltr'><strong>obligati03</strong></span> <span class='ocrx_word' id='word_1_388' title='bbox 773 5579 922 5640; x_wconf 81' lang='lat' dir='ltr'><strong>ergo</strong></span> <span class='ocrx_word' id='word_1_389' title='bbox 939 5559 1072 5622; x_wconf 88' lang='lat' dir='ltr'><strong>sine</strong></span> <span class='ocrx_word' id='word_1_390' title='bbox 1097 5557 1226 5618; x_wconf 87' lang='lat' dir='ltr'><strong>ulla</strong></span> <span class='ocrx_word' id='word_1_391' title='bbox 1256 5553 1620 5640; x_wconf 65' lang='lat' dir='ltr'><strong>praecedenti</strong></span> <span class='ocrx_word' id='word_1_392' title='bbox 1647 5551 1802 5613; x_wconf 89' lang='lat' dir='ltr'><strong>obli-</strong></span> 
     </span>
    </p>
   </div>
   <div class='ocr_carea' id='block_1_3' title="bbox 3312 365 3478 472">
    <p class='ocr_par' dir='ltr' id='par_1_4' title="bbox 3312 365 3478 472">
     <span class='ocr_line' id='line_1_57' title="bbox 3312 365 3478 472; baseline 0.012 -2"><span class='ocrx_word' id='word_1_393' title='bbox 3312 411 3422 472; x_wconf 75' lang='grc'><strong>151</strong></span> <span class='ocrx_word' id='word_1_394' title='bbox 3470 365 3478 372; x_wconf 58' lang='grc'>’</span> 
     </span>
    </p>
   </div>
   <div class='ocr_carea' id='block_1_4' title="bbox 1868 514 3445 5628">
    <p class='ocr_par' dir='ltr' id='par_1_5' title="bbox 1868 514 3437 3953">
     <span class='ocr_line' id='line_1_58' title="bbox 1868 514 3431 597; baseline 0.002 -22"><span class='ocrx_word' id='word_1_395' title='bbox 1868 515 2117 595; x_wconf 79' lang='lat' dir='ltr'><strong>gatione</strong></span> <span class='ocrx_word' id='word_1_396' title='bbox 2137 514 2343 576; x_wconf 86' lang='lat' dir='ltr'><strong>licebit</strong></span> <span class='ocrx_word' id='word_1_397' title='bbox 2369 520 2618 597; x_wconf 83' lang='lat' dir='ltr'><strong>propter</strong></span> <span class='ocrx_word' id='word_1_398' title='bbox 2636 514 3009 593; x_wconf 87' lang='lat' dir='ltr'><strong>stipendium</strong></span> <span class='ocrx_word' id='word_1_399' title='bbox 3038 515 3143 576; x_wconf 89' lang='lat' dir='ltr'><strong>hic</strong></span> <span class='ocrx_word' id='word_1_400' title='bbox 3168 521 3230 576; x_wconf 90' lang='lat' dir='ltr'><strong>et</strong></span> <span class='ocrx_word' id='word_1_401' title='bbox 3262 533 3431 578; x_wconf 88' lang='lat' dir='ltr'><strong>nunc</strong></span> 
     </span>
     <span class='ocr_line' id='line_1_59' title="bbox 1871 607 3431 688; baseline 0.001 -19"><span class='ocrx_word' id='word_1_402' title='bbox 1871 609 1934 669; x_wconf 92' lang='lat' dir='ltr'><strong>id</strong></span> <span class='ocrx_word' id='word_1_403' title='bbox 1976 609 2209 686; x_wconf 80' lang='lat' dir='ltr'><strong>facere3</strong></span> <span class='ocrx_word' id='word_1_404' title='bbox 2236 627 2437 688; x_wconf 87' lang='lat' dir='ltr'><strong>neque</strong></span> <span class='ocrx_word' id='word_1_405' title='bbox 2473 625 2621 668; x_wconf 82' lang='lat' dir='ltr'><strong>vero</strong></span> <span class='ocrx_word' id='word_1_406' title='bbox 2672 607 2943 668; x_wconf 88' lang='lat' dir='ltr'><strong>multum</strong></span> <span class='ocrx_word' id='word_1_407' title='bbox 2998 607 3228 670; x_wconf 86' lang='lat' dir='ltr'><strong>referre</strong></span> <span class='ocrx_word' id='word_1_408' title='bbox 3259 610 3431 671; x_wconf 82' lang='lat' dir='ltr'><strong>vide-</strong></span> 
     </span>
     <span class='ocr_line' id='line_1_60' title="bbox 1872 699 3431 782; baseline 0.001 -20"><span class='ocrx_word' id='word_1_409' title='bbox 1872 709 1979 762; x_wconf 88' lang='lat' dir='ltr'><strong>tur</strong></span> <span class='ocrx_word' id='word_1_410' title='bbox 2000 702 2165 782; x_wconf 90' lang='lat' dir='ltr'><strong>quod</strong></span> <span class='ocrx_word' id='word_1_411' title='bbox 2182 704 2314 780; x_wconf 76' lang='lat' dir='ltr'><strong>Jam</strong></span> <span class='ocrx_word' id='word_1_412' title='bbox 2343 708 2527 764; x_wconf 81' lang='lat' dir='ltr'><strong>antea</strong></span> <span class='ocrx_word' id='word_1_413' title='bbox 2554 699 2917 762; x_wconf 85' lang='lat' dir='ltr'><strong>censebatur</strong></span> <span class='ocrx_word' id='word_1_414' title='bbox 2942 702 3247 780; x_wconf 76' lang='lat' dir='ltr'><strong>quispiam</strong></span> <span class='ocrx_word' id='word_1_415' title='bbox 3285 701 3431 764; x_wconf 85' lang='lat' dir='ltr'><strong>sub-</strong></span> 
     </span>
     <span class='ocr_line' id='line_1_61' title="bbox 1876 794 3431 874; baseline 0 -19"><span class='ocrx_word' id='word_1_416' title='bbox 1876 796 2041 855; x_wconf 90' lang='lat' dir='ltr'><strong>ditus</strong></span> <span class='ocrx_word' id='word_1_417' title='bbox 2077 797 2317 856; x_wconf 85' lang='lat' dir='ltr'><strong>ratione</strong></span> <span class='ocrx_word' id='word_1_418' title='bbox 2337 794 2649 874; x_wconf 85' lang='lat' dir='ltr'><strong>stipendii.</strong></span> <span class='ocrx_word' id='word_1_419' title='bbox 2676 794 2953 873; x_wconf 84' lang='lat' dir='ltr'><strong>Namque</strong></span> <span class='ocrx_word' id='word_1_420' title='bbox 2972 794 3139 854; x_wconf 90' lang='lat' dir='ltr'><strong>idem</strong></span> <span class='ocrx_word' id='word_1_421' title='bbox 3174 795 3295 855; x_wconf 89' lang='lat' dir='ltr'><strong>dici</strong></span> <span class='ocrx_word' id='word_1_422' title='bbox 3323 813 3431 874; x_wconf 91' lang='lat' dir='ltr'><strong>po·</strong></span> 
     </span>
     <span class='ocr_line' id='line_1_62' title="bbox 1874 887 3430 966; baseline -0.001 -17"><span class='ocrx_word' id='word_1_423' title='bbox 1874 888 2041 963; x_wconf 89' lang='lat' dir='ltr'><strong>terit,</strong></span> <span class='ocrx_word' id='word_1_424' title='bbox 2074 889 2125 949; x_wconf 88' lang='lat' dir='ltr'><strong>si</strong></span> <span class='ocrx_word' id='word_1_425' title='bbox 2166 894 2521 948; x_wconf 80' lang='lat' dir='ltr'><strong>contractus</strong></span> <span class='ocrx_word' id='word_1_426' title='bbox 2556 887 2667 947; x_wconf 85' lang='lat' dir='ltr'><strong>fiat</strong></span> <span class='ocrx_word' id='word_1_427' title='bbox 2706 905 2849 947; x_wconf 90' lang='lat' dir='ltr'><strong>cum</strong></span> <span class='ocrx_word' id='word_1_428' title='bbox 2892 888 3021 966; x_wconf 89' lang='lat' dir='ltr'><strong>jam</strong></span> <span class='ocrx_word' id='word_1_429' title='bbox 3066 888 3253 948; x_wconf 89' lang='lat' dir='ltr'><strong>instat</strong></span> <span class='ocrx_word' id='word_1_430' title='bbox 3301 888 3430 948; x_wconf 90' lang='lat' dir='ltr'><strong>bel-</strong></span> 
     </span>
     <span class='ocr_line' id='line_1_63' title="bbox 1873 979 3430 1058; baseline -0.001 -17"><span class='ocrx_word' id='word_1_431' title='bbox 1873 981 2031 1055; x_wconf 89' lang='lat' dir='ltr'><strong>lum,</strong></span> <span class='ocrx_word' id='word_1_432' title='bbox 2070 999 2209 1041; x_wconf 88' lang='lat' dir='ltr'><strong>cum</strong></span> <span class='ocrx_word' id='word_1_433' title='bbox 2244 987 2392 1040; x_wconf 89' lang='lat' dir='ltr'><strong>tunc</strong></span> <span class='ocrx_word' id='word_1_434' title='bbox 2422 981 2611 1040; x_wconf 88' lang='lat' dir='ltr'><strong>etiam</strong></span> <span class='ocrx_word' id='word_1_435' title='bbox 2650 979 2878 1040; x_wconf 87' lang='lat' dir='ltr'><strong>milites</strong></span> <span class='ocrx_word' id='word_1_436' title='bbox 2918 997 2981 1039; x_wconf 87' lang='lat' dir='ltr'><strong>se</strong></span> <span class='ocrx_word' id='word_1_437' title='bbox 3030 979 3307 1058; x_wconf 80' lang='lat' dir='ltr'><strong>obligant</strong></span> <span class='ocrx_word' id='word_1_438' title='bbox 3351 981 3430 1041; x_wconf 90' lang='lat' dir='ltr'><strong>ad</strong></span> 
     </span>
     <span class='ocr_line' id='line_1_64' title="bbox 1873 1071 3432 1152; baseline -0.001 -18"><span class='ocrx_word' id='word_1_439' title='bbox 1873 1074 2289 1135; x_wconf 88' lang='lat' dir='ltr'><strong>obediendum</strong></span> <span class='ocrx_word' id='word_1_440' title='bbox 2320 1074 2387 1134; x_wconf 93' lang='lat' dir='ltr'><strong>in</strong></span> <span class='ocrx_word' id='word_1_441' title='bbox 2416 1071 2731 1147; x_wconf 80' lang='lat' dir='ltr'><strong>omnibuS,</strong></span> <span class='ocrx_word' id='word_1_442' title='bbox 2763 1071 2826 1131; x_wconf 92' lang='lat' dir='ltr'><strong>in</strong></span> <span class='ocrx_word' id='word_1_443' title='bbox 2857 1071 3082 1151; x_wconf 89' lang='lat' dir='ltr'><strong>quibus</strong></span> <span class='ocrx_word' id='word_1_444' title='bbox 3104 1073 3269 1133; x_wconf 85' lang='lat' dir='ltr'><strong>licite</strong></span> <span class='ocrx_word' id='word_1_445' title='bbox 3298 1091 3432 1152; x_wconf 81' lang='lat' dir='ltr'><strong>pos-</strong></span> 
     </span>
     <span class='ocr_line' id='line_1_65' title="bbox 1873 1163 3432 1246; baseline -0.001 -18"><span class='ocrx_word' id='word_1_446' title='bbox 1873 1172 2039 1241; x_wconf 85' lang='lat' dir='ltr'><strong>sunt,</strong></span> <span class='ocrx_word' id='word_1_447' title='bbox 2068 1174 2129 1228; x_wconf 90' lang='lat' dir='ltr'><strong>et</strong></span> <span class='ocrx_word' id='word_1_448' title='bbox 2155 1166 2320 1246; x_wconf 87' lang='lat' dir='ltr'><strong>quod</strong></span> <span class='ocrx_word' id='word_1_449' title='bbox 2367 1165 2501 1227; x_wconf 84' lang='lat' dir='ltr'><strong>haec</strong></span> <span class='ocrx_word' id='word_1_450' title='bbox 2528 1163 2822 1243; x_wconf 75' lang='lat' dir='ltr'><strong>obligatio</strong></span> <span class='ocrx_word' id='word_1_451' title='bbox 2850 1169 3274 1240; x_wconf 69' lang='lat' dir='ltr'><strong>antecesserit,</strong></span> <span class='ocrx_word' id='word_1_452' title='bbox 3330 1164 3432 1226; x_wconf 82' lang='lat' dir='ltr'><strong>vel</strong></span> 
     </span>
     <span class='ocr_line' id='line_1_66' title="bbox 1874 1257 3424 1340; baseline -0.002 -19"><span class='ocrx_word' id='word_1_453' title='bbox 1874 1259 2039 1340; x_wconf 86' lang='lat' dir='ltr'><strong>quod</strong></span> <span class='ocrx_word' id='word_1_454' title='bbox 2070 1277 2235 1320; x_wconf 88' lang='lat' dir='ltr'><strong>nunc</strong></span> <span class='ocrx_word' id='word_1_455' title='bbox 2274 1258 2403 1335; x_wconf 82' lang='lat' dir='ltr'><strong>fiat,</strong></span> <span class='ocrx_word' id='word_1_456' title='bbox 2448 1257 2607 1318; x_wconf 87' lang='lat' dir='ltr'><strong>nihil</strong></span> <span class='ocrx_word' id='word_1_457' title='bbox 2664 1257 2919 1318; x_wconf 85' lang='lat' dir='ltr'><strong>interest</strong></span> <span class='ocrx_word' id='word_1_458' title='bbox 2970 1257 3049 1318; x_wconf 87' lang='lat' dir='ltr'><strong>ad</strong></span> <span class='ocrx_word' id='word_1_459' title='bbox 3092 1259 3424 1335; x_wconf 87' lang='lat' dir='ltr'><strong>justitiam.</strong></span> 
     </span>
     <span class='ocr_line' id='line_1_67' title="bbox 1875 1350 3435 1430; baseline -0.002 -16"><span class='ocrx_word' id='word_1_460' title='bbox 1875 1355 2127 1430; x_wconf 85' lang='lat' dir='ltr'><strong>Quart0,</strong></span> <span class='ocrx_word' id='word_1_461' title='bbox 2154 1354 2219 1414; x_wconf 90' lang='lat' dir='ltr'><strong>in</strong></span> <span class='ocrx_word' id='word_1_462' title='bbox 2246 1353 2432 1413; x_wconf 86' lang='lat' dir='ltr'><strong>simili</strong></span> <span class='ocrx_word' id='word_1_463' title='bbox 2460 1352 2669 1426; x_wconf 87' lang='lat' dir='ltr'><strong>dubio,</strong></span> <span class='ocrx_word' id='word_1_464' title='bbox 2702 1352 2845 1412; x_wconf 85' lang='lat' dir='ltr'><strong>licet</strong></span> <span class='ocrx_word' id='word_1_465' title='bbox 2878 1350 3255 1429; x_wconf 83' lang='lat' dir='ltr'><strong>quibuslibet</strong></span> <span class='ocrx_word' id='word_1_466' title='bbox 3285 1369 3435 1412; x_wconf 82' lang='lat' dir='ltr'><strong>ven-</strong></span> 
     </span>
     <span class='ocr_line' id='line_1_68' title="bbox 1877 1444 3429 1524; baseline -0.003 -15"><span class='ocrx_word' id='word_1_467' title='bbox 1877 1449 2023 1509; x_wconf 89' lang='lat' dir='ltr'><strong>dere</strong></span> <span class='ocrx_word' id='word_1_468' title='bbox 2063 1463 2235 1507; x_wconf 84' lang='lat' dir='ltr'><strong>arma</strong></span> <span class='ocrx_word' id='word_1_469' title='bbox 2288 1446 2387 1506; x_wconf 87' lang='lat' dir='ltr'><strong>his</strong></span> <span class='ocrx_word' id='word_1_470' title='bbox 2425 1444 2808 1524; x_wconf 87' lang='lat' dir='ltr'><strong>principibus</strong></span> <span class='ocrx_word' id='word_1_471' title='bbox 2852 1451 3039 1522; x_wconf 86' lang='lat' dir='ltr'><strong>atque</strong></span> <span class='ocrx_word' id='word_1_472' title='bbox 3094 1444 3395 1505; x_wconf 85' lang='lat' dir='ltr'><strong>militibus</strong></span> <span class='ocrx_word' id='word_1_473' title='bbox 3407 1461 3429 1523; x_wconf 91' lang='lat'>;</span> 
     </span>
     <span class='ocr_line' id='line_1_69' title="bbox 1877 1536 3433 1620; baseline -0.001 -19"><span class='ocrx_word' id='word_1_474' title='bbox 1877 1541 1942 1601; x_wconf 92' lang='lat' dir='ltr'><strong>in</strong></span> <span class='ocrx_word' id='word_1_475' title='bbox 1986 1559 2107 1620; x_wconf 91' lang='lat' dir='ltr'><strong>quo</strong></span> <span class='ocrx_word' id='word_1_476' title='bbox 2142 1545 2353 1601; x_wconf 90' lang='lat' dir='ltr'><strong>tamen</strong></span> <span class='ocrx_word' id='word_1_477' title='bbox 2404 1539 2569 1600; x_wconf 87' lang='lat' dir='ltr'><strong>idem</strong></span> <span class='ocrx_word' id='word_1_478' title='bbox 2618 1536 2959 1616; x_wconf 84' lang='lat' dir='ltr'><strong>periculum</strong></span> <span class='ocrx_word' id='word_1_479' title='bbox 3005 1538 3303 1614; x_wconf 79' lang='lat' dir='ltr'><strong>vertitur,</strong></span> <span class='ocrx_word' id='word_1_480' title='bbox 3354 1557 3433 1599; x_wconf 91' lang='lat' dir='ltr'><strong>ne</strong></span> 
     </span>
     <span class='ocr_line' id='line_1_70' title="bbox 1877 1630 3433 1709; baseline -0.001 -16"><span class='ocrx_word' id='word_1_481' title='bbox 1877 1633 2076 1708; x_wconf 87' lang='lat' dir='ltr'><strong>cedat,</strong></span> <span class='ocrx_word' id='word_1_482' title='bbox 2128 1633 2380 1708; x_wconf 87' lang='lat' dir='ltr'><strong>scilicet,</strong></span> <span class='ocrx_word' id='word_1_483' title='bbox 2432 1631 2497 1692; x_wconf 90' lang='lat' dir='ltr'><strong>in</strong></span> <span class='ocrx_word' id='word_1_484' title='bbox 2545 1630 2841 1709; x_wconf 85' lang='lat' dir='ltr'><strong>injuriam</strong></span> <span class='ocrx_word' id='word_1_485' title='bbox 2886 1630 3283 1691; x_wconf 88' lang='lat' dir='ltr'><strong>innocentum</strong></span> <span class='ocrx_word' id='word_1_486' title='bbox 3305 1675 3323 1706; x_wconf 90' lang='lat'><strong>,</strong></span> <span class='ocrx_word' id='word_1_487' title='bbox 3379 1632 3433 1692; x_wconf 90' lang='lat' dir='ltr'><strong>si</strong></span> 
     </span>
     <span class='ocr_line' id='line_1_71' title="bbox 1877 1724 3433 1804; baseline -0.002 -17"><span class='ocrx_word' id='word_1_488' title='bbox 1877 1728 2039 1787; x_wconf 81' lang='lat' dir='ltr'><strong>sorte</strong></span> <span class='ocrx_word' id='word_1_489' title='bbox 2056 1744 2125 1787; x_wconf 91' lang='lat' dir='ltr'><strong>re</strong></span> <span class='ocrx_word' id='word_1_490' title='bbox 2156 1727 2285 1804; x_wconf 89' lang='lat' dir='ltr'><strong>ipsa</strong></span> <span class='ocrx_word' id='word_1_491' title='bbox 2314 1725 2546 1786; x_wconf 91' lang='lat' dir='ltr'><strong>bellum</strong></span> <span class='ocrx_word' id='word_1_492' title='bbox 2582 1730 2674 1785; x_wconf 85' lang='lat' dir='ltr'><strong>est</strong></span> <span class='ocrx_word' id='word_1_493' title='bbox 2700 1724 3024 1802; x_wconf 87' lang='lat' dir='ltr'><strong>injustum.</strong></span> <span class='ocrx_word' id='word_1_494' title='bbox 3056 1725 3433 1784; x_wconf 84' lang='lat' dir='ltr'><strong>Antecedens</strong></span> 
     </span>
     <span class='ocr_line' id='line_1_72' title="bbox 1877 1817 3434 1896; baseline -0.002 -16"><span class='ocrx_word' id='word_1_495' title='bbox 1877 1837 2209 1880; x_wconf 82' lang='lat' dir='ltr'><strong>commune</strong></span> <span class='ocrx_word' id='word_1_496' title='bbox 2268 1824 2381 1879; x_wconf 87' lang='lat' dir='ltr'><strong>cst.</strong></span> <span class='ocrx_word' id='word_1_497' title='bbox 2428 1817 2879 1896; x_wconf 88' lang='lat' dir='ltr'><strong>Consequentia</strong></span> <span class='ocrx_word' id='word_1_498' title='bbox 2927 1817 3245 1896; x_wconf 89' lang='lat' dir='ltr'><strong>probatur,</strong></span> <span class='ocrx_word' id='word_1_499' title='bbox 3286 1819 3434 1896; x_wconf 85' lang='lat' dir='ltr'><strong>quia.</strong></span> 
     </span>
     <span class='ocr_line' id='line_1_73' title="bbox 1873 1908 3435 1994; baseline -0.002 -21"><span class='ocrx_word' id='word_1_500' title='bbox 1873 1921 2135 1994; x_wconf 85' lang='lat' dir='ltr'><strong>uterque</strong></span> <span class='ocrx_word' id='word_1_501' title='bbox 2170 1929 2501 1973; x_wconf 79' lang='lat' dir='ltr'><strong>concursus</strong></span> <span class='ocrx_word' id='word_1_502' title='bbox 2532 1916 2624 1971; x_wconf 90' lang='lat' dir='ltr'><strong>est</strong></span> <span class='ocrx_word' id='word_1_503' title='bbox 2670 1909 2849 1969; x_wconf 87' lang='lat' dir='ltr'><strong>valde</strong></span> <span class='ocrx_word' id='word_1_504' title='bbox 2899 1908 3151 1970; x_wconf 87' lang='lat' dir='ltr'><strong>moralis</strong></span> <span class='ocrx_word' id='word_1_505' title='bbox 3204 1911 3282 1970; x_wconf 84' lang='lat' dir='ltr'><strong>ad</strong></span> <span class='ocrx_word' id='word_1_506' title='bbox 3334 1927 3435 1970; x_wconf 86' lang='lat' dir='ltr'><strong>ac-</strong></span> 
     </span>
     <span class='ocr_line' id='line_1_74' title="bbox 1875 2001 3435 2081; baseline -0.003 -15"><span class='ocrx_word' id='word_1_507' title='bbox 1875 2013 2013 2066; x_wconf 88' lang='lat' dir='ltr'><strong>tum</strong></span> <span class='ocrx_word' id='word_1_508' title='bbox 2043 2004 2212 2079; x_wconf 90' lang='lat' dir='ltr'><strong>belli,</strong></span> <span class='ocrx_word' id='word_1_509' title='bbox 2233 2011 2293 2065; x_wconf 87' lang='lat' dir='ltr'><strong>et</strong></span> <span class='ocrx_word' id='word_1_510' title='bbox 2319 2005 2462 2065; x_wconf 86' lang='lat' dir='ltr'><strong>licet</strong></span> <span class='ocrx_word' id='word_1_511' title='bbox 2487 2003 2715 2064; x_wconf 82' lang='lat' dir='ltr'><strong>milites</strong></span> <span class='ocrx_word' id='word_1_512' title='bbox 2730 2001 3187 2081; x_wconf 88' lang='lat' dir='ltr'><strong>quodammodo</strong></span> <span class='ocrx_word' id='word_1_513' title='bbox 3217 2004 3435 2062; x_wconf 87' lang='lat' dir='ltr'><strong>imme-</strong></span> 
     </span>
     <span class='ocr_line' id='line_1_75' title="bbox 1877 2095 3435 2173; baseline -0.001 -15"><span class='ocrx_word' id='word_1_514' title='bbox 1877 2099 2041 2160; x_wconf 84' lang='lat' dir='ltr'><strong>diate</strong></span> <span class='ocrx_word' id='word_1_515' title='bbox 2059 2099 2388 2158; x_wconf 85' lang='lat' dir='ltr'><strong>videantur</strong></span> <span class='ocrx_word' id='word_1_516' title='bbox 2408 2115 2794 2173; x_wconf 83' lang='lat' dir='ltr'><strong>concurrere,</strong></span> <span class='ocrx_word' id='word_1_517' title='bbox 2818 2101 3093 2156; x_wconf 84' lang='lat' dir='ltr'><strong>attamen</strong></span> <span class='ocrx_word' id='word_1_518' title='bbox 3122 2095 3435 2156; x_wconf 81' lang='lat' dir='ltr'><strong>ordinarie</strong></span> 
     </span>
     <span class='ocr_line' id='line_1_76' title="bbox 1872 2190 3418 2271; baseline -0.001 -19"><span class='ocrx_word' id='word_1_519' title='bbox 1872 2193 2071 2270; x_wconf 88' lang='lat' dir='ltr'><strong>magis</strong></span> <span class='ocrx_word' id='word_1_520' title='bbox 2116 2207 2334 2252; x_wconf 84' lang='lat' dir='ltr'><strong>nocere</strong></span> <span class='ocrx_word' id='word_1_521' title='bbox 2392 2197 2669 2270; x_wconf 88' lang='lat' dir='ltr'><strong>possunt,</strong></span> <span class='ocrx_word' id='word_1_522' title='bbox 2720 2192 2829 2271; x_wconf 84' lang='lat' dir='ltr'><strong>qui</strong></span> <span class='ocrx_word' id='word_1_523' title='bbox 2878 2190 3155 2268; x_wconf 76' lang='lat' dir='ltr'><strong>praebent</strong></span> <span class='ocrx_word' id='word_1_524' title='bbox 3222 2207 3418 2250; x_wconf 87' lang='lat' dir='ltr'><strong>arma.</strong></span> 
     </span>
     <span class='ocr_line' id='line_1_77' title="bbox 1871 2281 3435 2360; baseline -0.002 -16"><span class='ocrx_word' id='word_1_525' title='bbox 1871 2285 2121 2360; x_wconf 73' lang='lat' dir='ltr'><strong>Quium,</strong></span> <span class='ocrx_word' id='word_1_526' title='bbox 2156 2284 2397 2344; x_wconf 86' lang='lat' dir='ltr'><strong>licitum</strong></span> <span class='ocrx_word' id='word_1_527' title='bbox 2446 2291 2535 2344; x_wconf 86' lang='lat' dir='ltr'><strong>est</strong></span> <span class='ocrx_word' id='word_1_528' title='bbox 2554 2284 2807 2344; x_wconf 86' lang='lat' dir='ltr'><strong>cuilibet</strong></span> <span class='ocrx_word' id='word_1_529' title='bbox 2845 2283 3072 2344; x_wconf 81' lang='lat' dir='ltr'><strong>servire</strong></span> <span class='ocrx_word' id='word_1_530' title='bbox 3111 2281 3435 2343; x_wconf 81' lang='lat' dir='ltr'><strong>mercatori</strong></span> 
     </span>
     <span class='ocr_line' id='line_1_78' title="bbox 1873 2375 3433 2459; baseline -0.003 -19"><span class='ocrx_word' id='word_1_531' title='bbox 1873 2384 2125 2459; x_wconf 87' lang='lat' dir='ltr'><strong>propter</strong></span> <span class='ocrx_word' id='word_1_532' title='bbox 2182 2376 2589 2457; x_wconf 84' lang='lat' dir='ltr'><strong>stipendium,</strong></span> <span class='ocrx_word' id='word_1_533' title='bbox 2627 2379 2839 2457; x_wconf 82' lang='lat' dir='ltr'><strong>animo</strong></span> <span class='ocrx_word' id='word_1_534' title='bbox 2872 2375 3241 2455; x_wconf 84' lang='lat' dir='ltr'><strong>cooperandi</strong></span> <span class='ocrx_word' id='word_1_535' title='bbox 3290 2393 3433 2436; x_wconf 89' lang='grc'><strong>0011-</strong></span> 
     </span>
     <span class='ocr_line' id='line_1_79' title="bbox 1873 2470 3431 2549; baseline -0.002 -17"><span class='ocrx_word' id='word_1_536' title='bbox 1873 2472 2169 2532; x_wconf 84' lang='lat' dir='ltr'><strong>tractibus</strong></span> <span class='ocrx_word' id='word_1_537' title='bbox 2188 2470 2378 2545; x_wconf 90' lang='lat' dir='ltr'><strong>illius,</strong></span> <span class='ocrx_word' id='word_1_538' title='bbox 2402 2470 2479 2531; x_wconf 91' lang='lat' dir='ltr'><strong>de</strong></span> <span class='ocrx_word' id='word_1_539' title='bbox 2508 2471 2729 2549; x_wconf 87' lang='lat' dir='ltr'><strong>quibus</strong></span> <span class='ocrx_word' id='word_1_540' title='bbox 2761 2470 2852 2530; x_wconf 90' lang='lat' dir='ltr'><strong>illi</strong></span> <span class='ocrx_word' id='word_1_541' title='bbox 2881 2487 3005 2530; x_wconf 87' lang='lat' dir='ltr'><strong>non</strong></span> <span class='ocrx_word' id='word_1_542' title='bbox 3034 2475 3273 2530; x_wconf 85' lang='lat' dir='ltr'><strong>constat</strong></span> <span class='ocrx_word' id='word_1_543' title='bbox 3301 2487 3431 2530; x_wconf 90' lang='lat' dir='ltr'><strong>esse</strong></span> 
     </span>
     <span class='ocr_line' id='line_1_80' title="bbox 1875 2563 3434 2644; baseline -0.001 -19"><span class='ocrx_word' id='word_1_544' title='bbox 1875 2566 2161 2644; x_wconf 79' lang='lat' dir='ltr'><strong>injustoS,</strong></span> <span class='ocrx_word' id='word_1_545' title='bbox 2194 2581 2392 2642; x_wconf 86' lang='lat' dir='ltr'><strong>neque</strong></span> <span class='ocrx_word' id='word_1_546' title='bbox 2420 2570 2669 2626; x_wconf 85' lang='lat' dir='ltr'><strong>tenetur</strong></span> <span class='ocrx_word' id='word_1_547' title='bbox 2696 2563 2831 2624; x_wconf 90' lang='lat' dir='ltr'><strong>illos</strong></span> <span class='ocrx_word' id='word_1_548' title='bbox 2858 2564 3251 2635; x_wconf 79' lang='lat' dir='ltr'><strong>examinare3</strong></span> <span class='ocrx_word' id='word_1_549' title='bbox 3284 2581 3434 2640; x_wconf 83' lang='lat' dir='ltr'><strong>ergo</strong></span> 
     </span>
     <span class='ocr_line' id='line_1_81' title="bbox 1877 2657 3429 2735; baseline -0.001 -17"><span class='ocrx_word' id='word_1_550' title='bbox 1877 2658 2162 2719; x_wconf 85' lang='lat' dir='ltr'><strong>similiter</strong></span> <span class='ocrx_word' id='word_1_551' title='bbox 2206 2657 2581 2717; x_wconf 86' lang='lat' dir='ltr'><strong>censendum</strong></span> <span class='ocrx_word' id='word_1_552' title='bbox 2632 2659 2749 2718; x_wconf 87' lang='lat' dir='ltr'><strong>erit</strong></span> <span class='ocrx_word' id='word_1_553' title='bbox 2794 2657 2861 2718; x_wconf 91' lang='lat' dir='ltr'><strong>in</strong></span> <span class='ocrx_word' id='word_1_554' title='bbox 2920 2657 3209 2735; x_wconf 82' lang='lat' dir='ltr'><strong>praesenti</strong></span> <span class='ocrx_word' id='word_1_555' title='bbox 3260 2674 3429 2716; x_wconf 85' lang='lat' dir='ltr'><strong>casu.</strong></span> 
     </span>
     <span class='ocr_line' id='line_1_82' title="bbox 1871 2747 3429 2820; baseline -0.003 -9"><span class='ocrx_word' id='word_1_556' title='bbox 1871 2751 2103 2812; x_wconf 86' lang='lat' dir='ltr'><strong>Ultimo</strong></span> <span class='ocrx_word' id='word_1_557' title='bbox 2131 2751 2291 2810; x_wconf 87' lang='lat' dir='ltr'><strong>ratio</strong></span> <span class='ocrx_word' id='word_1_558' title='bbox 2320 2751 2665 2810; x_wconf 88' lang='lat' dir='ltr'><strong>communis</strong></span> <span class='ocrx_word' id='word_1_559' title='bbox 2685 2749 2783 2810; x_wconf 88' lang='lat' dir='ltr'><strong>his</strong></span> <span class='ocrx_word' id='word_1_560' title='bbox 2806 2750 3047 2810; x_wconf 88' lang='lat' dir='ltr'><strong>eventis</strong></span> <span class='ocrx_word' id='word_1_561' title='bbox 3070 2755 3163 2809; x_wconf 90' lang='lat' dir='ltr'><strong>est</strong></span> <span class='ocrx_word' id='word_1_562' title='bbox 3190 2747 3429 2820; x_wconf 81' lang='lat' dir='ltr'><strong>eadem,</strong></span> 
     </span>
     <span class='ocr_line' id='line_1_83' title="bbox 1873 2841 3435 2923; baseline -0.002 -20"><span class='ocrx_word' id='word_1_563' title='bbox 1873 2847 2019 2923; x_wconf 87' lang='lat' dir='ltr'><strong>quia</strong></span> <span class='ocrx_word' id='word_1_564' title='bbox 2052 2845 2118 2904; x_wconf 87' lang='lat' dir='ltr'><strong>in</strong></span> <span class='ocrx_word' id='word_1_565' title='bbox 2138 2841 2429 2903; x_wconf 87' lang='lat' dir='ltr'><strong>omnibus</strong></span> <span class='ocrx_word' id='word_1_566' title='bbox 2448 2844 2649 2922; x_wconf 87' lang='lat' dir='ltr'><strong>primo</strong></span> <span class='ocrx_word' id='word_1_567' title='bbox 2672 2861 2742 2904; x_wconf 86' lang='lat' dir='ltr'><strong>ac</strong></span> <span class='ocrx_word' id='word_1_568' title='bbox 2776 2859 2883 2920; x_wconf 89' lang='lat' dir='ltr'><strong>per</strong></span> <span class='ocrx_word' id='word_1_569' title='bbox 2916 2861 3005 2917; x_wconf 85' lang='lat' dir='ltr'><strong>se,</strong></span> <span class='ocrx_word' id='word_1_570' title='bbox 3049 2842 3155 2920; x_wconf 83' lang='lat' dir='ltr'><strong>qni</strong></span> <span class='ocrx_word' id='word_1_571' title='bbox 3182 2859 3307 2902; x_wconf 87' lang='lat' dir='ltr'><strong>non</strong></span> <span class='ocrx_word' id='word_1_572' title='bbox 3340 2847 3435 2902; x_wconf 89' lang='lat' dir='ltr'><strong>est</strong></span> 
     </span>
     <span class='ocr_line' id='line_1_84' title="bbox 1875 2935 3431 3015; baseline -0.003 -18"><span class='ocrx_word' id='word_1_573' title='bbox 1875 2937 2180 3013; x_wconf 85' lang='lat' dir='ltr'><strong>subditus,</strong></span> <span class='ocrx_word' id='word_1_574' title='bbox 2208 2956 2270 2998; x_wconf 87' lang='lat' dir='ltr'><strong>se</strong></span> <span class='ocrx_word' id='word_1_575' title='bbox 2293 2937 2497 2997; x_wconf 90' lang='lat' dir='ltr'><strong>subdit</strong></span> <span class='ocrx_word' id='word_1_576' title='bbox 2526 2937 2699 2996; x_wconf 86' lang='lat' dir='ltr'><strong>alteri</strong></span> <span class='ocrx_word' id='word_1_577' title='bbox 2740 2942 2991 3015; x_wconf 83' lang='lat' dir='ltr'><strong>propter</strong></span> <span class='ocrx_word' id='word_1_578' title='bbox 3030 2935 3431 3013; x_wconf 84' lang='lat' dir='ltr'><strong>stipendium,</strong></span> 
     </span>
     <span class='ocr_line' id='line_1_85' title="bbox 1875 3030 3434 3110; baseline -0.002 -19"><span class='ocrx_word' id='word_1_579' title='bbox 1875 3031 1940 3091; x_wconf 91' lang='lat' dir='ltr'><strong>in</strong></span> <span class='ocrx_word' id='word_1_580' title='bbox 1972 3049 2095 3110; x_wconf 91' lang='lat' dir='ltr'><strong>quo</strong></span> <span class='ocrx_word' id='word_1_581' title='bbox 2158 3031 2316 3090; x_wconf 89' lang='lat' dir='ltr'><strong>nulli</strong></span> <span class='ocrx_word' id='word_1_582' title='bbox 2356 3030 2588 3108; x_wconf 81' lang='lat' dir='ltr'><strong>irrogat</strong></span> <span class='ocrx_word' id='word_1_583' title='bbox 2631 3030 2947 3108; x_wconf 88' lang='lat' dir='ltr'><strong>injuriam,</strong></span> <span class='ocrx_word' id='word_1_584' title='bbox 2998 3045 3198 3108; x_wconf 85' lang='lat' dir='ltr'><strong>neque</strong></span> <span class='ocrx_word' id='word_1_585' title='bbox 3230 3045 3341 3106; x_wconf 88' lang='lat' dir='ltr'><strong>per</strong></span> <span class='ocrx_word' id='word_1_586' title='bbox 3366 3043 3434 3088; x_wconf 88' lang='lat' dir='ltr'><strong>se</strong></span> 
     </span>
     <span class='ocr_line' id='line_1_86' title="bbox 1875 3121 3436 3204; baseline -0.003 -19"><span class='ocrx_word' id='word_1_587' title='bbox 1875 3125 2187 3204; x_wconf 85' lang='lat' dir='ltr'><strong>loquendo</strong></span> <span class='ocrx_word' id='word_1_588' title='bbox 2216 3142 2279 3184; x_wconf 88' lang='lat' dir='ltr'><strong>se</strong></span> <span class='ocrx_word' id='word_1_589' title='bbox 2306 3124 2559 3202; x_wconf 85' lang='lat' dir='ltr'><strong>exponit</strong></span> <span class='ocrx_word' id='word_1_590' title='bbox 2586 3122 2857 3203; x_wconf 87' lang='lat' dir='ltr'><strong>periculo</strong></span> <span class='ocrx_word' id='word_1_591' title='bbox 2884 3122 3145 3201; x_wconf 84' lang='lat' dir='ltr'><strong>alicujus</strong></span> <span class='ocrx_word' id='word_1_592' title='bbox 3170 3121 3339 3197; x_wconf 86' lang='lat' dir='ltr'><strong>mali,</strong></span> <span class='ocrx_word' id='word_1_593' title='bbox 3372 3128 3436 3183; x_wconf 90' lang='lat' dir='ltr'><strong>et</strong></span> 
     </span>
     <span class='ocr_line' id='line_1_87' title="bbox 1875 3217 3437 3298; baseline -0.002 -19"><span class='ocrx_word' id='word_1_594' title='bbox 1875 3218 2029 3279; x_wconf 90' lang='lat' dir='ltr'><strong>alias</strong></span> <span class='ocrx_word' id='word_1_595' title='bbox 2054 3219 2251 3278; x_wconf 86' lang='lat' dir='ltr'><strong>utitur</strong></span> <span class='ocrx_word' id='word_1_596' title='bbox 2292 3219 2429 3298; x_wconf 84' lang='lat' dir='ltr'><strong>jure</strong></span> <span class='ocrx_word' id='word_1_597' title='bbox 2473 3234 2583 3278; x_wconf 90' lang='lat' dir='ltr'><strong>suo</strong></span> <span class='ocrx_word' id='word_1_598' title='bbox 2610 3217 2935 3278; x_wconf 77' lang='lat' dir='ltr'><strong>vendendo</strong></span> <span class='ocrx_word' id='word_1_599' title='bbox 2982 3233 3079 3276; x_wconf 85' lang='lat' dir='ltr'><strong>res</strong></span> <span class='ocrx_word' id='word_1_600' title='bbox 3120 3233 3294 3290; x_wconf 84' lang='lat' dir='ltr'><strong>suas,</strong></span> <span class='ocrx_word' id='word_1_601' title='bbox 3325 3221 3437 3276; x_wconf 81' lang='lat' dir='ltr'><strong>aut</strong></span> 
     </span>
     <span class='ocr_line' id='line_1_88' title="bbox 1879 3308 3435 3391; baseline -0.003 -19"><span class='ocrx_word' id='word_1_602' title='bbox 1879 3331 2053 3372; x_wconf 88' lang='lat' dir='ltr'><strong>suam</strong></span> <span class='ocrx_word' id='word_1_603' title='bbox 2074 3329 2482 3391; x_wconf 86' lang='lat' dir='ltr'><strong>operam,quo</strong></span> <span class='ocrx_word' id='word_1_604' title='bbox 2496 3317 2661 3370; x_wconf 85' lang='lat' dir='ltr'><strong>certe</strong></span> <span class='ocrx_word' id='word_1_605' title='bbox 2688 3327 2814 3371; x_wconf 85' lang='lat' dir='ltr'><strong>non</strong></span> <span class='ocrx_word' id='word_1_606' title='bbox 2842 3315 3169 3370; x_wconf 82' lang='lat' dir='ltr'><strong>teneturse</strong></span> <span class='ocrx_word' id='word_1_607' title='bbox 3192 3308 3435 3386; x_wconf 80' lang='lat' dir='ltr'><strong>privare</strong></span> 
     </span>
     <span class='ocr_line' id='line_1_89' title="bbox 1877 3399 3433 3482; baseline -0.004 -16"><span class='ocrx_word' id='word_1_608' title='bbox 1877 3407 1945 3467; x_wconf 89' lang='lat' dir='ltr'><strong>in</strong></span> <span class='ocrx_word' id='word_1_609' title='bbox 1971 3423 2151 3466; x_wconf 85' lang='lat' dir='ltr'><strong>suum</strong></span> <span class='ocrx_word' id='word_1_610' title='bbox 2176 3406 2499 3465; x_wconf 88' lang='lat' dir='ltr'><strong>damnum.</strong></span> <span class='ocrx_word' id='word_1_611' title='bbox 2533 3405 2731 3482; x_wconf 87' lang='lat' dir='ltr'><strong>Atque</strong></span> <span class='ocrx_word' id='word_1_612' title='bbox 2770 3403 2847 3462; x_wconf 89' lang='lat' dir='ltr'><strong>de</strong></span> <span class='ocrx_word' id='word_1_613' title='bbox 2875 3401 2971 3462; x_wconf 88' lang='lat' dir='ltr'><strong>his</strong></span> <span class='ocrx_word' id='word_1_614' title='bbox 2996 3399 3295 3460; x_wconf 87' lang='lat' dir='ltr'><strong>militibus</strong></span> <span class='ocrx_word' id='word_1_615' title='bbox 3333 3417 3433 3460; x_wconf 86' lang='lat' dir='ltr'><strong>ae-</strong></span> 
     </span>
     <span class='ocr_line' id='line_1_90' title="bbox 1879 3494 3437 3579; baseline -0.004 -18"><span class='ocrx_word' id='word_1_616' title='bbox 1879 3500 2041 3562; x_wconf 86' lang='lat' dir='ltr'><strong>cedit</strong></span> <span class='ocrx_word' id='word_1_617' title='bbox 2094 3499 2375 3579; x_wconf 86' lang='lat' dir='ltr'><strong>specialis</strong></span> <span class='ocrx_word' id='word_1_618' title='bbox 2428 3499 2587 3558; x_wconf 86' lang='lat' dir='ltr'><strong>ratio</strong></span> <span class='ocrx_word' id='word_1_619' title='bbox 2634 3511 2793 3576; x_wconf 85' lang='lat' dir='ltr'><strong>:pro</strong></span> <span class='ocrx_word' id='word_1_620' title='bbox 2834 3514 2898 3556; x_wconf 88' lang='lat' dir='ltr'><strong>se</strong></span> <span class='ocrx_word' id='word_1_621' title='bbox 2942 3495 3171 3575; x_wconf 87' lang='lat' dir='ltr'><strong>quippe</strong></span> <span class='ocrx_word' id='word_1_622' title='bbox 3204 3494 3437 3556; x_wconf 88' lang='lat' dir='ltr'><strong>habent</strong></span> 
     </span>
     <span class='ocr_line' id='line_1_91' title="bbox 1879 3587 3431 3671; baseline -0.004 -17"><span class='ocrx_word' id='word_1_623' title='bbox 1879 3597 2307 3654; x_wconf 86' lang='lat' dir='ltr'><strong>auctoritatem</strong></span> <span class='ocrx_word' id='word_1_624' title='bbox 2369 3591 2662 3671; x_wconf 84' lang='lat' dir='ltr'><strong>principis</strong></span> <span class='ocrx_word' id='word_1_625' title='bbox 2718 3595 2781 3649; x_wconf 88' lang='lat' dir='ltr'><strong>et</strong></span> <span class='ocrx_word' id='word_1_626' title='bbox 2817 3589 2927 3649; x_wconf 79' lang='lat' dir='ltr'><strong>toti</strong></span> <span class='ocrx_word' id='word_1_627' title='bbox 3054 3587 3431 3668; x_wconf 61' lang='lat' dir='ltr'><strong>respublicas,</strong></span> 
     </span>
     <span class='ocr_line' id='line_1_92' title="bbox 1879 3681 3431 3769; baseline -0.005 -21"><span class='ocrx_word' id='word_1_628' title='bbox 1879 3705 2017 3769; x_wconf 79' lang='lat' dir='ltr'><strong>quae</strong></span> <span class='ocrx_word' id='word_1_629' title='bbox 2043 3686 2284 3746; x_wconf 85' lang='lat' dir='ltr'><strong>inducit</strong></span> <span class='ocrx_word' id='word_1_630' title='bbox 2328 3699 2625 3762; x_wconf 80' lang='lat' dir='ltr'><strong>magnam</strong></span> <span class='ocrx_word' id='word_1_631' title='bbox 2680 3681 2933 3761; x_wconf 84' lang='lat' dir='ltr'><strong>probabi</strong></span> <span class='ocrx_word' id='word_1_632' title='bbox 3052 3688 3201 3742; x_wconf 82' lang='lat' dir='ltr'><strong>tem.</strong></span> <span class='ocrx_word' id='word_1_633' title='bbox 3232 3681 3431 3755; x_wconf 83' lang='lat' dir='ltr'><strong>Unde,</strong></span> 
     </span>
     <span class='ocr_line' id='line_1_93' title="bbox 1874 3773 3436 3859; baseline -0.005 -19"><span class='ocrx_word' id='word_1_634' title='bbox 1874 3780 2164 3840; x_wconf 89' lang='lat' dir='ltr'><strong>omnibus</strong></span> <span class='ocrx_word' id='word_1_635' title='bbox 2186 3777 2522 3859; x_wconf 76' lang='lat' dir='ltr'><strong>perpensiS,</strong></span> <span class='ocrx_word' id='word_1_636' title='bbox 2548 3776 2804 3839; x_wconf 84' lang='lat' dir='ltr'><strong>minime</strong></span> <span class='ocrx_word' id='word_1_637' title='bbox 2833 3775 3122 3836; x_wconf 82' lang='lat' dir='ltr'><strong>videntur</strong></span> <span class='ocrx_word' id='word_1_638' title='bbox 3160 3781 3307 3835; x_wconf 87' lang='lat' dir='ltr'><strong>tunc</strong></span> <span class='ocrx_word' id='word_1_639' title='bbox 3324 3773 3436 3834; x_wconf 89' lang='lat' dir='ltr'><strong>eli-</strong></span> 
     </span>
     <span class='ocr_line' id='line_1_94' title="bbox 1876 3871 2781 3953; baseline -0.007 -18"><span class='ocrx_word' id='word_1_640' title='bbox 1876 3891 2024 3952; x_wconf 81' lang='lat' dir='ltr'><strong>gere</strong></span> <span class='ocrx_word' id='word_1_641' title='bbox 2054 3879 2291 3953; x_wconf 86' lang='lat' dir='ltr'><strong>partem</strong></span> <span class='ocrx_word' id='word_1_642' title='bbox 2323 3871 2529 3930; x_wconf 88' lang='lat' dir='ltr'><strong>minus</strong></span> <span class='ocrx_word' id='word_1_643' title='bbox 2560 3875 2781 3930; x_wconf 83' lang='lat' dir='ltr'><strong>tutam.</strong></span> 
     </span>
    </p>

    <p class='ocr_par' dir='ltr' id='par_1_6' title="bbox 1869 3958 3445 5628">
     <span class='ocr_line' id='line_1_95' title="bbox 1956 3958 3437 4041; baseline -0.002 -15"><span class='ocrx_word' id='word_1_644' title='bbox 1956 3967 2053 4026; x_wconf 70' lang='lat'><strong>12.</strong></span> <span class='ocrx_word' id='word_1_645' title='bbox 2089 3963 2379 4026; x_wconf 65' lang='lat' dir='ltr'><strong>Auctoris</strong></span> <span class='ocrx_word' id='word_1_646' title='bbox 2404 3962 2621 4025; x_wconf 76' lang='lat' dir='ltr'><strong>decisio</strong></span> <span class='ocrx_word' id='word_1_647' title='bbox 2652 3961 2965 4041; x_wconf 72' lang='lat' dir='ltr'><strong>bipartita.</strong></span> <span class='ocrx_word' id='word_1_648' title='bbox 2992 3989 3077 4006; x_wconf 89' lang='lat'><strong>--</strong></span> <span class='ocrx_word' id='word_1_649' title='bbox 3098 3959 3307 4032; x_wconf 76' lang='lat' dir='ltr'><strong>Quoad</strong></span> <span class='ocrx_word' id='word_1_650' title='bbox 3328 3958 3437 4023; x_wconf 80' lang='lat' dir='ltr'><strong>du-</strong></span> 
     </span>
     <span class='ocr_line' id='line_1_96' title="bbox 1869 4053 3437 4140; baseline -0.004 -19"><span class='ocrx_word' id='word_1_651' title='bbox 1869 4061 2034 4122; x_wconf 82' lang='lat' dir='ltr'><strong>bium</strong></span> <span class='ocrx_word' id='word_1_652' title='bbox 2070 4059 2417 4140; x_wconf 71' lang='lat' dir='ltr'><strong>neyativum</strong></span> <span class='ocrx_word' id='word_1_653' title='bbox 2428 4055 2736 4128; x_wconf 78' lang='lat' dir='ltr'><strong>.-—-Quoad</strong></span> <span class='ocrx_word' id='word_1_654' title='bbox 2748 4053 2990 4117; x_wconf 69' lang='lat' dir='ltr'><strong>dubim</strong></span> <span class='ocrx_word' id='word_1_655' title='bbox 3000 4054 3437 4135; x_wconf 61' lang='lat' dir='ltr'><strong>positivum.—</strong></span> 
     </span>
     <span class='ocr_line' id='line_1_97' title="bbox 1873 4147 3435 4229; baseline -0.004 -15"><span class='ocrx_word' id='word_1_656' title='bbox 1873 4153 2015 4214; x_wconf 78' lang='lat' dir='ltr'><strong>Haec</strong></span> <span class='ocrx_word' id='word_1_657' title='bbox 2048 4155 2418 4229; x_wconf 82' lang='lat' dir='ltr'><strong>argumenta</strong></span> <span class='ocrx_word' id='word_1_658' title='bbox 2460 4148 2647 4228; x_wconf 84' lang='lat' dir='ltr'><strong>plane</strong></span> <span class='ocrx_word' id='word_1_659' title='bbox 2692 4147 3091 4222; x_wconf 79' lang='lat' dir='ltr'><strong>convincunt,</strong></span> <span class='ocrx_word' id='word_1_660' title='bbox 3138 4164 3341 4226; x_wconf 88' lang='lat' dir='ltr'><strong>neque</strong></span> <span class='ocrx_word' id='word_1_661' title='bbox 3366 4147 3435 4208; x_wconf 90' lang='lat' dir='ltr'><strong>in</strong></span> 
     </span>
     <span class='ocr_line' id='line_1_98' title="bbox 1871 4239 3438 4324; baseline -0.005 -17"><span class='ocrx_word' id='word_1_662' title='bbox 1871 4264 1939 4307; x_wconf 89' lang='lat' dir='ltr'><strong>re</strong></span> <span class='ocrx_word' id='word_1_663' title='bbox 1988 4245 2120 4324; x_wconf 84' lang='lat' dir='ltr'><strong>ipsa</strong></span> <span class='ocrx_word' id='word_1_664' title='bbox 2154 4243 2347 4303; x_wconf 88' lang='lat' dir='ltr'><strong>ullam</strong></span> <span class='ocrx_word' id='word_1_665' title='bbox 2388 4240 2803 4301; x_wconf 84' lang='lat' dir='ltr'><strong>differentiam</strong></span> <span class='ocrx_word' id='word_1_666' title='bbox 2832 4240 3080 4301; x_wconf 87' lang='lat' dir='ltr'><strong>invenio</strong></span> <span class='ocrx_word' id='word_1_667' title='bbox 3110 4241 3271 4300; x_wconf 87' lang='lat' dir='ltr'><strong>inter</strong></span> <span class='ocrx_word' id='word_1_668' title='bbox 3294 4239 3438 4300; x_wconf 88' lang='lat' dir='ltr'><strong>sub·</strong></span> 
     </span>
     <span class='ocr_line' id='line_1_99' title="bbox 1875 4333 3438 4416; baseline -0.004 -17"><span class='ocrx_word' id='word_1_669' title='bbox 1875 4338 2034 4399; x_wconf 85' lang='lat' dir='ltr'><strong>ditos</strong></span> <span class='ocrx_word' id='word_1_670' title='bbox 2080 4343 2268 4416; x_wconf 80' lang='lat' dir='ltr'><strong>atque</strong></span> <span class='ocrx_word' id='word_1_671' title='bbox 2302 4352 2431 4394; x_wconf 91' lang='lat' dir='ltr'><strong>non</strong></span> <span class='ocrx_word' id='word_1_672' title='bbox 2471 4333 2767 4394; x_wconf 87' lang='lat' dir='ltr'><strong>subditos.</strong></span> <span class='ocrx_word' id='word_1_673' title='bbox 2810 4334 2889 4394; x_wconf 82' lang='lat' dir='ltr'><strong>Et</strong></span> <span class='ocrx_word' id='word_1_674' title='bbox 2908 4333 2995 4392; x_wconf 85' lang='lat' dir='ltr'><strong>ita</strong></span> <span class='ocrx_word' id='word_1_675' title='bbox 3028 4333 3299 4394; x_wconf 88' lang='lat' dir='ltr'><strong>Victoria</strong></span> <span class='ocrx_word' id='word_1_676' title='bbox 3340 4351 3438 4393; x_wconf 87' lang='lat' dir='ltr'><strong>su·</strong></span> 
     </span>
     <span class='ocr_line' id='line_1_100' title="bbox 1878 4425 3437 4511; baseline -0.003 -20"><span class='ocrx_word' id='word_1_677' title='bbox 1878 4449 2009 4511; x_wconf 87' lang='lat' dir='ltr'><strong>pra,</strong></span> <span class='ocrx_word' id='word_1_678' title='bbox 2034 4431 2100 4490; x_wconf 92' lang='lat' dir='ltr'><strong>in</strong></span> <span class='ocrx_word' id='word_1_679' title='bbox 2124 4447 2235 4490; x_wconf 86' lang='lat' dir='ltr'><strong>sua</strong></span> <span class='ocrx_word' id='word_1_680' title='bbox 2252 4427 2604 4501; x_wconf 65' lang='lat' dir='ltr'><strong>relectione,</strong></span> <span class='ocrx_word' id='word_1_681' title='bbox 2630 4443 2669 4486; x_wconf 85' lang='lat' dir='ltr'><strong>a</strong></span> <span class='ocrx_word' id='word_1_682' title='bbox 2684 4443 2862 4486; x_wconf 83' lang='lat' dir='ltr'><strong>num.</strong></span> <span class='ocrx_word' id='word_1_683' title='bbox 2880 4427 2983 4501; x_wconf 65' lang='lat'><strong>24,</strong></span> <span class='ocrx_word' id='word_1_684' title='bbox 3013 4425 3437 4488; x_wconf 81' lang='lat' dir='ltr'><strong>indifferenter</strong></span> 
     </span>
     <span class='ocr_line' id='line_1_101' title="bbox 1875 4518 3433 4603; baseline -0.003 -19"><span class='ocrx_word' id='word_1_685' title='bbox 1875 4524 2149 4603; x_wconf 77' lang='lat' dir='ltr'><strong>loquitur</strong></span> <span class='ocrx_word' id='word_1_686' title='bbox 2170 4523 2247 4583; x_wconf 93' lang='lat' dir='ltr'><strong>de</strong></span> <span class='ocrx_word' id='word_1_687' title='bbox 2268 4520 2589 4582; x_wconf 87' lang='lat' dir='ltr'><strong>militibus.</strong></span> <span class='ocrx_word' id='word_1_688' title='bbox 2612 4519 2737 4580; x_wconf 86' lang='lat' dir='ltr'><strong>Sed</strong></span> <span class='ocrx_word' id='word_1_689' title='bbox 2764 4518 2911 4598; x_wconf 86' lang='lat' dir='ltr'><strong>quia</strong></span> <span class='ocrx_word' id='word_1_690' title='bbox 2921 4537 3017 4580; x_wconf 85' lang='lat' dir='ltr'><strong>res</strong></span> <span class='ocrx_word' id='word_1_691' title='bbox 3042 4525 3135 4580; x_wconf 88' lang='lat' dir='ltr'><strong>est</strong></span> <span class='ocrx_word' id='word_1_692' title='bbox 3158 4520 3433 4595; x_wconf 88' lang='lat' dir='ltr'><strong>moralis,</strong></span> 
     </span>
     <span class='ocr_line' id='line_1_102' title="bbox 1879 4613 3438 4694; baseline -0.003 -16"><span class='ocrx_word' id='word_1_693' title='bbox 1879 4624 1949 4678; x_wconf 84' lang='lat' dir='ltr'><strong>ut</strong></span> <span class='ocrx_word' id='word_1_694' title='bbox 1974 4617 2247 4678; x_wconf 70' lang='lat' dir='ltr'><strong>securius</strong></span> <span class='ocrx_word' id='word_1_695' title='bbox 2279 4613 2666 4694; x_wconf 85' lang='lat' dir='ltr'><strong>procedatur,</strong></span> <span class='ocrx_word' id='word_1_696' title='bbox 2696 4617 2933 4688; x_wconf 80' lang='lat' dir='ltr'><strong>statuo,</strong></span> <span class='ocrx_word' id='word_1_697' title='bbox 2972 4613 3023 4672; x_wconf 89' lang='lat' dir='ltr'><strong>si</strong></span> <span class='ocrx_word' id='word_1_698' title='bbox 3053 4613 3315 4673; x_wconf 87' lang='lat' dir='ltr'><strong>dubium</strong></span> <span class='ocrx_word' id='word_1_699' title='bbox 3358 4613 3438 4674; x_wconf 88' lang='lat' dir='ltr'><strong>sit</strong></span> 
     </span>
     <span class='ocr_line' id='line_1_103' title="bbox 1877 4704 3439 4788; baseline -0.004 -18"><span class='ocrx_word' id='word_1_700' title='bbox 1877 4727 2031 4788; x_wconf 88' lang='lat' dir='ltr'><strong>pure</strong></span> <span class='ocrx_word' id='word_1_701' title='bbox 2078 4708 2460 4786; x_wconf 82' lang='lat' dir='ltr'><strong>negativum,</strong></span> <span class='ocrx_word' id='word_1_702' title='bbox 2494 4704 2877 4784; x_wconf 84' lang='lat' dir='ltr'><strong>probabilius</strong></span> <span class='ocrx_word' id='word_1_703' title='bbox 2902 4721 3077 4784; x_wconf 87' lang='lat' dir='ltr'><strong>posse</strong></span> <span class='ocrx_word' id='word_1_704' title='bbox 3104 4704 3219 4765; x_wconf 89' lang='lat' dir='ltr'><strong>hos</strong></span> <span class='ocrx_word' id='word_1_705' title='bbox 3244 4705 3335 4765; x_wconf 86' lang='lat' dir='ltr'><strong>ire</strong></span> <span class='ocrx_word' id='word_1_706' title='bbox 3358 4704 3439 4764; x_wconf 90' lang='lat' dir='ltr'><strong>ad</strong></span> 
     </span>
     <span class='ocr_line' id='line_1_104' title="bbox 1877 4798 3439 4878; baseline -0.004 -15"><span class='ocrx_word' id='word_1_707' title='bbox 1877 4801 2134 4878; x_wconf 88' lang='lat' dir='ltr'><strong>bellum,</strong></span> <span class='ocrx_word' id='word_1_708' title='bbox 2162 4799 2334 4861; x_wconf 85' lang='lat' dir='ltr'><strong>nullo</strong></span> <span class='ocrx_word' id='word_1_709' title='bbox 2360 4799 2647 4860; x_wconf 85' lang='lat' dir='ltr'><strong>examine</strong></span> <span class='ocrx_word' id='word_1_710' title='bbox 2683 4799 2869 4874; x_wconf 68' lang='lat' dir='ltr'><strong>fact0,</strong></span> <span class='ocrx_word' id='word_1_711' title='bbox 2900 4804 3151 4877; x_wconf 83' lang='lat' dir='ltr'><strong>totoque</strong></span> <span class='ocrx_word' id='word_1_712' title='bbox 3178 4799 3245 4858; x_wconf 88' lang='lat' dir='ltr'><strong>in</strong></span> <span class='ocrx_word' id='word_1_713' title='bbox 3270 4798 3439 4876; x_wconf 88' lang='lat' dir='ltr'><strong>prin-</strong></span> 
     </span>
     <span class='ocr_line' id='line_1_105' title="bbox 1879 4891 3439 4974; baseline -0.003 -19"><span class='ocrx_word' id='word_1_714' title='bbox 1879 4895 2106 4974; x_wconf 91' lang='lat' dir='ltr'><strong>cipem,</strong></span> <span class='ocrx_word' id='word_1_715' title='bbox 2152 4894 2257 4954; x_wconf 89' lang='lat' dir='ltr'><strong>cui</strong></span> <span class='ocrx_word' id='word_1_716' title='bbox 2306 4891 2677 4966; x_wconf 86' lang='lat' dir='ltr'><strong>subduntur,</strong></span> <span class='ocrx_word' id='word_1_717' title='bbox 2727 4910 2917 4953; x_wconf 65' lang='lat' dir='ltr'><strong>&gt;onere</strong></span> <span class='ocrx_word' id='word_1_718' title='bbox 2961 4893 3219 4970; x_wconf 79' lang='lat' dir='ltr'><strong>reject05</strong></span> <span class='ocrx_word' id='word_1_719' title='bbox 3252 4909 3439 4970; x_wconf 88' lang='lat' dir='ltr'><strong>quem</strong></span> 
     </span>
     <span class='ocr_line' id='line_1_106' title="bbox 1881 4984 3441 5066; baseline -0.003 -18"><span class='ocrx_word' id='word_1_720' title='bbox 1881 4994 2092 5049; x_wconf 87' lang='lat' dir='ltr'><strong>tamen</strong></span> <span class='ocrx_word' id='word_1_721' title='bbox 2122 5005 2399 5066; x_wconf 87' lang='lat' dir='ltr'><strong>suppono</strong></span> <span class='ocrx_word' id='word_1_722' title='bbox 2428 5004 2559 5047; x_wconf 89' lang='lat' dir='ltr'><strong>esse</strong></span> <span class='ocrx_word' id='word_1_723' title='bbox 2586 4985 2763 5047; x_wconf 78' lang='lat' dir='ltr'><strong>bonae</strong></span> <span class='ocrx_word' id='word_1_724' title='bbox 2796 4985 2963 5064; x_wconf 86' lang='lat' dir='ltr'><strong>apud</strong></span> <span class='ocrx_word' id='word_1_725' title='bbox 2989 4984 3441 5045; x_wconf 59' lang='grc' dir='ltr'><strong>0010050315ιί-</strong></span> 
     </span>
     <span class='ocr_line' id='line_1_107' title="bbox 1880 5077 3441 5160; baseline -0.004 -18"><span class='ocrx_word' id='word_1_726' title='bbox 1880 5081 2194 5151; x_wconf 88' lang='lat' dir='ltr'><strong>mationis,</strong></span> <span class='ocrx_word' id='word_1_727' title='bbox 2228 5087 2413 5160; x_wconf 89' lang='lat' dir='ltr'><strong>atque</strong></span> <span class='ocrx_word' id='word_1_728' title='bbox 2448 5080 2565 5140; x_wconf 89' lang='lat' dir='ltr'><strong>hoc</strong></span> <span class='ocrx_word' id='word_1_729' title='bbox 2586 5085 2797 5158; x_wconf 87' lang='lat' dir='ltr'><strong>aperte</strong></span> <span class='ocrx_word' id='word_1_730' title='bbox 2842 5078 3019 5138; x_wconf 82' lang='lat' dir='ltr'><strong>docet</strong></span> <span class='ocrx_word' id='word_1_731' title='bbox 3055 5077 3348 5150; x_wconf 85' lang='lat' dir='ltr'><strong>Victoria,</strong></span> <span class='ocrx_word' id='word_1_732' title='bbox 3380 5082 3441 5136; x_wconf 86' lang='lat' dir='ltr'><strong>et</strong></span> 
     </span>
     <span class='ocr_line' id='line_1_108' title="bbox 1881 5169 3444 5236; baseline -0.005 0"><span class='ocrx_word' id='word_1_733' title='bbox 1881 5175 2274 5236; x_wconf 84' lang='lat' dir='ltr'><strong>consentiunt</strong></span> <span class='ocrx_word' id='word_1_734' title='bbox 2292 5173 2400 5234; x_wconf 84' lang='lat' dir='ltr'><strong>alii</strong></span> <span class='ocrx_word' id='word_1_735' title='bbox 2427 5172 2794 5234; x_wconf 75' lang='lat' dir='ltr'><strong>&#39;l&#39;homistaez</strong></span> <span class='ocrx_word' id='word_1_736' title='bbox 2828 5172 2879 5231; x_wconf 90' lang='lat' dir='ltr'><strong>si</strong></span> <span class='ocrx_word' id='word_1_737' title='bbox 2910 5189 3056 5231; x_wconf 87' lang='lat' dir='ltr'><strong>vero</strong></span> <span class='ocrx_word' id='word_1_738' title='bbox 3078 5169 3339 5230; x_wconf 89' lang='lat' dir='ltr'><strong>dubium</strong></span> <span class='ocrx_word' id='word_1_739' title='bbox 3361 5169 3444 5229; x_wconf 85' lang='lat' dir='ltr'><strong>sit</strong></span> 
     </span>
     <span class='ocr_line' id='line_1_109' title="bbox 1881 5261 3442 5350; baseline -0.006 -21"><span class='ocrx_word' id='word_1_740' title='bbox 1881 5269 2240 5350; x_wconf 78' lang='lat' dir='ltr'><strong>positivum,</strong></span> <span class='ocrx_word' id='word_1_741' title='bbox 2286 5272 2347 5327; x_wconf 88' lang='lat' dir='ltr'><strong>et</strong></span> <span class='ocrx_word' id='word_1_742' title='bbox 2374 5266 2643 5326; x_wconf 85' lang='lat' dir='ltr'><strong>rationes</strong></span> <span class='ocrx_word' id='word_1_743' title='bbox 2682 5265 2809 5325; x_wconf 90' lang='lat' dir='ltr'><strong>sint</strong></span> <span class='ocrx_word' id='word_1_744' title='bbox 2834 5264 3127 5342; x_wconf 84' lang='lat' dir='ltr'><strong>utrinque</strong></span> <span class='ocrx_word' id='word_1_745' title='bbox 3158 5261 3442 5341; x_wconf 85' lang='lat' dir='ltr'><strong>probabi-</strong></span> 
     </span>
     <span class='ocr_line' id='line_1_110' title="bbox 1882 5356 3445 5439; baseline -0.006 -15"><span class='ocrx_word' id='word_1_746' title='bbox 1882 5364 1994 5439; x_wconf 86' lang='grc'><strong>105,</strong></span> <span class='ocrx_word' id='word_1_747' title='bbox 2052 5363 2235 5423; x_wconf 90' lang='lat' dir='ltr'><strong>credo</strong></span> <span class='ocrx_word' id='word_1_748' title='bbox 2293 5361 2421 5421; x_wconf 78' lang='lat' dir='ltr'><strong>sore</strong></span> <span class='ocrx_word' id='word_1_749' title='bbox 2474 5357 2837 5438; x_wconf 78' lang='lat' dir='ltr'><strong>obligandos</strong></span> <span class='ocrx_word' id='word_1_750' title='bbox 2880 5357 2957 5416; x_wconf 87' lang='lat' dir='ltr'><strong>ad</strong></span> <span class='ocrx_word' id='word_1_751' title='bbox 3004 5356 3445 5436; x_wconf 76' lang='lat' dir='ltr'><strong>inquirendam</strong></span> 
     </span>
     <span class='ocr_line' id='line_1_111' title="bbox 1883 5449 3443 5534; baseline -0.006 -17"><span class='ocrx_word' id='word_1_752' title='bbox 1883 5457 2207 5518; x_wconf 82' lang='lat' dir='ltr'><strong>veritatem</strong></span> <span class='ocrx_word' id='word_1_753' title='bbox 2230 5473 2245 5528; x_wconf 82' lang='lat'><em>3</em></span> <span class='ocrx_word' id='word_1_754' title='bbox 2282 5471 2471 5534; x_wconf 77' lang='lat' dir='ltr'><strong>quam</strong></span> <span class='ocrx_word' id='word_1_755' title='bbox 2492 5454 2541 5512; x_wconf 89' lang='lat' dir='ltr'><strong>si</strong></span> <span class='ocrx_word' id='word_1_756' title='bbox 2570 5470 2693 5513; x_wconf 88' lang='lat' dir='ltr'><strong>non</strong></span> <span class='ocrx_word' id='word_1_757' title='bbox 2716 5451 2953 5531; x_wconf 84' lang='lat' dir='ltr'><strong>possint</strong></span> <span class='ocrx_word' id='word_1_758' title='bbox 2978 5449 3240 5528; x_wconf 80' lang='lat' dir='ltr'><strong>assequi,</strong></span> <span class='ocrx_word' id='word_1_759' title='bbox 3259 5449 3443 5527; x_wconf 75' lang='lat' dir='ltr'><strong>sequi</strong></span> 
     </span>
     <span class='ocr_line' id='line_1_112' title="bbox 1887 5542 3445 5628; baseline -0.006 -17"><span class='ocrx_word' id='word_1_760' title='bbox 1887 5550 2199 5612; x_wconf 77' lang='lat' dir='ltr'><strong>debebunt</strong></span> <span class='ocrx_word' id='word_1_761' title='bbox 2235 5547 2407 5628; x_wconf 67' lang='lat' dir='ltr'><strong>quod</strong></span> <span class='ocrx_word' id='word_1_762' title='bbox 2447 5545 2821 5627; x_wconf 85' lang='lat' dir='ltr'><strong>probabilius</strong></span> <span class='ocrx_word' id='word_1_763' title='bbox 2839 5543 2981 5620; x_wconf 78' lang='lat' dir='ltr'><strong>enit,</strong></span> <span class='ocrx_word' id='word_1_764' title='bbox 3016 5561 3089 5604; x_wconf 82' lang='lat' dir='ltr'><strong>ac</strong></span> <span class='ocrx_word' id='word_1_765' title='bbox 3117 5545 3337 5624; x_wconf 75' lang='lat' dir='ltr'><strong>juvare</strong></span> <span class='ocrx_word' id='word_1_766' title='bbox 3368 5542 3445 5602; x_wconf 80' lang='lat' dir='ltr'><strong>il·</strong></span> 
     </span>
    </p>
   </div>
  </div>
 </body>
</html>
