3900 6217
518 405 641 468 250

518 516 734 572 contra
761 510 1023 590 Papam3
1046 507 1214 568 illam
1240 509 1431 588 igitur
1458 508 1811 570 animorum
1840 507 2078 587 disjun-

517 605 783 666 ctionem
814 602 1101 664 charitati
1126 601 1499 663 contrariam
1526 601 1841 681 appellant
1872 601 2078 662 Eccle-

517 700 619 762 siae
662 696 1056 771 divisionem,
1103 715 1179 758 ex
1208 715 1333 776 qua
1357 696 1429 756 fit
1478 703 1549 757 ut
1574 715 1719 776 pars
1747 696 1941 758 altera
1969 715 2073 775 pe-

515 798 671 868 reat,
702 809 827 853 non
857 791 1005 870 quia
1032 791 1239 850 statim
1272 789 1353 848 sit
1381 795 1557 850 extra
1583 789 1935 864 Ecclesiam,
1967 789 2074 852 sed

517 886 663 965 quia
697 885 1059 946 charitatem
1084 884 1333 945 amittit.
1362 883 1516 945 Vide
1542 884 2070 962 chrysostomum,

516 979 734 1040 homil.
766 983 833 1040 Η
868 977 949 1039 ad
976 976 1161 1058 Eph.,
1192 976 1301 1038 ubi
1326 983 1537 1058 aperte
1566 977 1655 1040 ita
1678 976 1976 1057 loquitur.

598 1073 695 1135 ⁴6.
742 1072 951 1146 Quoad
994 1072 1553 1134 excommunicatos·
1597 1103 1680 1118 —
1710 1072 1793 1132 De
1832 1089 2078 1132 excom-

516 1167 846 1228 municatis
882 1183 1028 1226 vero
1068 1181 1207 1244 quae
1238 1163 1584 1226 affenmtur
1629 1164 1933 1226 minorem
1959 1163 2076 1226 ha-

514 1260 665 1322 bent
686 1259 1145 1340 apparentiam3
1172 1276 1493 1339 nunquam
1526 1258 1697 1324 enim
1727 1259 1937 1319 Patres
1973 1259 2080 1320 do-

515 1361 657 1416 cent
706 1352 1268 1414 excommunicates
1314 1351 1602 1414 constitui
1651 1357 1825 1412 extra
1874 1350 2079 1412 Eccle-

517 1448 695 1524 siam,
736 1447 841 1508 sed
868 1447 1139 1527 separari
1186 1465 1225 1508 a
1267 1445 1829 1508 communicatione
1870 1445 2078 1507 Eccle-

516 1542 657 1618 sioe3
710 1545 907 1622 potest
953 1547 1165 1604 autem
1214 1539 1351 1621 fieri
1393 1546 1463 1600 ut
1514 1538 1667 1599 civis
1714 1545 2080 1617 permaneat

516 1634 821 1714 quispiam
850 1632 1109 1714 alicujus
1132 1632 1508 1714 reipublicae,
1539 1639 1600 1694 et
1637 1637 1849 1694 tamen
1870 1650 2078 1694 arcea-

516 1734 621 1790 tur
666 1749 705 1790 a
756 1729 1063 1790 consortio
1110 1734 1175 1790 et
1224 1726 1647 1790 familiaritate
1696 1726 2067 1788 concivium.

518 1823 897 1902 Quapropter
924 1821 1489 1884 excommunicatus
1534 1835 1661 1882 non
1708 1820 1935 1882 dicitur
1964 1821 2074 1882 ha·-

517 1915 753 1980 bendus
782 1916 1061 1978 ethnicus
1087 1914 1469 1995 simpliciter,
1502 1912 1608 1974 sed
1638 1919 1927 1995 tanquam
1950 1915 2076 1978 ecla·

518 2009 715 2083 nicus,
758 2016 1065 2088 quantum
1116 2009 1194 2070 ad
1248 2006 1877 2070 communicationem
1930 2025 2074 2068 cum

518 2103 677 2164 aliis.
707 2103 863 2165 Vide
885 2102 1300 2182 Augustinum
1330 2100 1405 2162 de
1428 2101 1823 2181 Correptione
1844 2107 1907 2160 et
1936 2119 2077 2181 gra-

517 2199 629 2273 tia,
650 2216 787 2279 cap.
813 2199 911 2272 15,
934 2197 1011 2259 de
1028 2197 1191 2258 Vera
1212 2195 1554 2275 Religione‚
1576 2213 1709 2275 cap.
1735 2197 1793 2256 6.
1820 2195 2077 2270 Quando

517 2299 729 2352 autem
770 2289 1325 2352 excommunicatio
1354 2296 1603 2369 propter
1636 2289 1921 2350 haeresim
1950 2289 2076 2348 fer—

518 2389 643 2460 tur,
679 2398 829 2444 tunc
860 2382 1105 2462 proprie
1148 2381 1555 2462 praescindere
1602 2381 1831 2442 dicitur
1854 2380 1935 2442 ab
1970 2381 2080 2442 Eo-

519 2477 701 2539 clesia
722 2475 1343 2550 excommunicatum,
1388 2475 1567 2536 etita
1593 2473 1935 2554 loquuntur
1960 2475 2079 2536 lre·

520 2590 695 2632 naeus
740 2576 801 2632 et
848 2569 1144 2632 Eusebius
1171 2615 1191 2644 ,
1234 2568 1527 2654 quamvis
1567 2567 1947 2648 Augustinus
2003 2567 2082 2630 de

522 2665 771 2727 Unitate
812 2663 1118 2739 Ecclesiae,
1150 2681 1281 2742 cap.
1314 2662 1455 2738 ult„
1490 2668 1654 2723 recte
1692 2661 1945 2724 adnotet
1975 2681 2082 2724 ex—

521 2756 1143 2818 communicationem
1198 2774 1325 2818 non
1372 2755 1782 2835 praescindere
1834 2755 2076 2816 haereti-

520 2869 666 2912 cum
708 2849 1091 2929 simpliciter,
1145 2849 1248 2910 sed
1278 2849 1591 2910 declarare
1622 2867 1763 2910 eum
1802 2850 1910 2930 qui
1946 2849 2076 2928 jam

521 2950 654 3006 erat
680 2961 749 3004 re
774 2943 905 3022 ipsa
950 2943 1273 3023 praeoisus3
1322 2941 1589 3022 denique
1632 2942 1685 3002 si
1726 2941 1956 3004 alicubi
1983 2960 2080 3004 re·

519 3038 795 3117 periatur
826 3037 1427 3098 excommunicatum
1469 3034 1569 3096 vel
1610 3035 2078 3097 schismaticum

520 3149 649 3192 esse
684 3136 857 3192 extra
906 3129 1259 3203 Ecclesiam,
1300 3128 1772 3206 intelligendum
1826 3130 1946 3190 erit
1987 3146 2080 3189 se·

521 3225 793 3286 cundum
836 3224 1035 3305 quid,·
1058 3229 1121 3284 et
1168 3223 1625 3302 comparatione
1650 3223 1817 3284 facta
1842 3221 1923 3284 ad
1965 3241 2080 3284 οω-

518 3323 653 3378 tera
680 3317 959 3380 membra
988 3317 1291 3392 Ecclesioe,
1333 3321 1405 3376 ut
1441 3316 1507 3376 in
1536 3316 1725 3377 simili
1764 3317 1841 3378 de
1870 3334 2082 3395 pecca-

520 3410 755 3472 toribus
808 3429 995 3490 supra
1048 3409 1441 3484 dicebamus;
1514 3410 1875 3490 simpliciter
1931 3428 2080 3472 vero

518 3504 831 3584 pertinent
844 3504 925 3566 ad
949 3504 1251 3566 unitatem
1274 3502 1743 3564 substantialem
1772 3502 2076 3566 Ecclesiae.

602 3602 629 3659 1
642 3601 697 3660 ·1.
732 3597 953 3672 Quinta
968 3597 1683 3660 sententia.-Probatur
1696 3597 2076 3661 auctoritate.

516 3693 835 3766 -Quinto
860 3699 955 3752 est
982 3689 1105 3752 alia
1130 3691 1457 3766 sententia,
1483 3708 1621 3769 quae
1647 3699 1869 3769 praeter
1890 3690 2082 3754 fidem

519 3786 781 3864 requirit
806 3785 885 3845 ad
911 3784 1214 3845 unitatem
1231 3783 1511 3845 Ecclesiae
1530 3783 1945 3846 characterem
1969 3784 2078 3846 ba-

518 3877 906 3957 ptismalem3
938 3877 1097 3940 solos
1118 3879 1330 3958 itaque
1350 3876 1687 3956 baptizatos
1714 3883 1920 3938 censet
1946 3895 2076 3940 esse

522 3971 799 4035 membra
842 3972 1147 4034 Ecclesiae.
1182 3972 1327 4045 Quae
1360 3971 1665 4033 sententia
1690 3971 1938 4050 probari
1969 3991 2075 4051 po-

519 4073 638 4128 test
652 4085 727 4127 ex
746 4067 851 4127 illo
873 4066 1093 4145 Ephes.
1120 4067 1193 4126 4:
1227 4059 1427 4129 Unicm
1448 4081 1684 4147 corpus,
1714 4083 1873 4128 unus
1892 4067 2080 4144 spiri-

524 4167 645 4235 tus,
668 4179 793 4222 uua
805 4163 977 4241 fider,
994 4178 1181 4222 unum
1212 4159 1533 4241 baptisma.
1574 4157 1745 4220 Unde
1764 4159 2080 4235 Eugenius

528 4257 603 4315 lv
632 4256 695 4316 in
734 4255 1003 4316 Concilio
1054 4254 1440 4329 Florentino,
1481 4259 1662 4314 vocat
1702 4252 2080 4332 baptismum

521 4348 909 4428 spiritualem
955 4349 1257 4427 januam3
1303 4365 1414 4427 per
1454 4349 1659 4428 ipsum
1702 4349 1861 4410 enim
1899 4365 2082 4410 mem·

520 4444 631 4506 bra
650 4441 908 4516 Christi,
934 4459 1007 4505 ao
1042 4442 1111 4504 do
1137 4456 1379 4522 corpore
1400 4440 1697 4518 efficimur
1734 4440 2036 4503 Ecclesia.-
2054 4462 2084 4510 ,-

520 4552 645 4615 quo
672 4533 857 4596 modo
892 4535 1226 4613 loquuntur
1270 4533 1459 4592 etiam
1506 4533 1711 4593 Patres
1749 4533 1855 4612 qui
1886 4533 2080 4592 citau-

520 4639 623 4688 tur
648 4627 725 4688 de
751 4627 1241 4700 consecratione,
1274 4625 1337 4684 d.
1382 4627 1423 4684 4
1441 4646 1460 4699 3
1500 4629 1565 4684 et
1605 4622 1917 4698 itabanuS,
1957 4625 2079 4704 pri-

521 4737 627 4781 mo
666 4721 741 4780 de
772 4719 1165 4780 Institutione
1188 4717 1587 4792 clericorum,
1618 4716 1821 4795 capite
1847 4717 2076 4796 prime.

522 4814 933 4876 Confirmatur
958 4813 1179 4892 primo,
1224 4830 1371 4872 nam
1418 4811 1757 4890 baptismus
1798 4811 2084 4872 successit

522 4906 1005 4982 circumcisioni3
1052 4922 1223 4983 ergo,
1268 4905 1426 4966 sicut
1456 4903 1663 4966 nullus
1699 4903 2086 4964 incircumci-

523 5019 625 5063 sus
647 5000 1010 5062 censebatur
1050 4998 1405 5060 membrum
1436 5015 1797 5077 synagogae,
1836 4998 1923 5059 ita
1952 5015 2080 5058 non

522 5093 862 5172 baptizatus
906 5091 1188 5154 Ecclesioe
1238 5090 1590 5153 membrum
1635 5090 1899 5152 minime
1940 5109 2084 5150 cen-

522 5186 749 5249 sendus
778 5187 917 5248 erit.
952 5183 1230 5247 Secundo
1254 5183 1677 5259 confirmatur,
1700 5185 1847 5263 quia
1874 5183 2084 5244 nullus

522 5286 667 5343 ante
717 5279 1157 5359 professionem
1198 5283 1481 5338 censetur
1538 5295 1681 5356 pars
1713 5276 2080 5355 religionis3

524 5373 631 5434 sed
654 5373 997 5452 baptismus
1014 5377 1107 5433 est
1134 5371 1423 5448 professio
1456 5369 2086 5456 christianaereligio·

525 5466 621 5526 nis
638 5487 657 5539 ;
692 5483 861 5544 ergo,
902 5471 1018 5526 etc.
1054 5464 1283 5539 Tertio,
1328 5461 1598 5524 Ecclesia
1624 5469 1716 5524 est
1742 5462 2088 5542 respublica

527 5557 829 5635 visibilis;
868 5575 1019 5638 ergo
1054 5557 1379 5640 copulatur
1409 5555 1615 5620 forma
1638 5555 1905 5640 visibili3
1936 5573 2086 5640 ergo

1711 406 1943 460 DISPUT.
1981 408 2065 460 lx.
2101 408 2182 461 DE
2216 408 2526 462 echEsts.

2157 515 2540 572 sacramento
2585 509 2845 587 visibili3
2895 527 3044 588 ergo
3081 509 3352 572 maxime
3379 511 3712 590 baptismo.

2155 604 2230 664 Et
2257 603 2660 665 confirmatur
2680 603 2924 676 ultimo,
2949 621 3096 664 nam
3119 603 3200 664 ob
3227 604 3392 667 hanc
3407 605 3720 666 rationem

2156 696 2445 764 videntur
2481 699 2690 760 Patres
2737 699 3150 760 communiter
3175 697 3554 776 distinguere
3583 715 3720 756 uon

2153 790 2490 871 baptizatos
2537 809 2576 850 a
2626 790 2924 854 membris
2975 791 3256 854 Ecclesiae
3287 836 3308 866 ,
3362 798 3436 851 ut
3481 790 3722 870 indicat

2155 883 2644 962 chrysostomus,
2693 883 2862 948 hom.
2917 886 2998 946 24
3036 885 3104 947 in
3129 885 3348 962 Joan.;
3384 883 3726 964 Gregorius

2156 977 2594 1054 Nazianzenus,
2624 977 2904 1040 oratione
2941 977 3023 1040 ad
3053 983 3338 1040 sanctum
3359 977 3718 1050 lavacrum;

2155 1067 2593 1144 Tertullianus,
2623 1069 2734 1130 lib.
2771 1071 2848 1134 de
2878 1071 3444 1150 Praescriptionibus
3471 1071 3724 1132 haereti-

2158 1181 2412 1242 corum3
2439 1164 2725 1244 cyrillus,
2758 1168 2835 1226 12
2855 1165 2924 1226 in
2941 1167 3194 1239 Joann„
3217 1183 3352 1244 cap.
3385 1167 3487 1226 50.
3513 1167 3725 1243 Atque

2156 1257 2318 1319 hanc
2363 1258 2734 1320 sententiam
2759 1259 3038 1338 sequitur
3073 1259 3262 1332 cano,
3297 1259 3456 1320 libro
3481 1265 3726 1338 quarto

2157 1352 2234 1412 de
2269 1353 2466 1429 Locis,
2503 1373 2639 1433 cap.
2681 1356 2745 1429 2,
2799 1351 3102 1414 versiculo
3125 1349 3211 1416 At
3241 1353 3444 1435 Papa,
3483 1359 3548 1414 et
3575 1371 3720 1430 cap.
3795 1430 3801 1436 -

2156 1445 2402 1522 ultimo,
2431 1447 2512 1510 ad
2542 1449 2644 1523 12,
2675 1453 2738 1508 et
2755 1446 2862 1508 alii
2889 1445 3143 1525 quidam
3175 1450 3220 1508 ¹.
3249 1449 3730 1508 Turreeremata

2156 1558 2326 1616 vero,
2359 1541 2468 1602 lib.
2503 1545 2562 1615 1,
2598 1559 2734 1620 cap.
2767 1542 2829 1615 8,
2859 1539 3038 1614 ad·8‚
3069 1539 3465 1602 distinctione
3491 1540 3726 1611 utitur,

2155 1652 2296 1715 quae
2313 1635 2382 1696 in
2408 1628 2556 1696 diro
2577 1633 2818 1697 Thema
2832 1633 3208 1696 nonnullum
3235 1633 3726 1696 fundamentum

2153 1717 2365 1794 habet.
2417 1729 2574 1790 Nam
2613 1727 2922 1808 quaedam,
2971 1727 3200 1807 inquit,
3237 1733 3384 1788 sunt
3436 1725 3731 1788 membra

2154 1823 2436 1886 Ecclesiae
2463 1815 2532 1884 re
2567 1836 2630 1884 et
2657 1823 2902 1898 meritc,
2933 1829 3004 1884 ut
3041 1823 3201 1901 justi
3251 1821 3582 1902 baptizati;
3609 1820 3728 1881 alii

2155 1937 2223 1980 re
2249 1929 2314 1980 et
2341 1935 2466 1978 non
2497 1918 2742 1992 merito,
2773 1923 2844 1994 ut
2867 1917 3161 1996 baptizati
3193 1922 3540 1996 peccatores
3557 1930 3580 1992 3
3611 1914 3730 1974 alii

2157 2012 2402 2086 merito,
2455 2010 2562 2074 sed
2588 2029 2716 2072 non
2751 2029 2844 2086 re,
2875 2016 2948 2072 ut
2983 2011 3410 2072 catechumeni
3453 2027 3586 2070 non
3613 2008 3728 2068 ha-

2157 2106 2388 2186 ptizati.
2423 2106 2748 2184 possetque
2780 2104 3110 2166 consistere
3142 2103 3444 2183 ejusmodi
3471 2107 3728 2164 senten-

2159 2201 2244 2260 tia
2293 2216 2435 2260 cum
2485 2198 2878 2260 conclusione
2907 2203 3140 2273 nostra,
3181 2198 3238 2259 si
3263 2215 3374 2278 per
3401 2195 3550 2257 fidei
3571 2213 3728 2256 oon-

2156 2291 2486 2354 sessionem
2523 2292 2902 2371 baptismum
2923 2291 3429 2370 intelligeremus.

2243 2388 2340 2446 18.
2391 2385 2586 2449 Sec-ta
2611 2385 2808 2467 opinio
2829 2384 3046 2446 varior.
3067 2417 3150 2432 --
3170 2385 3322 2446 Mihi
3351 2392 3560 2446 tamen
3591 2401 3730 2444 ma·

2159 2480 2254 2559 gis
2284 2478 2480 2557 placet
2501 2478 2744 2540 fidelem
2781 2477 3298 2540 catechumenum
3329 2478 3497 2540 inter
3513 2480 3730 2540 Eccle-

2159 2575 2265 2634 siae
2289 2571 2570 2634 membra
2623 2588 2976 2647 numerare,
3025 2571 3196 2651 quod
3251 2574 3438 2632 sentit
3482 2573 3726 2646 castre,

2161 2666 2383 2745 primo,
2417 2664 2492 2726 de
2515 2665 2690 2726 Justa
2715 2664 3160 2735 Haereticorum
3189 2665 3536 2745 punitione,
3567 2685 3624 2726 c.
3655 2668 3724 2740 8,

2157 2777 2230 2820 ac
2255 2757 2502 2838 probari
2523 2763 2720 2837 potest
2745 2757 3086 2818 rationibus
3109 2758 3188 2818 iis
3205 2757 3431 2838 quibus
3447 2759 3730 2820 ostendi-

2157 2871 2298 2914 mus
2344 2851 2534 2912 fidem
2551 2869 2684 2912 esse
2735 2851 3003 2912 formam
3049 2869 3190 2931 quae
3239 2853 3378 2912 unit
3429 2852 3724 2912 Ecclaeiae

2161 2945 2464 3008 membra.
2495 2945 2669 3006 Addo
2705 2947 2930 3024 prime,
2959 2944 3126 3024 quod
3159 2944 3224 3005 in
3261 2963 3396 3024 cap.
3445 2945 3724 3018 Veniam,

2159 3041 2237 3102 de
2263 3039 2622 3118 Presbytero
2661 3057 2788 3100 non
2819 3037 3125 3117 baptizato
3155 3038 3404 3115 dicitur,
3441 3057 3572 3100 non
3615 3059 3728 3119 per

2159 3139 2612 3196 sacramentum
2641 3138 2906 3204 tantum,
2941 3131 3048 3192 sed
3078 3131 3264 3194 etiam
3293 3149 3404 3211 per
3431 3131 3580 3194 fidei
3625 3151 3724 3193 sa·

2160 3231 2546 3287 crementum
2575 3224 2732 3286 effici
2761 3224 3117 3304 quempiam
3140 3223 3492 3288 membrum
3519 3224 3730 3286 Chris·

2161 3321 2234 3395 ti,
2255 3327 2317 3382 et
2335 3325 2778 3398 consequenter
2797 3318 3080 3380 Ecclesiae
3101 3337 3116 3395 ;
3149 3318 3528 3380 ostendimus
3551 3321 3728 3380 enim

2159 3431 2288 3474 non
2334 3411 2559 3474 habere
2601 3411 2908 3474 christum
2944 3411 3068 3472 alia
3117 3411 3398 3473 membra
3435 3412 3728 3490 mystica,

2161 3512 2384 3587 praeter
2423 3524 2496 3566 ea
2542 3523 2680 3584 qnoe
2719 3511 2864 3566 sunt
2892 3503 3198 3566 Ecclesiae.
3231 3504 3532 3578 Secundo,
3579 3507 3736 3585 quia

2163 3605 2338 3660 extra
2363 3597 2696 3660 Ecclesiam
2728 3617 2854 3658 non
2883 3604 2976 3660 est
3009 3598 3208 3670 salus;
3253 3599 3344 3660 ita
3376 3597 3734 3659 Concilium

2161 3693 2588 3766 lateranense,
2625 3709 2758 3770 cap.
2789 3691 3095 3754 Firmiter
3115 3717 3138 3751 .·
3194 3693 3356 3765 Una,
3393 3691 3506 3766 ait,
3535 3697 3630 3754 est
3649 3693 3738 3770 fi-

2161 3785 2380 3848 delium
2425 3785 2730 3861 Ecclesia,
2781 3791 2958 3848 extra
2997 3801 3179 3866 quam
3227 3785 3436 3848 nullus
3482 3787 3736 3847 omnino

2157 3880 2468 3951 salvatum·
2483 3879 2854 3957 Cyprianus,
2883 3878 2960 3940 de
2975 3878 3224 3940 Unitate
3239 3877 3552 3955 Ecclesiae3
3583 3877 3736 3940 ssie-

2159 3990 2270 4033 ron
2277 3990 2476 4050 ymus,
2503 3971 2581 4032 de
2601 3971 2797 4032 tribus
2818 3971 3290 4051 Hypostasibus5
3319 3972 3732 4052 AugustinnS,

2161 4068 2200 4126 5
2241 4065 2320 4126 de
2357 4065 2704 4143 Baptismo,
2756 4083 2891 4144 cap.
2953 4065 3211 4126 ultimo:
3270 4064 3376 4126 sed
3439 4065 3736 4126 catechu-

2162 4175 2382 4218 menus
2421 4157 2646 4218 salvari
2697 4163 2916 4237 potest,
2973 4163 3044 4219 ut
3093 4175 3376 4237 suppono
3425 4165 3736 4237 tanquam

2161 4257 2422 4326 certum,
2479 4249 2556 4311 de
2601 4269 2728 4330 quo
2763 4251 2907 4312 licet
2959 4251 3166 4312 videre
3209 4250 3608 4312 Ambrosium
3661 4252 3734 4312 in

2162 4345 2440 4405 oratione
2465 4343 2542 4404 de
2571 4343 2744 4405 obitu
2766 4343 3074 4406 Valentini
3087 4359 3108 4419 3
3137 4362 3348 4422 quare,
3375 4351 3493 4406 etc.
3517 4345 3738 4424 Neque

2162 4438 2322 4498 mihi
2348 4439 2543 4516 placet
2570 4437 2622 4496 si
2640 4437 2883 4498 dicatur
2909 4437 2984 4498 ad
3013 4437 3274 4498 salutem
3293 4438 3442 4498 satis
3465 4455 3594 4499 esse
3621 4457 3736 4499 vo-

2160 4537 2296 4591 tum
2327 4547 2434 4590 seu
2463 4529 2840 4592 desiderium
2883 4529 3190 4592 existendi
3233 4531 3300 4590 iu
3343 4529 3636 4606 Ecclesia,
3683 4533 3740 4590 si

2159 4625 2311 4686 alias
2329 4623 2606 4686 absolute
2619 4623 2924 4703 quispiam
2955 4631 3166 4684 manet
3182 4630 3356 4685 extra
3367 4623 3563 4684 illam.
3585 4627 3744 4684 Ter-—

2159 4718 2272 4794 tio,
2301 4718 2516 4778 cadem
2547 4723 2638 4778 est
2669 4716 2937 4778 Ecclesia
2959 4721 3104 4778 ante
3134 4726 3197 4778 ct
3229 4723 3366 4796 post
3391 4717 3737 4794 Christum,

2161 4818 2232 4872 ut
2255 4811 2418 4872 infra
2445 4810 2790 4872 videbimus
2799 4827 2820 4885 ;
2849 4810 2956 4872 sed
3003 4827 3146 4871 cum
3175 4829 3249 4872 ea
3273 4810 3398 4872 fide
3437 4817 3502 4872 et
3528 4811 3740 4872 chari-

2163 4910 2316 4980 tate,
2339 4922 2528 4984 quam
2560 4903 3032 4966 catechumenus
3061 4903 3270 4979 habet,
3289 4920 3508 4964 verum
3531 4920 3744 4965 mem-

2160 4997 2344 5058 brum
2365 4997 2646 5060 Ecclesiae
2665 5003 2824 5058 esset
2838 5003 2983 5060 ante
3011 4997 3238 5058 christi
3265 4997 3633 5070 adventum,
3665 5005 3746 5056 ut

2170 5092 2334 5152 Cano
2385 5091 2572 5152 etiam
2617 5089 2846 5152 latetur
2861 5106 2882 5168 ;
2911 5109 3062 5169 ergo
3093 5088 3374 5152 absolute
3411 5095 3504 5150 est
3541 5089 3745 5150 etiam

2171 5183 2502 5246 dicendum
2552 5183 2908 5244 membrum
2957 5183 3275 5263 praesentis
3317 5181 3645 5256 Ecclesioe3
3679 5190 3748 5244 et

2251 5374 2268 5408 ¹
2315 5371 2388 5432 In
2417 5369 2514 5430 his
2566 5374 2658 5430 est
2687 5367 3001 5445 Bellarm.‚
3032 5368 3078 5433 l.
3121 5370 3157 5432 3
3205 5368 3283 5430 de
3323 5368 3520 5444 Eccl.‚
3559 5387 3618 5430 c.
3659 5371 3743 5443 33

2165 5464 2372 5538 Amr„
2399 5471 2551 5525 tom.
2583 5465 2644 5539 2,
2677 5463 2722 5524 l.
2753 5465 2815 5538 5,
2847 5481 2902 5526 c.
2939 5464 3055 5540 203
3100 5463 3490 5526 Turre-erem.
3521 5463 3750 5541 sequi-

2165 5564 2293 5652 tur,
2326 5558 2598 5630 Valent„
2633 5556 2678 5621 l.
2709 5559 2782 5634 6,
2810 5555 3043 5636 Anulis,
3065 5577 3120 5619 c.
3151 5560 3214 5636 2,
3243 5575 3309 5619 u.
3341 5560 3401 5623 3.
