3900 6217
873 450 1044 505 SECT.
1081 452 1204 504 Vlll.
1245 452 1328 503 AN
1365 454 1463 504 DEl
1497 448 1890 503 REVELAN‘rts
1925 450 2023 503 st‘r
2058 452 2137 503 DE
2168 452 2458 517 RATIONE,
2496 448 2629 505 Ere.

153 574 216 617 ex
271 552 636 617 testimonio
687 552 900 620 divino
921 600 938 628 ,
993 552 1316 615 evidenter
1370 556 1710 631 cognoseat

151 652 330 711 Deum
385 666 530 709 esse
585 647 696 729 qui
740 646 881 707 illas
925 646 1160 709 revelat
1211 653 1272 708 et
1319 644 1703 708 testificatur.

149 743 464 815 Probatur,
488 742 668 821 quia,
695 741 1074 821 generaliter
1097 739 1436 822 loquendo,
1465 758 1593 801 non
1613 740 1711 799 in-

145 836 318 899 volvit
346 836 915 897 contradictionem
938 881 953 909 ,
985 852 1192 916 neque
1228 841 1560 915 repugnat,
1597 852 1710 893 au-

143 932 257 994 dita
289 948 444 990 voce
473 949 608 990 non
649 929 780 990 visa
807 948 1076 1011 persona
1101 930 1424 1011 loquente,
1455 928 1711 990 eviden-

143 1036 229 1087 ter
247 1041 668 1103 cognoscere,
701 1042 775 1083 ex
799 1040 952 1084 voce
975 1024 1132 1103 ipsa,
1158 1022 1346 1083 talem
1374 1040 1709 1103 personam

143 1137 272 1180 esse
306 1135 449 1195 quae
481 1117 803 1195 loquitur3
851 1136 1001 1197 ergo
1045 1134 1253 1195 neque
1283 1120 1570 1196 respectu
1598 1114 1708 1177 Dei

140 1217 462 1293 repugnat.
517 1211 918 1273 Antecedens
979 1210 1223 1272 videtur
1283 1212 1709 1291 experimento

143 1305 428 1385 cognosci
458 1305 528 1365 in
551 1306 941 1381 hominibuS,
974 1304 1196 1366 saltem
1247 1304 1456 1385 quoad
1494 1306 1711 1365 huma-

143 1418 280 1461 nam
305 1398 662 1479 quamdam
694 1403 756 1459 et
786 1396 1089 1460 moralem
1117 1398 1514 1471 evidentiam,
1543 1400 1710 1459 Deus

141 1499 340 1554 autem
371 1499 594 1573 posset
621 1490 802 1553 facile
846 1490 1130 1553 conferre
1165 1492 1494 1573 majorem.
1529 1492 1708 1552 Ratio

143 1606 280 1649 vero
304 1593 424 1661 est,
457 1586 611 1667 quia
639 1605 760 1647 vox
797 1587 934 1667 ipsa
970 1589 1062 1647 est
1087 1586 1344 1647 effectus
1371 1584 1710 1663 loquentiS‚

145 1682 282 1743 etin
311 1680 507 1741 modo
536 1699 654 1739 seu
686 1678 987 1757 qualitate
1024 1680 1179 1759 ejuS‚
1213 1682 1420 1759 potest
1461 1696 1597 1738 esse
1627 1678 1711 1739 ita

147 1774 384 1855 propria
415 1780 480 1835 et
508 1774 988 1834 accommodata
1027 1770 1133 1834 tali
1165 1790 1474 1855 personae,
1507 1777 1576 1833 ut
1601 1791 1714 1853 per

149 1870 300 1931 illam
337 1867 685 1929 manifeste
713 1872 954 1928 constet
983 1868 1168 1929 talem
1209 1884 1545 1947 personam
1575 1885 1712 1928 esse

151 1980 272 2043 quae
295 1961 604 2039 loquitur.
633 1960 841 2023 Prima
868 1979 1015 2022 vero
1045 1960 1494 2039 consequentia
1519 1958 1713 2021 multo

149 2057 355 2117 certius
403 2054 664 2117 ostendi
707 2060 931 2135 potest,
979 2054 1358 2115 advertendo
1401 2055 1715 2135 duplicem

149 2171 268 2213 esse
289 2168 482 2231 posse
539 2150 712 2211 hanc
743 2147 1142 2223 evidentiam,
1195 2148 1448 2221 seilicet,
1501 2167 1714 2229 super-

147 2245 480 2307 naturalem
530 2251 598 2306 et
649 2241 1001 2304 naturalem
1036 2242 1280 2321 :prima
1324 2244 1584 2323 requirit
1625 2244 1715 2303 lu-

143 2358 270 2399 men
292 2338 791 2420 supernaturale
828 2336 1121 2397 divinitus
1152 2339 1458 2411 infusum3
1495 2356 1716 2398 sccun-

142 2434 208 2495 da
237 2453 344 2513 per
367 2432 786 2513 conjecturas
813 2437 872 2492 et
898 2432 1172 2492 rationes
1194 2432 1514 2493 naturales
1543 2448 1715 2492 com-

141 2526 404 2607 paranda
435 2530 562 2586 est.
599 2514 810 2587 Probo
859 2544 1009 2605 ergo
1047 2523 1313 2605 primam
1349 2544 1486 2587 esse
1518 2525 1714 2605 possi-

139 2622 346 2696 bilem3
375 2640 536 2681 nam
591 2620 903 2701 imprimis
940 2623 1146 2698 potest
1185 2620 1354 2681 Deus
1401 2620 1464 2681 in
1503 2626 1714 2682 mente

145 2716 392 2775 heminis
423 2712 778 2774 infundere
820 2713 1064 2793 species
1093 2712 1619 2793 supernaturaleS‚
1655 2720 1717 2774 et

147 2828 246 2889 per
284 2808 418 2867 illas
455 2807 754 2867 formare
786 2806 1103 2885 spirituale
1135 2808 1400 2867 verbum
1439 2806 1715 2867 infusum

157 2902 322 2961 etiam
337 2908 394 2962 et
410 2900 935 2979 supernaturale,
953 2898 1122 2981 quod
1138 2900 1374 2961 homini
1388 2901 1714 2981 recipienti

165 2996 396 3057 verbum
413 2994 570 3054 illud
599 2994 723 3053 has
743 2992 840 3054 vel
861 2992 1000 3054 illas
1020 3013 1122 3053 res
1146 2994 1474 3075 significat,
1510 2996 1572 3055 in
1593 2995 1715 3055 hoe

171 3088 314 3151 enim
345 3088 507 3147 nulla
537 3088 971 3167 repugnantia
1006 3083 1156 3167 fingi
1197 3092 1424 3167 potest.
1475 3088 1714 3149 Deinde

157 3190 333 3263 potest
353 3182 707 3243 infundere
725 3180 964 3254 lumen,
990 3201 1114 3263 quo
1137 3180 1288 3243 illud
1308 3182 1567 3243 verbum
1595 3182 1718 3244 evi-

151 3278 347 3339 denter
365 3278 430 3337 in
457 3296 532 3338 se
559 3282 983 3357 cognoscatur
999 3276 1182 3355 quale
1206 3276 1303 3350 sit,
1334 3282 1395 3337 et
1416 3276 1591 3357 cujus
1611 3294 1718 3339 na-

151 3378 316 3445 turae;
345 3391 532 3451 ergo,
558 3360 682 3451 per
703 3370 855 3429 illud
875 3363 1088 3429 lum‘en
1110 3370 1430 3431 evidenter
1454 3388 1718 3451 cognos-

151 3472 303 3527 cetur
353 3468 576 3527 Deum
623 3466 792 3539 esse,
843 3464 948 3543 qui
999 3464 1061 3525 in
1114 3464 1367 3525 bomine
1417 3462 1710 3547 loquitur.

153 3560 440 3623 Probatur
462 3560 950 3637 consequentia,
980 3558 1124 3637 quia
1161 3576 1275 3638 per
1300 3558 1472 3619 illam
1502 3556 1720 3639 cogni-

154 3656 368 3715 tionem
400 3652 741 3715 evidenter
762 3652 1157 3733 cognoscitur
1175 3654 1376 3713 Deum
1407 3671 1543 3713 esse
1575 3670 1718 3711 auc-

155 3754 330 3809 torem
351 3746 528 3807 illius
545 3745 750 3818 verbi,
778 3744 922 3825 quia
948 3746 1116 3807 solus
1137 3747 1267 3825 ipse
1287 3753 1493 3827 potest
1513 3746 1719 3806 infun·

155 3844 284 3903 dere
329 3840 709 3903 immediate
750 3840 814 3899 in
853 3840 1168 3901 intellectu
1211 3840 1718 3919 supernaturales

155 3938 410 4015 specieS,
443 3942 509 3995 et
536 3933 874 3994 immutare
905 3932 1306 4005 intellectum,
1331 3939 1394 3993 ut
1423 3952 1719 4013 superna-

155 4030 388 4105 turalia,
425 4032 622 4109 prout
639 4026 705 4085 in
727 4046 794 4089 se
825 4032 988 4100 sunt,
1015 4031 1077 4088 et
1106 4024 1560 4107 supernaturali
1585 4044 1717 4087 mo-

155 4122 222 4182 do
244 4126 620 4200 cognoscat.
677 4120 802 4181 Nee
833 4119 1021 4179 refert
1050 4117 1101 4179 si
1151 4120 1286 4197 quis
1333 4117 1497 4179 dieat
1529 4134 1716 4196 posse

155 4216 334 4277 Deum
391 4215 521 4275 hoc
557 4212 768 4273 facere
819 4231 934 4291 per
979 4218 1298 4293 angelum,
1359 4217 1420 4272 et
1469 4228 1544 4273 ex
1597 4212 1718 4272 hac

173 4316 310 4387 parte
341 4326 540 4387 posse
573 4306 658 4365 ibi
687 4304 931 4366 misceri
963 4305 1381 4378 mendacium,
1415 4306 1560 4385 quia
1583 4306 1719 4385 jam

171 4422 264 4463 non
292 4409 392 4465 est
427 4402 598 4463 Deus
622 4400 791 4461 solus
811 4400 916 4481 qui
942 4398 1240 4479 loquitur-3
1261 4398 1404 4471 hoc,
1435 4399 1715 4479 inquam,

169 4514 262 4557 non
309 4496 555 4569 obstat,
592 4494 738 4573 quia
766 4494 813 4554 si
855 4494 1118 4573 angelus
1159 4500 1365 4575 potest
1402 4492 1490 4555 ibi
1533 4494 1719 4553 inter-

167 4591 372 4661 venire,
403 4588 619 4651 solum
649 4592 837 4649 estut
865 4586 1346 4648 instrumentum
1375 4586 1508 4660 Dei,
1542 4592 1602 4647 et
1629 4586 1716 4647 ita

165 4682 298 4745 Deus
331 4688 436 4745 est
465 4680 580 4762 qui
618 4699 731 4760 per
762 4680 932 4741 illum
967 4680 1389 4761 principaliter
1413 4679 1712 4759 loquitur,

163 4795 214 4836 ae
233 4776 512 4837 subinde
527 4774 792 4855 perinde
819 4777 913 4835 est
940 4794 1012 4835 ac
1042 4774 1090 4834 si
1127 4772 1295 4834 solus
1319 4772 1684 4851 loqueretur
1693 4787 1714 4849 3

165 4889 332 4951 supra
353 4869 536 4931 enim
572 4874 892 4929 ostensum
919 4873 1036 4943 cst,
1061 4868 1147 4927 ita
1172 4886 1299 4929 non
1319 4884 1504 4945 posse
1517 4864 1718 4926 Deum

161 4964 391 5025 mentiri
430 4980 554 5043 per
583 4962 798 5033 alium,
831 4960 988 5023 sicut
1013 4980 1126 5041 per
1153 4962 1449 5039 seipsum.
1483 4958 1579 5021 Ad
1600 4960 1718 5019 hoc

157 5066 350 5118 antem
383 5054 736 5135 respondet
781 5053 1033 5115 Bannez
1079 5048 1450 5124 creaturam,
1497 5070 1719 5133 quam-

159 5151 226 5209 vis
253 5154 572 5231 operetur
601 5154 668 5209 ut
695 5146 1180 5209 instrumentum
1213 5146 1348 5221 Dei,
1381 5163 1565 5227 posse
1607 5146 1721 5209 ad-

153 5244 408 5325 jungeoe
459 5242 742 5323 aliquam
795 5242 1094 5302 malitiam
1146 5259 1222 5302 ex
1271 5258 1467 5319 prava
1513 5242 1719 5302 inten-

158 5338 330 5411 tione,
367 5342 544 5398 etex
588 5334 706 5396 hac
733 5341 934 5415 parte,
969 5334 1103 5395 fieri
1150 5351 1336 5415 posse
1378 5340 1600 5395 utnon
1639 5334 1718 5395 sit

161 5429 484 5493 infallibilis
515 5428 836 5489 revelatio.
871 5426 998 5491 Sed
1043 5428 1161 5489 hoc
1199 5426 1352 5487 nihil
1397 5426 1591 5489 refert
1636 5428 1716 5489 ad

161 5542 272 5585 rem
297 5525 382 5585 de
415 5544 546 5599 qua
578 5526 940 5596 tractamus,
967 5540 1117 5582 nam
1163 5518 1466 5601 quidquid
1515 5520 1590 5581 sit
1637 5522 1716 5583 de

166 5619 382 5680 malitia
422 5617 780 5680 extrinseca
823 5623 885 5679 et
912 5616 1036 5709 fine
1083 5614 1346 5697 proximi
1375 5612 1713 5697 operantiS,

3282 447 3362 510 69

1791 550 2198 614 nihilominus
2242 554 2356 615 erit
2401 554 2655 616 evidens
2690 554 2891 616 Deum
2938 572 3098 627 esse,
3134 556 3241 633 qui
3274 557 3364 617 lo-

1792 646 2005 725 quitur
2050 664 2167 726 per
2212 646 2401 709 talem
2445 655 2816 722 creaturam,
2886 654 2947 709 et
2989 648 3109 709 hoc
3158 650 3362 715 solum

1792 746 1886 800 est
1916 741 2085 819 quod
2114 740 2536 815 intendimus;
2564 743 2722 805 sieut
2742 744 2885 804 licet
2910 742 3201 804 sacerdos
3222 762 3359 823 pos-

1791 832 1869 894 sit
1897 851 2269 897 eonsecrare
2300 838 2465 897 malo
2491 834 2640 908 fine,
2668 836 3072 897 nihilominus
3096 854 3202 917 qul
3236 839 3363 898 evi-

1791 928 2013 988 denter
2046 936 2457 1007 cognosceret
2498 932 2805 991 actionem
2838 931 3268 1004 consecrandi,
3301 935 3364 992 et

1791 1022 2113 1084 evidenter
2128 1026 2315 1085 etiam
2339 1036 2744 1105 cognosceret
2766 1026 2956 1086 Deum
2985 1042 3120 1085 esse.
3151 1026 3255 1104 qui
3279 1026 3365 1087 ibi

1791 1116 2219 1197 principaliter
2248 1126 2567 1199 operatur,
2613 1126 2673 1181 et
2713 1120 2853 1180 ideo
2886 1110 2950 1180 in
2982 1120 3085 1179 illa
3118 1122 3361 1181 actione

1793 1211 2143 1273 secundum
2174 1230 2264 1281 55,
2299 1214 2539 1274 nullam
2566 1214 2865 1274 malitiam
2896 1220 3002 1274 aut
3028 1214 3365 1275 falsitatem

1794 1306 2057 1366 inveniri
2100 1326 2307 1386 posse.
2340 1309 2427 1369 Eo
2468 1307 2566 1369 vel
2612 1308 2883 1368 maxime
2934 1308 3102 1385 quod
3153 1316 3365 1387 posset

1790 1399 1955 1459 Deus
2013 1400 2334 1461 evidenter
2391 1400 2721 1463 ostendere
2782 1408 3135 1461 creaturam
3170 1448 3183 1473 ,
3250 1420 3366 1481 per

1794 1510 1985 1573 quam
2014 1501 2331 1573 operatur,
2380 1512 2517 1556 esse
2560 1494 2858 1573 angelum
2902 1500 3204 1567 sanetum,
3256 1496 3364 1573 qui

1791 1604 2054 1665 peceare
2085 1605 2213 1648 non
2239 1594 2464 1669 potest.
2514 1588 2587 1649 Et
2632 1588 2810 1668 plura
2842 1587 2919 1647 de
2960 1588 3078 1649 hoc
3120 1594 3359 1667 puncto

1792 1680 1990 1740 videri
2034 1688 2299 1761 possunt
2338 1684 2406 1743 in
2462 1682 2665 1761 primo
2709 1687 2877 1741 tomo
2927 1680 3127 1741 tertiae
3172 1688 3360 1759 part„

1795 1774 2024 1854 disput.
2058 1778 2158 1849 27,
2205 1783 2355 1838 sect.
2399 1778 2461 1848 2,
2492 1774 2818 1837 tractando
2855 1773 2931 1835 de
2981 1764 3365 1837 scientia'in-

1795 1867 1933 1927 fusa
1961 1868 2184 1929 anirnae
2210 1870 2456 1929 Christi.

1879 1964 1936 2023 3.
1988 1962 2136 2027 Stat
2162 1961 2343 2026 etiam
2373 1965 2672 2027 evidentia
2698 1962 3006 2027 naturalis
3036 1966 3105 2026 de
3130 1964 3365 2027 revela-

1797 2056 1959 2119 tione
1997 2074 2128 2119 cum
2159 2058 2453 2121 evidentia
2492 2057 2608 2120 Dei
2630 2058 2973 2121 revelantis.
3007 2092 3089 2104 —
3132 2058 3367 2121 Suade-

1797 2152 1901 2210 ταν
1940 2149 2195 2212 ratione.
2236 2182 2317 2196 ——
2353 2152 2567 2213 Minus
2602 2152 2908 2229 sufficiens
2946 2152 3252 2234 responsio
3289 2154 3371 2215 ad

1795 2243 2092 2305 rationem
2149 2247 2407 2316 factam.
2465 2278 2547 2290 —
2607 2243 2919 2308 Suadetur
2981 2264 3053 2308 σω
3111 2244 3365 2308 secundo

1796 2336 2062 2419 eoeemplo
2078 2340 2223 2417 fidoi
2246 2339 2598 2401 doemonum.
2632 2371 2714 2385 —-
2747 2340 2898 2401 Item
2928 2340 3210 2403 bonorum
3236 2340 3363 2402 An·-

1793 2430 2058 2511 yeloae-um
2087 2476 2106 2506 ,
2143 2448 2215 2494 ae
2255 2430 2643 2495 Beatissimo}
2700 2432 2971 2514 Virginis
3018 2441 3075 2497 et
3117 2436 3361 2509 Lazari,

1796 2528 1856 2586 et
1882 2524 2228 2585 animarum
2268 2526 2638 2607 pumatorii.
2672 2561 2751 2570 —
2788 2526 3024 2587 Deinde
3067 2528 3367 2607 probatur

1797 2618 2021 2680 eadem
2089 2619 2346 2679 assertio
2414 2638 2526 2681 seu
2593 2621 3040 2698 consequentia
3110 2622 3366 2685 rationis

1799 2712 2159 2793 principalis
2190 2712 2267 2773 de
2318 2714 2626 2774 evidentia
2676 2716 2982 2787 naturali;
3015 2734 3187 2785 nam,
3222 2716 3367 2779 licet

1798 2805 1875 2865 de
1907 2805 2487 2884 supernaturalibus
2516 2808 2728 2881 rebuS‚
2764 2814 2832 2870 ut
2858 2808 3014 2870 tales
3043 2816 3208 2882 sunt,
3236 2829 3365 2871 non

1797 2900 2109 2979 possimus
2140 2900 2371 2960 habere
2403 2902 2823 2981 cognitionem
2861 2904 3211 2963 naturalem
3246 2904 3367 2965 evi-

1797 2993 2073 3067 dentem,
2097 2992 2527 3067 nihilominus‚
2558 2998 2878 3075 supposita
2906 2996 3112 3058 divina
3145 3016 3365 3077 opera-

1799 3088 1967 3147 tione
2017 3086 2232 3147 talium
2289 3106 2497 3147 rerum
2539 3088 2603 3148 in
2644 3088 2848 3163 nobis,
2890 3109 3224 3169 possumus
3252 3108 3366 3170 per

1799 3180 2005 3259 aliqua
2057 3180 2258 3259 signa,
2306 3182 2405 3241 vel
2456 3182 2848 3262 conjecturas
2896 3182 3217 3245 evidenter
3262 3202 3365 3244 co-

1799 3292 2103 3354 gnoscere
2147 3274 2315 3353 quod
2368 3294 2403 3335 a
2442 3276 2572 3337 Deo
2627 3276 2769 3337 sint.
2808 3278 2966 3337 Nam
3015 3278 3362 3359 imprimis,

1799 3386 1942 3429 cum
1970 3368 2139 3429 Deus
2184 3366 2419 3447 aliquid
2452 3370 2687 3431 revelat
2728 3370 2933 3446 alicui,
2976 3372 3079 3451 qui
3130 3372 3365 3431 revela-

1798 3461 2034 3521 tionem
2098 3461 2352 3540 suscipit
2388 3508 2403 3533 ,
2467 3463 2789 3525 evidenter
2843 3465 3157 3544 experitur
3219 3484 3367 3527 con·

1800 3560 2072 3634 ceptum,
2110 3554 2209 3615 vel
2242 3556 2617 3618 locutionem
2646 3556 2711 3618 in
2752 3576 2819 3619 se
2859 3558 3111 3630 factam,
3145 3576 3363 3639 quam·

1798 3650 1891 3708 vis
1956 3646 2126 3708 illam
2176 3646 2239 3708 in
2292 3668 2357 3710 se
2414 3648 2677 3712 fortasse
2739 3651 3018 3713 intuitive
3088 3672 3213 3714 non
3280 3652 3364 3712 vi-

1801 3740 1946 3803 deat
1966 3758 1985 3819 3
2031 3740 2187 3802 sicut
2220 3760 2334 3803 nos
2383 3744 2738 3823 experimur
2776 3744 3029 3807 eredere
3062 3749 3121 3809 et
3152 3764 3363 3806 amare

1799 3836 2031 3909 Deum,
2067 3840 2433 3898 nontamen
2464 3838 2781 3899 intuemur
2809 3840 2976 3921 ipsos
3022 3846 3214 3914 actim,
3250 3858 3364 3901 ne-

1800 3948 1920 4011 que
1968 3930 2287 3990 evidenter
2326 3933 2761 4013 cognoscimus
2806 3932 3024 4012 quales
3068 3935 3209 4006 sint,
3260 3934 3361 3995 vel

1800 4022 2114 4103 quomodo
2150 4042 2187 4083 a
2216 4022 2344 4083 Deo
2391 4021 2544 4097 sint3
2582 4024 2984 4087 nihilominus
3016 4032 3225 4087 tamen
3252 4046 3363 4106 po-

1797 4122 1916 4177 test
1943 4116 2279 4196 aliquando
2308 4116 2443 4179 fieri
2478 4126 2565 4191 ut,
2594 4118 2903 4200 adjunctis
2932 4120 3068 4181 aliis
3099 4119 3364 4181 circum-

1800 4210 2060 4283 stantiiS,
2108 4228 2183 4269 ex
2216 4210 2333 4271 illis
2364 4218 2777 4291 cognoscatur
2805 4212 3133 4275 manit'este
3166 4216 3360 4274 Deum

1801 4320 1938 4365 5555
1970 4305 2077 4383 qui
2110 4304 2404 4383 loquitur.
2458 4304 2557 4367 Sic
2608 4306 3084 4386 philosophatur
3127 4306 3361 4387 Cajeta-

1800 4416 1919 4457 nus
1949 4398 2027 4457 de
2058 4397 2259 4477 primo
2313 4398 2576 4479 Angelo,
2626 4400 2835 4479 quiin
2884 4420 2997 4461 sua
3045 4402 3361 4461 creatione

1799 4492 2032 4571 recepit
2086 4491 2535 4552 revelationem
2586 4492 2755 4565 fidei,
2815 4494 2962 4572 quia
3003 4494 3106 4555 ille
3162 4492 3363 4575 potuit

1800 4584 2120 4645 evidenter
2161 4600 2541 4665 cognoscere
2589 4584 2969 4647 locutionem
3017 4588 3188 4648 illam
3236 4607 3361 4649 non

1799 4677 1990 4739 fuisse
2021 4678 2100 4737 ab
2141 4679 2347 4758 aliqua
2394 4686 2696 4754 ereatura,
2744 4682 2891 4760 quia
2938 4682 3193 4743 deberet
3227 4703 3363 4744 esse

1801 4772 2087 4851 superior
2112 4770 2214 4831 illo
2257 4772 2503 4851 angelo,
2555 4776 2689 4833 erat
2736 4780 2943 4833 autem
2989 4774 3073 4834 illi
3106 4776 3365 4836 evidens

1800 4884 1928 4925 non
1968 4862 2102 4924 dari
2145 4872 2495 4925 creaturam
2542 4866 2925 4944 superiorem
2971 4887 3071 4941 se;
3127 4886 3269 4927 nam
3315 4868 3363 4927 si

1803 4958 2079 5035 daretur,
2111 4957 2279 5019 illam
2297 4966 2687 5041 agnosceret,
2711 4959 2901 5021 habet
2932 4962 3096 5021 enim
3127 4962 3367 5041 species

1799 5072 2015 5115 rerum
2063 5052 2342 5114 omnium
2388 5055 2804 5128 naturalium-3
2845 5074 2993 5135 ergo
3045 5054 3368 5117 evidenter

1800 5147 2107 5208 inferebat
2134 5146 2509 5207 locutionem
2535 5146 2709 5208 illam
2744 5166 2882 5208 esse
2925 5166 2961 5208 a
2991 5150 3139 5208 Dee.
3168 5148 3366 5209 Video

1799 5258 1983 5321 posse
2014 5238 2377 5319 responderi
2410 5240 2598 5301 talem
2626 5242 2919 5323 angelum
2949 5240 3233 5303 dubitare
3262 5261 3369 5321 po-

1800 5336 1993 5396 tuisse
2024 5354 2105 5394 an
2158 5336 2324 5395 Deus
2370 5333 2708 5397 occultaret
2740 5335 2853 5396 sibi
2899 5335 3085 5395 aliam
3127 5344 3367 5397 creatu-

1798 5449 1933 5490 ram
1978 5428 2385 5509 superiorem.
2436 5429 2559 5491 Sed
2586 5431 2708 5491 hoc
2746 5449 2874 5489 non
2904 5434 3216 5510 repugnat
3246 5431 3371 5492 evi-

1800 5522 2025 5584 dentioe
2064 5522 2354 5595 naturali,
2389 5542 2525 5603 quae
2552 5523 2635 5584 ita
2663 5523 2847 5585 datur
2874 5523 2951 5583 de
2983 5524 3173 5584 rebus
3200 5524 3369 5585 exis-

1797 5616 2095 5691 tentibu5‚
2127 5616 2225 5679 vel
2256 5635 2381 5677 non
2411 5617 2817 5680 existentibus
2853 5618 3265 5690 naturalibus,
3304 5626 3370 5683 ut
