3900 6217
519 311 640 370 408
1625 315 1863 368 msPU'r.
1899 316 2024 368 XVI.
2064 317 2143 368 DE
2176 315 2625 370 INFIDELITATE.

519 419 724 481 rantia
751 435 857 478 seu
891 417 1162 478 carentia
1189 418 1556 496 cognitionis
1589 421 1894 498 provenit,
1938 421 2077 482 ideo

523 513 762 574 malitia
787 512 950 572 illius
981 513 1211 590 peccati
1243 513 1585 574 formaliter
1627 515 1695 575 in
1744 515 2077 576 omissione

521 607 853 667 consistere
907 605 1174 680 videtur,
1222 608 1506 684 quamvis
1547 609 1947 670 materialiter
1999 609 2078 669 sit

523 700 887 762 commissio.

606 796 666 856 8.
713 795 1061 874 Infidelitas
1106 796 1421 858 contraria
1447 799 1728 876 quomodo
1767 799 1850 860 ad
1863 816 2074 879 pecca-

524 892 653 950 tum
677 887 1110 950 commissionis
1125 891 1632 967 spectet—eirca
1653 891 1912 952 alterum
1931 910 2081 953 vero

523 981 777 1042 modum
822 980 1223 1057 infidelitatis,
1271 984 1624 1062 CajetanuS,
1657 984 1820 1044 dicta
1859 991 2078 1064 quaest.

528 1078 627 1150 10,
657 1074 836 1135 artic.
882 1077 942 1147 2,
975 1079 1098 1135 tres
1143 1076 1357 1136 modos
1409 1079 1698 1155 peccandi
1727 1078 2078 1157 distinguit.

526 1168 768 1229 Primus
808 1167 1027 1228 modus
1065 1175 1160 1228 est
1201 1169 1608 1245 discredendi‚
1637 1189 1744 1231 seu
1793 1170 2083 1232 credendi

525 1260 678 1322 falsa
698 1278 826 1323 esse
843 1279 980 1341 quae
1009 1267 1464 1342 proponuntur,
1493 1275 1602 1323 aut
1624 1264 1911 1326 credendi
1935 1281 2083 1325 con-

523 1353 714 1414 traria
743 1372 872 1416 esse
903 1373 1070 1416 vera.
1123 1356 1440 1417 Secundus
1489 1362 1583 1417 est
1617 1375 1734 1418 nec
1766 1357 2079 1434 credendi,

524 1464 640 1507 nec
668 1447 1067 1522 discredendi,
1119 1448 1224 1510 sed
1267 1451 1440 1527 quasi
1483 1451 1892 1530 suspendendi
1946 1469 2085 1512 om—

526 1557 672 1601 nem
703 1545 904 1601 actum
937 1541 1307 1604 intellectus.
1333 1544 1578 1604 Tertius
1601 1545 1822 1604 modus
1845 1553 1936 1605 est
1966 1543 2082 1605 du-

524 1633 796 1706 bitandi;
831 1641 894 1696 et
942 1634 1378 1714 subdistinguit
1413 1636 1580 1698 hunc
1622 1637 1686 1698 iu
1737 1638 1860 1699 tria
1888 1657 2086 1700 mem-

523 1726 657 1800 bra,
696 1745 832 1806 quae
859 1733 1034 1788 vocat
1061 1747 1173 1808 per
1199 1729 1582 1808 opinionem,
1613 1729 1712 1790 vel
1740 1749 1852 1810 per
1889 1734 2084 1812 suspi-

527 1823 791 1900 cionem,
821 1822 917 1884 vel
943 1825 1330 1900 neutraliter,
1360 1833 1432 1886 ut
1463 1828 1568 1887 ait.
1604 1829 1844 1888 Primus
1867 1828 2089 1890 modus

527 1917 882 1996 principalis
923 1917 1110 1997 hujus
1137 1917 1513 1980 infidelitatis
1541 1939 1579 1980 a
1615 1921 1906 2000 cajetano
1945 1940 2087 2001 pro-

529 2009 766 2090 positus
793 2010 1150 2072 verissimus
1175 2018 1269 2073 est
1305 2018 1369 2072 et
1406 2013 1799 2089 clarissimus,
1831 2021 1893 2075 et
1921 2015 1986 2075 in
2014 2034 2088 2076 eo

533 2103 918 2181 apertissime
944 2105 1222 2165 cernitur
1252 2116 1572 2185 peccatum
1615 2108 2085 2184 commissionis,

529 2202 593 2257 et
637 2195 771 2258 sine
805 2195 994 2256 dubio
1021 2197 1086 2257 in
1134 2197 1251 2257 hoc
1280 2216 1505 2277 genere
1555 2200 1790 2278 peccati
1818 2199 2088 2262 infideli-

531 2289 675 2351 tatis
713 2295 804 2350 est
834 2290 1197 2365 maximum,
1231 2293 1378 2370 qnia
1404 2291 1582 2353 valde
1613 2293 1844 2355 directe
1870 2295 2091 2374 primae

529 2384 776 2446 veritati
797 2385 1147 2464 opponitur.
1181 2386 1533 2447 Secundum
1557 2386 1812 2447 modum
1842 2388 2089 2450 videtur

529 2477 858 2556 Cajetanus
889 2495 1230 2558 proponere
1271 2497 1382 2559 per
1421 2479 1676 2540 modum
1713 2479 2085 2557 omissionis,

531 2570 681 2650 quia
708 2571 774 2631 in
822 2571 929 2632 illo
957 2590 1084 2632 non
1115 2572 1440 2634 intercedit
1475 2578 1648 2635 actus
1673 2573 1820 2634 fidei
1849 2580 2091 2634 contra-

531 2665 684 2740 rius,
716 2664 822 2726 sed
850 2671 1098 2726 tantum
1123 2667 1399 2727 carentia
1421 2674 1592 2727 actus
1618 2665 1905 2728 credendi
1931 2685 2089 2748 prae-

532 2758 730 2836 cepti3
783 2759 1094 2837 quomodo
1132 2776 1281 2820 vero
1324 2758 1441 2820 hoc
1470 2757 1941 2838 intelligendum
1986 2761 2089 2836 sit,

533 2851 742 2910 statim
784 2851 1009 2912 dicam.
1055 2853 1118 2912 ln
1161 2851 1348 2913 tertio
1372 2859 1580 2913 autem
1617 2850 1800 2912 modo
1828 2852 2093 2912 difficilis

532 2943 690 3003 mihi
721 2949 812 3004 est
839 2944 1201 3019 subdivisiO,
1232 2964 1416 3025 quam
1437 2946 1759 3025 Caietanus
1782 2947 2091 3025 adjungit,

533 3041 596 3098 et
645 3035 954 3098 distinctio
999 3037 1163 3098 illius
1219 3056 1256 3099 a
1303 3039 1536 3099 caeteris
1573 3037 1884 3099 membris,
1935 3039 2090 3098 Nam

533 3128 744 3208 opinio
795 3148 984 3207 quam
1031 3131 1234 3211 primo
1277 3130 1408 3191 loco
1453 3132 1652 3210 ponit,
1705 3149 1838 3191 esse
1893 3137 2097 3211 potest

533 3226 640 3280 aut
689 3220 764 3280 de
800 3221 1066 3282 falsitate
1105 3223 1198 3284 rei
1225 3225 1574 3303 propositae‚
1607 3223 1706 3284 vel
1749 3223 1917 3303 quod
1947 3241 2091 3284 con-

530 3311 723 3372 traria
749 3331 895 3372 vera
918 3313 1019 3388 sit,
1051 3320 1112 3373 et
1140 3314 1206 3374 in
1235 3313 1353 3374 hoc
1383 3332 1562 3376 sensu
1591 3314 1708 3376 hoc
1736 3315 2093 3377 membrum

531 3405 825 3465 coincidit
859 3423 1002 3466 cum
1036 3407 1238 3486 primo
1277 3407 1461 3468 modo
1509 3409 1804 3488 peccandi
1833 3427 1942 3488 per
1970 3410 2091 3470 dis-

532 3515 810 3570 sensum;
865 3517 1013 3560 nam
1055 3499 1384 3561 haereticus
1427 3519 1555 3561 non
1586 3501 1764 3562 aliter
1811 3502 2092 3563 dissentit

531 3590 717 3651 rebus
771 3590 935 3666 fidei,
985 3610 1173 3671 quam
1215 3592 1526 3673 opinando
1572 3612 1702 3654 esse
1748 3595 1950 3670 falsas,
1983 3603 2092 3656 aut

533 3685 870 3746 contrarias
901 3703 1029 3746 esse
1065 3705 1240 3746 veras
1257 3703 1276 3762 3
1307 3692 1369 3746 et
1394 3687 1556 3746 idem
1585 3691 1675 3748 est
1703 3687 1779 3748 de
1817 3686 2092 3768 quolibet

533 3776 794 3850 infideli,
845 3779 948 3837 cui
998 3778 1150 3838 fides
1193 3779 1566 3841 sufficienter
1610 3781 1919 3860 proposita
1964 3787 2088 3859 est;

531 3869 630 3931 vel
661 3877 854 3948 potest
883 3871 1150 3948 intelligi
1189 3871 1264 3932 de
1289 3873 1582 3952 opinione
1623 3874 1901 3952 ejusdem
1930 3875 2092 3935 veri-

533 3964 677 4024 tatis
703 3965 1052 4043 propositae,
1085 3970 1154 4024 ut
1193 3963 1243 4024 si
1271 3967 1406 4044 quis
1436 3963 1527 4026 illi
1559 3967 1927 4027 assentiatur
1962 3967 2094 4047 opi-

535 4055 766 4130 nando,
799 4057 1074 4117 nondum
1107 4064 1314 4119 tamen
1347 4058 1608 4120 tirmiter
1635 4059 1979 4134 credend03
2030 4067 2092 4120 et

531 4149 674 4210 talis
701 4150 914 4229 opinio
942 4169 1050 4229 per
1073 4170 1136 4212 se
1169 4150 1478 4230 loquendo
1506 4171 1634 4212 non
1657 4158 1749 4212 est
1778 4160 2090 4231 peccatum

531 4248 748 4302 contra
777 4243 986 4316 fidem,
1030 4263 1176 4304 nam
1206 4244 1392 4304 homo
1421 4243 1620 4305 fidelis
1669 4251 1862 4324 potest
1904 4247 2093 4306 inter-

531 4336 681 4396 dum
704 4337 988 4398 assentiri
1016 4336 1197 4397 rebus
1215 4336 1361 4398 fidei
1395 4356 1503 4417 per
1531 4337 1720 4398 fidem
1747 4337 2089 4399 humanam

534 4447 610 4488 ex
655 4429 1016 4489 auctoritate
1067 4428 1394 4490 hominum
1416 4475 1434 4504 ,
1485 4436 1548 4490 et
1600 4448 1725 4491 non
1767 4438 2089 4510 propterea

531 4527 744 4600 peceat
758 4543 776 4596 3
807 4521 959 4582 fides
987 4529 1195 4582 autem
1240 4522 1517 4582 humana
1555 4522 1841 4602 quasdam
1877 4521 2089 4600 opinio

532 4622 644 4676 est.
690 4617 896 4694 Neque
925 4617 1338 4677 necessarium
1377 4623 1470 4676 est
1499 4620 1568 4674 ut
1595 4616 1702 4694 qui
1729 4614 2089 4693 hujusmodi

531 4726 848 4770 assensum
877 4709 1086 4783 habet,
1115 4709 1277 4768 circa
1306 4708 1626 4769 veritatem
1656 4707 1799 4768 fidei
1824 4707 2086 4781 dubitet,

529 4803 632 4863 vel
659 4803 948 4864 formidet
995 4801 1070 4862 de
1116 4803 1484 4863 certitudine
1533 4803 1690 4881 ejuS,
1746 4801 1890 4881 quia
1944 4799 2091 4861 licet

529 4895 818 4969 formidO,
863 4902 1164 4974 quantum
1209 4900 1302 4956 est
1346 4915 1422 4957 ex
1464 4902 1636 4975 parte
1675 4895 1951 4957 formalis
1978 4893 2087 4954 ob-

523 4989 697 5068 jecti,
750 4989 830 5049 sit
869 4989 946 5050 de
991 4990 1230 5050 ratione
1270 4988 1578 5068 opinionis
1630 4988 1731 5049 vel
1772 4986 1916 5048 fidei
1973 4987 2089 5046 hu-

529 5099 754 5157 manae,
801 5100 928 5142 non
978 5089 1190 5142 tamen
1238 5099 1314 5142 ex
1359 5087 1528 5160 parte
1573 5080 1870 5157 subjecti3
1922 5079 2086 5140 unde

528 5181 723 5254 potest
766 5174 990 5254 aliquis
1019 5175 1103 5236 ita
1143 5174 1424 5236 assentiri
1469 5173 1626 5234 nihil
1664 5171 2081 5246 formidandO,

525 5287 641 5329 nec
669 5268 745 5328 de
785 5267 1220 5328 incertitudine
1245 5267 1574 5344 cogitando
1606 5287 1618 5329 :
1656 5265 1818 5344 quod
1855 5267 1908 5326 si
1950 5267 2086 5344 quis

524 5361 851 5440 opinetur,
901 5367 973 5421 ut
1017 5361 1206 5422 etiam
1248 5361 1590 5422 formaliter
1634 5358 1877 5422 dubitet
1921 5358 2086 5438 judi·

523 5455 720 5516 cando
741 5474 872 5518 rem
894 5455 1061 5517 illam
1080 5473 1205 5516 non
1225 5472 1359 5517 esse
1375 5471 1606 5531 veram,
1630 5453 1735 5516 sed
1757 5456 2081 5530 incertam,

2160 437 2270 482 aut
2302 422 2579 496 dubiam,
2614 427 2763 481 tunc
2789 419 2923 498 jam
2966 417 3219 480 habebit
3239 421 3525 500 judicium
3550 442 3672 486 con-

2158 516 2419 576 trarium
2446 513 2841 593 dogmatibus
2863 512 3031 586 fidei,
3060 513 3205 592 quia
3244 531 3367 574 non
3394 515 3573 576 solum
3598 532 3676 578 est

2158 609 2235 671 de
2254 609 2395 684 fide,
2430 606 2701 669 revelata
2720 625 2855 668 esse
2874 624 3043 682 vera,
3069 606 3173 666 sed
3194 607 3377 668 etiam
3398 627 3517 668 esse
3532 617 3678 672 certa

2160 709 2221 763 et
2242 703 2589 764 infallibilia
2604 718 2623 778 ;
2640 707 2825 780 atque
2839 700 2959 762 hac
2971 700 3206 762 ratione
3220 701 3321 764 hic
3337 701 3539 762 modus
3566 704 3677 780 opi-

2162 796 2353 856 nandi
2382 814 2491 856 seu
2517 793 2843 856 dubitandi
2884 792 3144 854 includit
3170 792 3525 873 propositam
3560 794 3679 856 infi-

2162 891 2477 950 delitatem
2524 907 2635 969 per
2678 889 3026 948 dissensum
3056 889 3427 948 contrarium
3452 886 3601 961 fidei,
3628 895 3681 950 et

2163 984 2253 1044 ita
2287 984 2604 1044 reducitur
2632 983 2707 1044 ad
2734 981 3010 1062 primum
3038 981 3293 1040 modum
3340 979 3681 1044 infidelitatis

2164 1077 2438 1155 Cajetani
2462 1099 2479 1150 ;
2510 1082 2695 1155 atque
2726 1074 2893 1134 idem
2924 1079 3015 1134 est
3040 1073 3119 1133 de
3142 1073 3499 1152 suspicione,
3518 1091 3681 1151 quam

2163 1170 2429 1231 secundo
2455 1169 2588 1229 loco
2618 1168 2823 1246 posuit
2856 1166 3187 1245 cajetanus
3214 1165 3281 1226 in
3312 1165 3421 1226 hac
3446 1164 3683 1226 subdivi-

2164 1263 2359 1338 sione,
2386 1261 2553 1340 quia,
2580 1267 2651 1320 ut
2678 1278 2753 1322 ex
2788 1257 2995 1320 Tullio
3014 1258 3230 1320 docuit
3252 1258 3427 1318 divus
3452 1257 3685 1318 Thomas

2164 1359 2225 1418 2.
2260 1359 2320 1428 2,
2353 1362 2566 1436 quaest.
2596 1357 2702 1428 60,
2722 1361 2841 1416 art.
2877 1355 2937 1429 3,
2970 1353 3235 1432 suspicio
3262 1352 3417 1414 nihil
3442 1352 3688 1414 aliudest

2162 1467 2352 1530 quam
2370 1449 2581 1529 opinio
2600 1448 2747 1510 mali
2770 1466 2846 1508 ex
2870 1446 3111 1508 levibus
3136 1444 3513 1522 conjecturis·
3537 1447 3689 1506 Unde

2164 1543 2231 1602 in
2252 1542 2561 1620 praesenti,
2584 1541 2851 1620 suspicio
2869 1541 2935 1600 in
2957 1539 3219 1600 materia
3237 1537 3378 1600 fidei
3400 1538 3511 1598 erit
3523 1541 3689 1600 etiam

2166 1635 2377 1715 opinio
2410 1634 2691 1696 falsitatis
2736 1651 2811 1694 ex
2860 1633 3100 1694 levibus
3150 1631 3537 1709 conjecturis3
3574 1632 3690 1692 talis

2168 1745 2315 1807 ergo
2364 1727 2631 1806 suspicio
2653 1727 2961 1804 judicium
3004 1723 3268 1786 inc-ludit
3296 1723 3437 1786 fidei
3480 1730 3686 1786 watra-

2166 1820 2361 1894 rium‚
2382 1820 2529 1898 quia
2556 1819 2687 1878 sine
2716 1816 2920 1897 aliquo
2942 1817 3181 1896 judic-io
3208 1833 3337 1878 non
3356 1821 3445 1878 est
3466 1817 3681 1894 opinio;

2169 1931 2317 1992 ergo
2345 1913 2532 1974 etiam
2562 1913 2663 1972 hic
2704 1910 3035 1972 dubitandi
3069 1909 3292 1970 modus
3321 1908 3569 1971 includit
3588 1907 3688 1970 dis-

2168 2025 2415 2068 sensum
2444 2012 2659 2066 contra
2684 2004 2897 2078 fidem,
2928 2021 3002 2064 ac
3032 2002 3295 2083 proinde
3320 2002 3691 2064 reduciturad

2170 2101 2445 2181 primum
2468 2099 2721 2160 modum
2740 2097 3125 2160 infidelitatis
3146 2097 3231 2158 ab
3250 2097 3469 2158 eodem'
3480 2101 3692 2158 auctore

2168 2187 2460 2274 positum.

2250 2287 2312 2347 9.
2360 2285 2633 2365 Denique
2662 2285 2883 2346 tertius
2911 2283 3131 2346 modus
3152 2280 3448 2344 neutralis
3482 2281 3694 2342 dubita-

2168 2378 2355 2440 tionis
2375 2379 2617 2439 videtur
2646 2378 2975 2439 consistere
3003 2378 3067 2438 iu
3091 2376 3485 2456 suspensione
3520 2375 3693 2435 omnis

2168 2489 2448 2534 assensus
2498 2470 2599 2532 vel
2648 2471 3001 2549 dissensus3
3044 2489 3195 2534 nam
3262 2476 3410 2530 tunc
3460 2469 3693 2530 maxime

2168 2565 2394 2626 dicitur
2436 2562 2787 2624 intellectus
2841 2562 3209 2625 neutraliter
3258 2581 3322 2623 se
3370 2561 3600 2622 habere.
3638 2562 3694 2621 In

2168 2657 2289 2718 hoc
2334 2664 2544 2718 autem
2604 2675 2787 2718 sensu
2828 2657 3121 2718 coincidit
3172 2656 3280 2718 hic
3322 2655 3531 2718 modus
3575 2671 3695 2714 cum

2170 2750 2439 2812 secundo
2498 2749 2853 2830 principalis
2904 2748 3249 2825 divisioniS,
3297 2749 3365 2808 in
3400 2767 3518 2826 quo
3562 2748 3699 2810 dice-

2172 2845 2357 2906 batur
2396 2845 2619 2924 aliquis
2659 2843 2917 2905 deficere
2958 2861 2997 2905 a
3045 2843 3257 2904 debita
3296 2841 3438 2918 fide,
3482 2841 3696 2920 quaudo

2174 2956 2376 3018 neque
2420 2938 2613 3000 credit
2644 2955 2844 3016 neque
2893 2936 3225 3012 discredit3
3277 2954 3423 2998 nam
3468 2935 3577 2996 hoc
3622 2939 3695 2994 est

2176 3031 2291 3110 (ut
2318 3030 2481 3107 dixi)
2513 3030 2879 3092 neutraliter
2906 3047 2969 3090 se
3020 3029 3301 3104 habere3
3344 3028 3473 3090 haec
3515 3033 3694 3088 autem

2175 3125 2489 3204 dispositio
2526 3125 2777 3204 praecise
2810 3129 3077 3204 spectata
3105 3142 3233 3184 non
3274 3122 3513 3184 videtur
3557 3121 3697 3182 suffi-

2174 3236 2309 3278 cere
2356 3219 2433 3278 ad
2486 3217 2909 3278 infidelitatem
2938 3262 2957 3291 ,
3008 3235 3219 3296 neque
3260 3216 3341 3278 ad
3396 3214 3695 3274 dubitatio·

2171 3327 2339 3386 nem,
2372 3310 2519 3390 quia
2546 3314 2747 3389 potest
2768 3310 2905 3389 quis
2932 3309 3313 3389 suspendere
3340 3313 3539 3370 actum
3562 3307 3697 3368 eirca

2171 3403 2342 3464 illam
2378 3405 2723 3464 materiam.
2770 3404 3177 3483 Quapropter,
3212 3403 3337 3463 nisi
3374 3402 3506 3480 quis
3540 3399 3699 3460 absti-

2170 3504 2315 3558 neat
2340 3497 2419 3557 ab
2446 3496 2803 3574 hujusmodi
2831 3503 2973 3557 actu
3022 3515 3098 3556 ex
3130 3495 3345 3575 aliqua
3368 3494 3697 3572 cogitatione

2170 3589 2627 3652 incertitudinis
2680 3591 2777 3651 vel
2844 3589 3285 3666 dubitationis,
3327 3606 3452 3649 non
3486 3586 3699 3646 videtur

2171 3683 2277 3743 illa
2323 3683 2643 3761 dispositio
2670 3684 2947 3746 sufficere
2984 3683 3063 3744 ad
3116 3683 3429 3762 propriam
3462 3678 3697 3760 speciem

2171 3777 2577 3840 infidelitatis,
2614 3778 2789 3851 Quod
2816 3778 2869 3838 si
2908 3777 3017 3840 illa
3041 3777 3363 3856 suspensio
3390 3793 3464 3836 ex
3490 3773 3587 3834 tali
3618 3790 3699 3832 co·

2172 3870 2471 3949 gitatione
2510 3872 2832 3949 proveniat
2855 3916 2875 3946 ,
2915 3870 3049 3950 ,iam
3095 3869 3403 3930 dubitatio
3449 3885 3567 3928 non
3605 3865 3699 3926 ha-

2172 3963 2355 4024 betur
2382 3964 2515 4024 sine
2542 3964 2749 4044 aliquo
2776 3971 2919 4024 actu
2958 3963 3207 4026 veritati
3230 3969 3343 4024 aut
3381 3957 3698 4022 certitudini

2172 4056 2317 4118 fidei
2344 4059 2677 4133 contrari0‚
2710 4059 2873 4137 quod
2910 4057 3139 4118 sufficit
3180 4057 3261 4118 ad
3292 4055 3597 4136 positivam
3620 4052 3699 4110 in-

2172 4150 2554 4212 fidelitatem.
2602 4151 2775 4212 Unde
2816 4151 3111 4212 concludo
3140 4167 3393 4212 omnem
3418 4146 3695 4227 propriam

2172 4245 2623 4320 infidelitatem,
2652 4263 2790 4324 quae
2820 4250 2957 4325 post
2996 4244 3407 4305 sufficientem
3442 4239 3575 4302 fidei
3604 4258 3697 4300 au-

2170 4337 2371 4398 ditum
2418 4338 2825 4398 committitur
2852 4383 2871 4412 ‚
2923 4355 3051 4398 esse
3091 4344 3411 4416 peccatum
3446 4333 3697 4396 commis·

2170 4431 2361 4492 sionis
2408 4431 2729 4492 includens
2768 4431 2999 4492 virtute
3026 4431 3143 4492 hoc
3185 4430 3517 4509 judicium,
3554 4424 3696 4508 quod

2169 4541 2267 4584 res
2316 4525 2404 4584 sic
2447 4524 2759 4602 proposita
2806 4529 3003 4602 potest
3042 4542 3171 4584 esse
3206 4524 3379 4584 falsa.

2252 4619 2346 4678 10.
2374 4617 2475 4679 An
2495 4616 2822 4695 infidelitas
2846 4616 3156 4697 privativa
3184 4622 3243 4680 et
3271 4613 3569 4678 contraria
3590 4611 3697 4674 sint

2162 4717 2413 4793 peccata
2468 4711 2729 4790 &uadem
2787 4707 3019 4792 speciei.
3053 4743 3131 4756 --
3154 4711 3243 4772 Ex
3306 4728 3428 4790 quo
3472 4706 3693 4768 tandem

2170 4804 2441 4866 breviter
2474 4803 2698 4864 resolvi
2729 4809 2927 4882 potest
2962 4803 3085 4864 alia
3128 4803 3433 4864 dubitatio
3479 4801 3575 4861 hic
3610 4815 3693 4858 oc-

2170 4915 2445 4971 currens,
2465 4915 2544 4958 an
2575 4897 2907 4958 infidelitas
2928 4895 3029 4957 his
3056 4895 3297 4956 duobus
3338 4894 3527 4956 modis
3552 4907 3693 4952 com·

2168 4991 2355 5052 missa
2381 5037 2398 5064 ,
2444 4990 2671 5051 scilicet
2691 5035 2710 5065 ‚
2746 4989 3087 5050 omittendo
3146 4994 3207 5049 et
3260 4983 3689 5054 committendO,

2169 5085 2247 5143 sit
2275 5089 2596 5162 peccatum
2632 5083 2911 5161 ejusdem
2942 5083 3191 5162 speciei,
3226 5082 3317 5142 vel
3345 5081 3603 5140 diverse.
3630 5076 3692 5135 Et

2166 5178 2325 5238 ratio
2358 5175 2679 5236 dubitandi
2726 5177 2995 5236 sumitur
3033 5195 3109 5236 ex
3136 5176 3281 5236 divo
3310 5174 3535 5234 Thoma
3560 5173 3608 5229 ¹.
3636 5169 3688 5240 2,

2166 5276 2384 5348 quwst.
2420 5271 2520 5342 72,
2548 5277 2666 5328 art.
2695 5272 2757 5343 6,
2789 5269 2894 5329 ubi
2927 5269 3285 5348 simplic-iter
3326 5269 3501 5329 docet
3534 5265 3692 5328 omis-

2166 5365 2403 5424 sionem
2439 5370 2501 5424 et
2534 5363 3029 5424 commissionem
3084 5382 3215 5424 esse
3258 5369 3501 5444 peccata
3546 5360 3684 5438 ejus-

2166 5457 2307 5519 dem
2340 5457 2583 5538 speciei.
2616 5456 3029 5518 Nihilominus
3064 5475 3266 5520 assero
3294 5459 3357 5519 in
3383 5457 3494 5517 hac
3522 5457 3683 5515 matc-
