3900 6217
747 426 916 480 SECT.
954 430 991 481 1.
1028 429 1239 483 UTRUM
1273 428 1439 482 AMOR
1475 430 1577 482 DEI
1610 430 1689 481 ET
1722 426 1978 481 Pnoxiffl
2011 426 2148 479 sim*
2181 426 2378 478 AC'rus
2412 425 2796 479 enauimus.

168 547 345 590 mum
402 527 614 589 finem.
676 530 1125 609 Consequentia
1176 529 1510 609 probatur,
1580 529 1728 609 quia

164 624 437 683 maxima
476 621 799 684 inclinatio
838 622 1135 684 naturalis
1178 629 1267 683 est
1308 624 1386 683 ad
1429 623 1726 683 ultimum

164 716 395 790 finem3
426 716 650 796 primu,
677 716 824 795 quia
856 715 960 777 ille
990 722 1079 777 est
1102 734 1212 797 per
1236 734 1299 777 se
1330 716 1598 777 maxime
1636 715 1726 775 di-

164 807 457 885 ligibilis;
486 808 809 869 inclinatio
841 815 1051 869 autem
1093 808 1418 885 naturaliS,
1460 827 1599 870 cum
1644 810 1726 871 sit

163 902 661 978 ordinatissima,
713 910 804 964 est
858 909 1271 965 consentanea
1317 903 1581 983 objecto.
1619 905 1723 966 Se-

160 996 392 1073 cundo,
436 996 583 1077 quia
610 997 865 1058 ultimus
904 998 1047 1059 finis
1076 1004 1167 1059 est
1200 999 1372 1078 quasi
1404 999 1564 1059 ratio
1586 998 1725 1058 dili-

159 1089 353 1167 gendi
385 1096 603 1151 caetera
625 1110 641 1165 3
676 1090 834 1150 sicut
870 1090 1035 1151 enim
1084 1108 1122 1151 a
1174 1093 1375 1171 primo
1418 1092 1722 1171 principio

158 1182 375 1243 omnia
402 1182 767 1263 procedunt,
795 1185 883 1245 ita
918 1190 1167 1263 propter
1200 1185 1491 1246 ultimum
1534 1184 1723 1245 finem

158 1276 374 1337 omnia
397 1282 798 1356 appetuntur,
828 1280 1013 1339 etiam
1038 1279 1238 1358 ipsum
1262 1298 1412 1341 esse.

236 1370 300 1431 4.
350 1368 453 1433 Aa
475 1372 744 1449 primum
782 1378 1204 1455 arqumentum
1232 1374 1455 1455 prima·
1494 1380 1720 1437 senten·

160 1466 287 1538 tioe,
340 1465 408 1525 iu
450 1482 517 1525 n.
559 1462 832 1527 2.——Ad
853 1467 1409 1529 secundum—Ad
1450 1469 1717 1530 tortium.

154 1556 355 1617 -Ad
394 1556 668 1635 primum
719 1566 1157 1635 argumentum
1212 1559 1278 1619 in
1342 1561 1723 1621 contrarium

156 1650 590 1729 respondetur,
639 1650 691 1710 si
734 1652 1039 1729 particula
1069 1653 1200 1727 illa,
1242 1661 1337 1729 ut,
1366 1654 1434 1713 in
1482 1660 1723 1714 autece-

156 1743 331 1803 denti
367 1742 530 1804 dicat
558 1744 865 1805 rationem
894 1745 1215 1824 diligendi,
1246 1747 1471 1807 falsum
1500 1755 1589 1808 est
1614 1766 1723 1807 an-

154 1836 483 1913 tecedens;
514 1837 663 1897 alias
696 1838 1017 1901 tolleretur
1043 1840 1202 1901 ratio
1220 1858 1382 1900 verse
1409 1840 1717 1914 amicitiae,

154 1932 209 1993 si
250 1930 441 1992 homo
464 1930 675 1992 omnia
701 1930 783 1992 ad
826 1950 890 1993 se
930 1932 1208 2008 referret,
1239 1934 1401 2012 quod
1428 1935 1613 1997 etiam
1653 1934 1722 1994 in

154 2024 436 2085 amicitia
463 2025 735 2086 naturali
764 2032 827 2085 et
866 2026 1123 2087 honesta
1163 2027 1387 2089 falsum
1415 2035 1504 2088 est
1553 2050 1568 2088 ε
1616 2046 1721 2089 ne-

156 2136 283 2197 que
317 2117 692 2179 credendum
732 2124 825 2179 est
848 2119 1235 2181 Aristotelem
1262 2120 1325 2180 id
1348 2121 1465 2181 sibi
1492 2120 1718 2181 voluis-

156 2229 225 2272 se
251 2214 297 2287 ¹,
325 2212 430 2273 sed
460 2212 659 2273 solum
684 2212 747 2272 id
776 2213 942 2292 quod
964 2232 1173 2292 supra,
1204 2214 1469 2275 sectione
1492 2215 1717 2294 prima,

156 2303 541 2381 dicebamus,
578 2304 644 2365 in
686 2305 957 2367 naturali
999 2308 1296 2383 amicitia,
1346 2308 1627 2386 regulam
1657 2315 1719 2369 et

154 2416 518 2459 mensuram
547 2417 697 2477 erga
734 2400 1008 2461 amicum
1039 2420 1169 2463 esse
1219 2401 1395 2462 illum
1444 2420 1716 2466 amorem

154 2508 345 2568 quem
378 2492 639 2571 quisque
678 2492 865 2553 habet
892 2510 1041 2572 erga
1075 2495 1377 2574 seipsum3
1404 2496 1500 2556 vel
1530 2497 1718 2558 etiam

154 2583 357 2643 voluit
386 2584 449 2644 id
477 2584 641 2663 quod
675 2586 804 2663 jam
834 2584 1059 2650 dicam.
1114 2588 1180 2648 Si
1222 2606 1368 2649 vero
1414 2589 1719 2667 particula

150 2680 227 2738 ut
276 2682 519 2737 tantum
567 2677 859 2757 importet
918 2680 1337 2741 conditionem
1394 2681 1527 2742 sine
1592 2701 1719 2760 qua

152 2788 315 2842 non,
348 2788 565 2829 verum
596 2777 687 2830 est
718 2772 1123 2847 antecedens3
1157 2772 1365 2835 nullus
1389 2774 1557 2835 enim
1581 2775 1718 2835 dili·

157 2864 257 2941 git
290 2860 507 2935 alium,
555 2864 663 2942 qui
704 2882 833 2925 non
863 2864 1069 2945 aliquo
1106 2866 1291 2925 modo
1324 2866 1402 2926 ad
1441 2885 1504 2927 se
1534 2868 1718 2947 perti-

156 2962 305 3015 neat
336 2977 353 3029 3
382 2956 487 3015 sed
522 2962 789 3035 negatur
827 2959 1297 3037 ‹·onsequentia;
1330 2965 1568 3021 teneret
1610 2979 1716 3020 au·

160 3054 313 3122 tem,
340 3048 394 3107 si
417 3054 639 3109 caetera
667 3057 866 3110 essent
899 3052 1072 3129 paria
1100 3072 1114 3111 ε
1144 3052 1297 3113 Deus
1320 3057 1529 3113 autem
1560 3053 1721 3113 mul-

156 3146 223 3201 to
252 3148 342 3201 est
382 3142 730 3203 amabilior.
780 3144 873 3204 Ad
912 3146 1250 3206 secundum
1292 3147 1716 3227 respondetur,

156 3235 511 3296 naturalem
556 3254 830 3299 amorem
869 3256 997 3299 esse
1026 3238 1367 3301 faciliorem
1399 3246 1461 3301 et
1496 3242 1714 3320 jucnn-

156 3329 428 3403 diorem3
454 3336 515 3389 et
533 3330 621 3390 ita
648 3338 739 3391 est
766 3330 831 3391 in
862 3332 1074 3393 anima
1100 3340 1401 3412 separata,
1421 3340 1483 3394 et
1502 3334 1719 3395 fuisset

156 3420 221 3480 in
252 3427 415 3481 statu
441 3422 765 3500 originalis
789 3424 1041 3503 justitiae
1059 3440 1079 3501 ;
1106 3426 1239 3504 jam
1271 3443 1439 3501 vero,
1468 3432 1717 3506 propter

156 3514 670 3593 impedimentum
709 3523 770 3577 et
795 3518 1122 3579 interiores
1152 3520 1582 3581 inclinationes
1606 3520 1716 3581 ali·

158 3626 281 3687 quo
310 3608 493 3669 modo
522 3610 891 3685 contrarias,
924 3616 987 3671 et
1036 3610 1461 3690 imperfectam
1506 3614 1715 3692 cogni-

154 3703 423 3777 tionem,
467 3701 676 3781 aliquo
722 3704 902 3764 modo
948 3704 1212 3765 difficilis
1246 3706 1523 3766 redditur
1571 3725 1716 3768 usus

158 3794 342 3873 hujus
368 3794 670 3856 naturalis
696 3796 1133 3859 inclinationis,
1161 3798 1252 3858 Ad
1281 3800 1557 3874 tertium,
1588 3818 1718 3859 ma-

152 3888 253 3967 jus
283 3886 516 3948 bonum
546 3906 753 3949 meum
794 3908 921 3951 esse
956 3891 1187 3966 Deum,
1218 3910 1407 3970 quam
1446 3910 1562 3970 ego
1600 3893 1719 3953 sim

160 3980 353 4055 mihi;
386 3999 531 4042 nam
551 4027 572 4057 ‚
599 3981 744 4044 lieet
784 3985 863 4044 sit
908 3985 1067 4045 Deus
1104 3984 1262 4045 alius
1290 4004 1326 4045 a
1356 4002 1477 4061 me,
1505 3992 1719 4047 tamen

161 4080 251 4135 est
282 4074 562 4136 naturale
594 4077 854 4153 bonum,
887 4097 923 4139 a
953 4096 1077 4157 quo
1120 4084 1183 4139 et
1218 4096 1335 4156 ego
1358 4124 1377 4153 ,
1408 4084 1470 4140 et
1498 4086 1720 4141 caetera

159 4169 453 4247 pendent.
488 4169 661 4230 Unde
717 4170 1079 4249 simpliciter
1129 4171 1329 4249 magis
1380 4171 1719 4251 appetibile

159 4262 313 4322 mihi
346 4267 437 4321 est
473 4262 639 4341 quod
665 4263 826 4323 Deus
872 4264 975 4339 sit,
1006 4282 1193 4343 quam
1231 4266 1393 4344 quod
1422 4282 1541 4343 ego
1574 4265 1715 4340 sim,

157 4354 306 4433 quia
341 4355 458 4415 hoc
488 4362 579 4415 est
604 4354 967 4435 simpliciter
990 4357 1235 4431 melius,
1269 4357 1593 4437 magisque
1620 4376 1717 4417 ra-

154 4448 313 4507 tioni
350 4464 732 4524 consonum3
770 4448 969 4527 posita
1001 4455 1211 4509 autem
1240 4448 1347 4509 illa
1388 4448 1719 4528 hypothesi

156 4540 526 4619 impossibili
586 4561 601 4601 ε
651 4540 820 4615 Quod
855 4542 915 4603 si
952 4560 1191 4623 possem
1234 4558 1337 4623 eqo
1385 4560 1550 4617 esse,
1602 4560 1721 4603 non

154 4633 443 4696 existente
470 4636 612 4707 Deo,
638 4642 931 4716 proeserre
962 4650 1201 4714 possem
1234 4652 1423 4696 meum
1472 4652 1597 4697 esse
1626 4636 1721 4697 di-

152 4730 317 4789 vino.
344 4728 796 4806 Respondetur,
831 4729 1029 4807 posito
1067 4727 1451 4807 impossibili,
1480 4729 1719 4806 quodli-

153 4819 264 4880 bet
290 4820 466 4899 sequi
480 4843 499 4896 3
522 4838 668 4881 nam
698 4820 806 4881 illo
836 4820 1001 4893 dato,
1028 4822 1183 4881 Deus
1204 4838 1329 4881 nou
1354 4828 1511 4882 esset
1534 4823 1713 4896 DeuS,

150 4932 270 4973 nec
298 4914 587 4974 naturale
622 4914 893 4990 bonum3
926 4914 1092 4974 unde
1125 4913 1283 4974 nihil
1323 4914 1468 4974 inde
1514 4914 1717 4993 sequi-

150 5012 260 5066 tur
292 5006 569 5067 absolute
596 5012 656 5069 et
678 5006 1062 5085 simpliciter,
1094 5007 1241 5085 quia
1264 5005 1541 5067 absolute
1567 5008 1723 5066 Deus

152 5105 249 5161 est
271 5100 507 5161 honum
534 5100 835 5160 naturale.
858 5100 1069 5179 Neque
1100 5118 1242 5159 vero
1266 5098 1412 5159 inde
1442 5098 1511 5159 fit
1530 5100 1723 5159 Deum

152 5212 330 5254 nunc
361 5195 560 5254 amari
584 5193 843 5273 proecise
875 5198 1135 5273 propter·
1150 5210 1222 5253 ea
1250 5191 1413 5251 bona
1446 5208 1584 5270 quae
1612 5192 1725 5251 ho-

152 5287 435 5347 minibus
459 5286 897 5362 communicat,
938 5285 1045 5346 sed
1076 5291 1323 5365 propter
1352 5283 1717 5357 bonitatem,

240 5480 255 5517 ¹
304 5474 459 5536 Vide
508 5474 584 5537 de
632 5476 729 5536 his
778 5474 1103 5549 axiomat„
1146 5472 1257 5533 lib.
1316 5473 1338 5533 ⁴
1387 5472 1463 5534 de
1513 5470 1720 5546 Grat.,

150 5589 207 5629 c.
236 5570 337 5645 30,
364 5588 430 5629 n.
470 5571 565 5630 16.

3248 414 3367 475 645

1806 544 1943 608 quae
1981 525 2122 588 talis
2144 531 2258 603 est,
2278 531 2347 587 ut
2381 525 2508 585 sola
2537 525 2618 586 sit
2659 542 2841 589 causa
2885 528 2949 585 et
2989 521 3364 606 principium

1806 621 1997 681 totius
2036 618 2352 681 honitatis.

2301 804 2750 868 DISPUTATIO
2791 807 2865 867 11.

2241 1011 2318 1057 nn
2355 1010 2510 1057 Auru
2545 1008 2918 1055 eamn-ns.

1887 1186 1972 1247 De
1997 1190 2219 1246 natura
2245 1188 2308 1244 et
2333 1181 2628 1243 varietate
2663 1186 2914 1242 actuum
2945 1178 3255 1240 charitatis
3292 1179 3362 1239 in

1804 1278 1918 1341 hac
1940 1278 2355 1358 disputatione
2387 1274 2700 1353 agendum
2732 1279 2858 1347 est;
2891 1290 3039 1332 nam
3081 1273 3362 1349 quamvis

1802 1372 1933 1433 haec
1957 1373 2174 1446 virtuS,
2203 1387 2310 1430 seu
2352 1368 2600 1429 habitus
2637 1368 2716 1427 sit
2759 1384 2922 1427 unus
2969 1365 3191 1444 specie,
3235 1366 3362 1425 imo

1802 1484 1966 1526 unus
1998 1482 2258 1525 numero
2297 1463 2360 1522 in
2401 1460 2676 1541 quolibet
2704 1459 2980 1529 homine,
3010 1457 3088 1518 ad
3135 1457 3362 1517 multos

1804 1564 2015 1619 tamen
2032 1564 2205 1617 actus
2233 1554 2434 1635 specie
2463 1553 2733 1614 diversos
2757 1552 3036 1625 inclinat,
3059 1567 3198 1629 quae
3219 1550 3362 1609 doc·

1804 1652 1970 1712 trina
2001 1650 2274 1711 maxime
2305 1650 2369 1709 in
2400 1649 2628 1709 virtute
2657 1664 2765 1725 per
2791 1664 2855 1706 se
2884 1645 3088 1705 infusa
3117 1642 3362 1723 probari

1803 1744 2008 1817 debet,
2040 1743 2238 1823 qualis
2265 1749 2358 1804 est
2385 1740 2670 1803 charitaS.
2708 1740 2854 1813 Quae
2889 1738 3046 1799 sicut
3073 1736 3360 1815 potentiae

1801 1838 2196 1910 assimilatur,
2221 1836 2288 1895 in
2327 1852 2403 1896 eo
2445 1834 2611 1914 quod
2655 1833 2758 1893 det
2803 1829 3162 1910 simpliciter
3189 1845 3360 1907 posse

1800 1930 2065 2009 operari,
2095 1930 2182 1989 ita
2208 1928 2362 1988 etin
2387 1926 2508 1989 hoc
2540 1926 2728 2006 quod,
2759 1943 2884 1987 una
2915 1940 3056 1985 cum
3077 1921 3179 1997 sit,
3203 1919 3362 1981 mul·

1800 2028 1897 2083 tos
1920 2023 2112 2083 etiam
2143 2020 2344 2101 specie
2375 2026 2546 2082 actus
2567 2019 2792 2080 eliciat.

2439 2227 2654 2281 sECTlo
2685 2228 2725 2279 l.

1890 2402 2108 2466 mrum
2125 2418 2323 2493 ‚amor
2372 2400 2487 2463 Dei
2537 2404 2594 2463 et
2632 2398 2904 2480 proximi
2961 2398 3048 2461 eit
3105 2402 3279 2460 acm

2395 2492 2742 2557 charitatis.

1879 2684 1937 2741 1.
1985 2680 2208 2743 Prima
2253 2679 2832 2743 conclude—Dico
2875 2680 3098 2756 primo,
3149 2692 3360 2737 amare

1797 2772 1992 2835 Deum
2017 2779 2266 2852 propter
2292 2772 2560 2853 seipsum
2587 2790 2715 2833 esse
2747 2771 3062 2851 proprium
3091 2774 3294 2829 actum
3319 2787 3360 2829 a

1798 2866 2098 2926 charitate
2127 2863 2426 2925 elicitum.
2463 2865 2941 2943 Intelligendum
2985 2868 3076 2923 est
3117 2878 3360 2940 semper

1797 2960 2158 3039 hujusmodi
2177 2964 2390 3021 'actum
2429 2960 2568 3021 elici
2597 2959 2818 3021 debere
2845 2976 2922 3020 ex
2951 2958 3179 3017 motivo
3208 2956 3358 3017 cha-

1798 3053 2029 3132 ritatis3
2057 3072 2248 3133 quare
2279 3053 2586 3115 conclusio
2605 3054 2739 3113 haec
2767 3058 2914 3113 nota
2939 3056 3032 3113 est
3057 3068 3132 3111 ex
3156 3050 3352 3111 dictis,

1800 3148 2064 3209 Additur
2105 3146 2208 3207 illa
2237 3146 2535 3226 particula
2575 3153 2821 3227 propter
2845 3164 2931 3218 se,
2977 3149 3048 3205 ut
3073 3142 3359 3205 excluda-

1798 3242 1982 3303 turis
2001 3259 2194 3314 amor,
2222 3259 2346 3320 quo
2376 3246 2623 3301 amatur
2657 3242 2816 3301 Deus
2851 3245 2923 3300 ut
2947 3238 3180 3299 bonum
3221 3254 3361 3297 nos·

1798 3340 2002 3409 trum3
2029 3352 2176 3395 nam
2202 3334 2347 3394 lieet
2371 3334 2451 3393 sit
2477 3332 2794 3408 honestus,
2815 3350 2941 3393 non
2969 3337 3062 3392 est
3091 3338 3298 3391 tamen
3320 3346 3362 3391 a

1797 3427 2094 3489 charitate
2132 3426 2396 3503 elicitus,
2429 3432 2500 3487 ut
2541 3444 2617 3487 ex
2657 3426 2918 3487 materia
2953 3424 3030 3485 de
3079 3442 3186 3502 spe
3214 3440 3360 3483 eou-

1796 3526 1913 3581 stat
1945 3524 1960 3558 ¹
2000 3539 2017 3580 ε
2058 3520 2287 3581 indicat
2319 3525 2527 3581 autem
2564 3518 2672 3579 illa
2711 3517 3011 3597 particula
3047 3515 3358 3596 praecipue

1797 3630 2042 3673 causam
2069 3611 2419 3686 formalem,
2445 3617 2694 3693 propter
2713 3628 2900 3690 quam
2934 3610 3092 3670 Deus
3119 3626 3196 3669 ex
3215 3608 3358 3668 cha·

1797 3706 1980 3765 ritate
2009 3711 2276 3781 amatur,
2307 3724 2448 3784 qum
2471 3712 2563 3766 est
2591 3704 2824 3766 bonum
2847 3702 2984 3773 Dei,
3005 3700 3271 3763 sistendo
3292 3700 3360 3762 in

1798 3798 1905 3861 illo
1918 3816 1938 3876 ;
1970 3799 2138 3859 unde
2167 3800 2355 3861 etiam
2379 3800 2676 3879 importat
2701 3797 2951 3859 finalem
2975 3814 3225 3857 causam
3250 3814 3360 3857 ne-

1797 3894 2003 3973 gative
2059 3894 2260 3971 magis
2311 3911 2493 3971 quam
2547 3894 2839 3973 positive;
2892 3896 3137 3952 amatur
3191 3890 3358 3951 enim

1800 3988 1960 4047 Deus
1986 4004 2064 4047 ex
2090 3986 2410 4062 charitate,
2461 3992 2758 4065 tanquam
2797 3984 2939 4045 finis
2969 3983 3229 4043 ultimus
3258 3983 3362 4043 cui

1798 4078 2034 4140 bonum
2065 4079 2371 4156 volumus,
2420 4080 2498 4139 ad
2539 4078 2785 4139 nullum
2817 4077 3010 4137 alium
3055 4075 3246 4136 finem
3295 4080 3360 4135 et

1799 4168 2194 4233 commodum
2239 4173 2358 4234 hoc
2410 4171 2755 4234 referende.
2815 4169 3003 4232 Addit
3057 4168 3245 4231 etiam
3283 4169 3352 4228 D.

1798 4266 2066 4328 Thomas
2087 4268 2114 4305 2
2143 4273 2206 4326 et
2231 4266 2454 4344 reliqui
2487 4264 2676 4326 etiam
2703 4262 3000 4341 Theologi
3021 4280 3196 4341 posse
3218 4280 3360 4340 par‘

1799 4358 2052 4419 ticulam
2102 4358 2275 4418 illam
2323 4376 2432 4437 per
2472 4375 2720 4417 causam
2761 4355 3134 4417 efficientem
3167 4351 3361 4433 expli·

1800 4450 1928 4510 cari
1950 4452 2137 4511 etiam
2191 4451 2500 4529 negative,
2548 4450 2696 4529 quia
2737 4450 2892 4510 Deus
2939 4453 3185 4508 amatur
3219 4464 3360 4525 pro-

1802 4550 1936 4622 pter
1963 4543 2305 4604 bonitatem
2330 4561 2518 4623 quam
2561 4561 2600 4603 a
2639 4560 2705 4603 se
2745 4541 2956 4616 habet,
2995 4540 3054 4601 id
3088 4545 3203 4615 est,
3234 4555 3360 4599 non

1801 4635 1881 4697 ab
1910 4636 2056 4697 alio.

1880 4730 1939 4789 2.
1974 4728 2075 4791 An
2103 4746 2272 4791 amor
2290 4730 2426 4797 Dei.
2448 4733 2518 4791 ut
2543 4729 2630 4792 sit
2653 4727 2998 4800 charitatis,
3019 4726 3217 4790 debeat
3241 4743 3363 4788 esso

1797 4838 1980 4903 super
1999 4822 2326 4883 omnia.--
2363 4822 2502 4887 Vide
2539 4820 2644 4883 lib.
2691 4825 2720 4881 1
2756 4824 2824 4883 do
2851 4819 3058 4892 Grac„
3082 4836 3131 4879 c.
3173 4820 3277 4892 30,
3307 4822 3366 4880 et

1796 4914 1902 4977 lib.
1935 4916 1997 4988 2,
2034 4932 2086 4977 σ.
2144 4916 2241 4975 15.
2292 4946 2373 4961 -—
2404 4914 2564 4976 Esse
2607 4915 2859 4977 amabile
2897 4918 3204 4991 confertur
3227 4913 3363 4991 pri-

1804 5008 1996 5069 mario
2027 5025 2066 5069 a
2093 5007 2318 5086 qratia,
2352 5008 2704 5069 secundario
2727 5024 2766 5067 a
2789 5003 3106 5079 chat-itate,
3151 5006 3220 5068 de
3251 5020 3362 5085 quo

1806 5106 2040 5172 macter,
2083 5100 2188 5161 zib.
2221 5100 2261 5159 6
2305 5100 2373 5160 de
2411 5098 2618 5170 Grai„
2665 5117 2716 5161 o.
2764 5100 2865 5159 13.
2895 5130 2976 5145 —-
3003 5098 3254 5171 Quoeres
3282 5117 3364 5157 an

1804 5192 1905 5253 hic
1930 5210 2129 5267 amor,
2161 5198 2232 5252 ut
2259 5191 2340 5251 sit
2359 5190 2700 5267 charitatis,
2727 5196 3004 5270 oporteat
3029 5208 3156 5251 esse
3183 5209 3366 5270 super

1888 5380 1905 5417 ¹
1943 5376 2112 5458 Disp.
2137 5382 2198 5454 1,
2223 5382 2371 5439 sect.
2395 5379 2456 5441 3.
2479 5376 2634 5439 Vide
2656 5377 2846 5438 etiam
2861 5374 2972 5437 lib.
3003 5378 3044 5437 2
3071 5375 3150 5437 de
3163 5374 3358 5447 Grat„

1804 5489 1855 5530 c.
1886 5472 1986 5543 13,
2029 5489 2092 5532 n.
2126 5472 2226 5533 24.

1886 5565 1915 5603 ²
1951 5565 2024 5624 D.
2051 5563 2320 5627 Thomas
2343 5565 2406 5624 2.
2443 5566 2506 5637 2,
2531 5582 2592 5643 q.
2623 5564 2725 5638 27,
2758 5566 2875 5624 art.
2907 5563 2965 5623 3.
