3900 6217
506 400 625 463 068
713 423 718 428 ·

505 506 916 569 necessarium
960 504 1038 565 sit
1066 506 1156 566 uti
1200 506 1411 568 divino
1453 526 1685 581 amore,
1730 512 1793 567 et
1827 522 2072 585 compa-

500 618 638 663 rare
682 601 789 661 Dei
830 599 1193 674 amicitiam,
1250 610 1547 679 tanquam
1604 601 2074 661 convenientem

500 693 959 773 dispositionem
1002 692 1082 753 ad
1144 692 1333 753 talem
1374 692 1601 754 finem:
1633 699 1863 766 tamen,
1928 692 2076 771 quia

501 785 569 847 in
596 786 693 845 his
718 785 958 847 casibus
978 791 1355 865 praeceptum
1376 786 1604 846 amoris
1631 786 1733 845 Dei
1764 803 1891 845 non
1914 784 2074 845 obli-

500 884 607 957 gat
638 880 878 941 ratione
906 880 1027 953 sui,
1062 880 1163 941 sed
1196 879 1474 954 alteriuS,
1506 880 1639 959 ejus
1666 878 1915 939 omissio
1944 896 2072 939 non

500 978 590 1033 est
616 978 939 1051 peceatum
964 979 1181 1034 eontra
1210 972 1327 1033 hoc
1358 980 1765 1052 praeceptum,
1794 972 1899 1033 sed
1924 988 2038 1031 con
2054 1004 2074 1015 ·

496 1069 594 1127 tra
618 1065 770 1127 illud
798 1066 1039 1127 ratione
1062 1084 1137 1127 cu
1138 1067 1239 1144 jus
1266 1072 1358 1127 est
1382 1066 1813 1127 necessarium.

583 1160 643 1220 4.
693 1158 974 1223 Secunda
998 1160 1415 1223 conclusio.-
1438 1160 1583 1220 Dico
1614 1156 1921 1217 secundo:
1956 1157 2070 1218 ali-

501 1250 749 1331 qnando
778 1257 1153 1332 praeceptum
1195 1252 1313 1313 hoc
1340 1270 1451 1332 per
1486 1269 1549 1312 se
1578 1251 1835 1327 obligat.
1890 1251 2072 1312 Ratio

500 1351 613 1418 est,
663 1346 813 1424 quia
855 1344 972 1407 hoc
1030 1351 1405 1424 praeceptum
1446 1363 1555 1424 per
1602 1362 1664 1405 se
1711 1345 1898 1405 habet
1940 1344 2071 1403 vim

499 1436 859 1514 obligandi3
904 1455 1050 1515 ergo
1089 1437 1276 1498 hahet
1315 1455 1424 1517 per
1465 1455 1531 1498 se
1572 1444 1815 1517 tempus
1862 1454 2071 1498 neces·

498 1530 754 1591 sarium.
792 1531 945 1591 Item
980 1548 1157 1591 amor
1186 1530 1291 1591 Dei
1318 1548 1426 1611 per
1470 1549 1533 1592 se
1572 1538 1665 1592 est
1691 1532 2069 1592 necessarius

498 1624 577 1686 ad
618 1623 898 1685 salutem.
940 1625 1243 1686 Caeterum
1272 1624 1569 1685 articulus
1605 1625 1898 1703 temporis
1940 1642 2070 1685 non

498 1726 629 1779 tam
672 1716 1039 1777 affirmative
1074 1734 1264 1795 quam
1300 1717 1587 1797 negative
1618 1717 1923 1795 assignari
1952 1734 2062 1795 po-

502 1815 655 1872 test:
701 1810 863 1871 sicut
908 1810 975 1870 in
1031 1816 1333 1890 praeeepto
1388 1810 1794 1871 restitutionis
1830 1809 2062 1870 dicitnr

499 1902 775 1983 obligare
806 1902 884 1963 ad
920 1921 1047 1965 non
1076 1902 1343 1964 multum
1383 1902 1787 1965 differendam
1816 1904 2062 1963 restitu-

498 1997 758 2071 tionem,
809 1996 951 2057 licet
997 2014 1125 2057 non
1186 1996 1379 2076 possit
1434 1995 1735 2074 assignari
1790 1996 2064 2075 primum

496 2090 730 2151 instans
752 2089 1159 2151 restitutionis
1183 2136 1203 2165 ,
1236 2091 1325 2151 ita
1352 2090 1487 2151 dieo
1516 2096 1651 2169 post
1677 2106 1857 2149 nsum
1879 2088 2064 2148 ratio·

497 2183 597 2243 nis
633 2184 829 2242 teneri
857 2182 1175 2243 hominem
1210 2200 1335 2243 non
1370 2182 1641 2243 multum
1686 2182 1935 2243 differre
1966 2198 2068 2241 ac-

498 2282 635 2339 tum
659 2276 910 2354 ameria,
940 2277 1249 2355 praecipue
1277 2283 1347 2337 ut
1376 2277 1663 2354 cognovit
1707 2276 1900 2336 Deum
1936 2290 2064 2334 esse

497 2369 793 2430 ultimum
824 2368 1039 2444 finem,
1069 2376 1133 2429 et
1172 2388 1303 2430 esse
1332 2370 1420 2429 sic
1466 2368 1887 2447 diligendum3
1916 2367 2066 2428 hinc

496 2461 796 2541 sequitur,
850 2464 1040 2523 etiam
1090 2468 1227 2541 post
1263 2462 1533 2541 primum
1592 2469 1822 2538 aetum,
1865 2460 2066 2522 teneri

494 2555 814 2617 hominem
843 2571 969 2617 non
989 2573 1237 2634 prorsus
1266 2572 1495 2617 cessare
1518 2562 1649 2617 tota
1671 2556 1801 2617 vita
1840 2555 1919 2615 ab
1947 2554 2066 2615 hoc

496 2665 753 2722 amore,·
772 2648 878 2709 sed
921 2647 1253 2727 aliquando
1287 2648 1465 2709 illum
1517 2652 1767 2724 iterare,
1815 2654 2068 2728 propter

496 2742 765 2802 rationes
792 2741 984 2803 factas
1012 2747 1227 2801 contra
1254 2742 1503 2802 tertiam
1535 2743 1939 2817 sententiam3
1971 2744 2066 2801 est

498 2836 665 2897 enim
714 2840 1198 2895 consentaneum
1214 2878 1233 2909 ,
1282 2842 1355 2894 ut
1406 2834 1512 2895 Dei
1561 2852 1762 2909 amor,
1815 2840 2068 2913 propter

497 2946 684 3008 quem
712 2934 951 2989 creatus
978 2934 1071 2988 est
1095 2928 1307 3004 home,
1338 2933 1400 2989 et
1430 2929 1535 3007 qui
1556 2934 1665 2989 -est
1692 2928 1951 2989 ultimus
1989 2926 2068 2986 fi-

496 3022 593 3083 nis
620 3022 959 3095 actionum,
986 3038 1113 3081 non
1136 3021 1325 3083 semel
1354 3028 1599 3083 tantum
1642 3040 1715 3081 ac
1743 3021 1968 3082 iterum
1999 3021 2067 3081 in

498 3122 629 3177 tota
654 3115 785 3175 vita
804 3114 1131 3175 habeatur.
1175 3114 1398 3188 Quare,
1428 3116 1537 3193 qui
1560 3132 1670 3193 per
1696 3114 1925 3175 multos
1956 3132 2071 3173 an-

495 3228 609 3270 nos
636 3226 759 3269 non
792 3213 1040 3268 exercet
1067 3206 1233 3267 hunc
1258 3224 1555 3282 amorem,
1589 3207 1897 3286 delinquit
1924 3225 2067 3268 eon-

494 3309 595 3363 tra
626 3300 795 3361 hunc
818 3307 1231 3379 praeeeptnm3
1261 3305 1563 3379 quantum
1606 3316 1753 3359 vero
1784 3299 2067 3359 futurum

496 3395 576 3456 sit
602 3394 721 3455 hoc
744 3400 1011 3472 tempuS,
1041 3392 1388 3471 prudentiae
1432 3393 1913 3471 relinquendum
1951 3398 2063 3453 est.

496 3486 797 3567 (Similem
827 3487 1232 3565 qnaestionem
1256 3484 1531 3565 disputat
1559 3491 1773 3547 auctor
1800 3487 1876 3547 de
1908 3488 2068 3547 Prae·

492 3586 667 3660 cepto
688 3580 931 3659 poenit.,
956 3580 1115 3658 disp.
1143 3581 1245 3651 15,
1286 3597 1326 3639 a
1366 3585 1513 3640 sect.
1542 3583 1602 3654 4,
1636 3585 1698 3638 et
1727 3578 1804 3640 de
1834 3581 2069 3641 Praece-

496 3684 602 3754 pto
626 3673 947 3747 orationis,
972 3673 1015 3733 l.
1044 3676 1067 3733 1
1106 3672 1183 3733 de
1204 3672 1399 3748 Orat„
1422 3690 1475 3734 c.
1507 3672 1778 3750 ultim0.)

1114 3873 1330 3926 SECTto
1360 3874 1441 3927 tv,

504 4050 566 4113 U
564 4052 731 4111 mm
760 4050 934 4112 detur
957 4053 1327 4205 μωσὲξξωη
1354 4048 1682 4111 charitatis
1707 4048 1776 4110 de
1794 4045 2064 4127 proximi

1167 4143 1178 4156 '
1236 4140 1449 4205 ctione.

576 4332 633 4389 l.
678 4328 902 4391 Prima
920 4325 1199 4391 assertio.
1231 4358 1312 4373 -
1334 4326 1481 4387 Dico
1510 4326 1748 4405 primo:
1780 4332 2068 4386 tenemur

494 4420 607 4483 sub
665 4426 967 4501 praecepto
1015 4421 1275 4496 diligere
1320 4420 1671 4499 proximum
1738 4418 1899 4478 sieut
1957 4436 2069 4479 nos

494 4514 677 4593 ipsos.
712 4514 818 4573 Est
844 4513 920 4573 de
947 4512 1091 4587 fide,
1136 4512 1415 4573 Matthaei
1442 4514 1559 4575 22:
1590 4510 1831 4589 Diliqes
1857 4510 2070 4589 promi-

492 4626 657 4669 mum
678 4612 846 4669 tuum
872 4604 1027 4667 siout
1054 4603 1305 4685 teipsum
1321 4630 1346 4677 ,·
1377 4606 1481 4665 ubi
1506 4604 1814 4684 particula
1834 4602 1962 4677 illa,
1987 4601 2072 4665 si-

494 4706 616 4774 cut,
639 4699 950 4775 significat
972 4699 1464 4773 similitudinem,
1492 4717 1616 4759 non
1638 4695 2069 4759 omnimodam

495 4792 936 4869 aequalitatem,
1000 4799 1070 4852 ut
1126 4804 1447 4871 exponunt
1492 4792 1941 4869 HieronymuS‚
1995 4791 2062 4851 D.

491 4882 761 4943 Thomas
787 4890 848 4945 et
876 4884 1097 4962 reliqui
1124 4884 1457 4962 Theologi3
1488 4884 1737 4944 nomine
1760 4898 1904 4943 vero
1927 4902 2070 4962 pro-

492 4975 646 5035 ximi
679 4977 829 5055 quid
857 4975 1335 5054 intelligendum
1380 4978 1479 5052 sit,
1508 4978 1639 5055 jam
1670 4993 1855 5054 supra
1880 4993 2068 5055 expo·

486 5070 746 5143 suimus,
776 5069 931 5149 disp.
968 5073 1029 5144 l,
1064 5079 1209 5131 sect.
1242 5075 1303 5144 1,
1335 5088 1375 5130 a
1401 5088 1578 5129 num.
1610 5072 1675 5131 3.

570 5163 631 5223 2.
684 5160 986 5225 Secunda.
1026 5193 1107 5207 -—
1148 5162 1293 5222 Dico
1332 5162 1633 5224 secundo:
1686 5162 2068 5241 Praeceptum

494 5252 613 5314 hoc
640 5260 703 5316 et
733 5253 1011 5315 naturale
1036 5260 1127 5315 est
1162 5261 1225 5315 et
1248 5255 1745 5335 supernaturale,
1778 5262 1962 5334 prout
2000 5256 2066 5315 in

492 5355 700 5407 actum
758 5346 1105 5408 naturalem
1157 5346 1257 5407 vel
1296 5348 1826 5427 supernaturalem
1876 5348 2062 5409 cadit.

493 5438 669 5500 Prior
700 5456 841 5518 pars
869 5440 1013 5501 satis
1037 5445 1297 5515 constat,
1323 5447 1383 5501 et
1416 5440 1561 5520 quia
1595 5438 1657 5500 id
1685 5440 1878 5501 dictat
1906 5441 2066 5502 ratio

494 5531 819 5606 naturalis,
850 5538 913 5593 et
942 5532 1089 5614 quia
1112 5532 1271 5596 nihil
1300 5538 1393 5595 est
1416 5533 1619 5615 ‚magis
1649 5533 2062 5599 necessarium

1496 402 1734 459 msrm.
1773 404 1834 457 V.
1872 406 1951 457 DE
1988 406 2339 461 PRAECEPTIS
2373 404 2761 461 anm‘rA'rls.

2155 508 2228 568 ad
2261 509 2505 587 generis
2532 506 2796 569 humani
2821 505 3375 582 conservationem,
3415 524 3612 586 pacem
3643 514 3699 571 et

2150 602 2458 681 justitiam
2501 600 2860 677 tutandam3
2917 606 2984 661 et
3031 598 3180 678 quia
3234 599 3504 680 alioquin
3557 621 3697 665 nnn·

2155 712 2342 775 quam
2381 702 2593 757 contra
2621 693 2974 773 proximum
2997 710 3412 772 peccaremus,
3449 702 3516 753 ut
3543 696 3604 755 in
3629 698 3696 757 si-

2158 789 2290 849 mili
2319 806 2527 869 supra,
2571 784 2842 848 sectione
2869 786 3095 865 prima,
3141 802 3404 847 numero
3431 789 3692 867 secundo,

2153 881 2562 959 arguebamus
2595 880 2672 941 de
2701 880 2844 940 De0.
2895 878 3198 939 Posterior
3225 896 3369 957 pars
3399 886 3488 939 est
3509 889 3696 943 contra

2153 973 2536 1051 Cajetanum,
2567 972 2700 1052 qni,
2732 972 3166 1032 Deuteronom.
3191 972 3256 1047 6,
3300 976 3363 1031 et
3393 972 3598 1034 Matth.
3629 976 3696 1035 22

2153 1084 2490 1145 exponens,
2511 1066 2628 1127 hoc
2651 1070 3028 1145 praeceptum
3059 1064 3208 1125 dicit
3237 1063 3436 1124 solum
3461 1063 3699 1144 intelligi

2151 1158 2226 1219 de
2254 1158 2584 1220 dilectione
2613 1158 2906 1233 naturali,
2951 1158 3100 1236 quia
3139 1157 3582 1237 supernaturali
3620 1160 3698 1220 di-

2151 1250 2414 1312 lectione
2471 1260 2794 1330 nunq'uam
2863 1258 3150 1311 tenemur
3215 1248 3472 1327 diligere
3519 1254 3698 1329 proxi-

2152 1360 2364 1421 mum3
2407 1345 2709 1406 consentit
2731 1345 2860 1405 fere
2885 1345 3169 1420 Navarr„
3199 1362 3252 1404 c.
3289 1346 3390 1417 14,
3420 1362 3483 1403 n.
3509 1346 3545 1405 8
3573 1353 3627 1405 et
3641 1350 3692 1409 9.

2231 1442 2293 1499 3.
2339 1438 2585 1501 Errant
2611 1438 2896 1517 proedicti
2923 1443 3219 1501 auctores.
3242 1470 3325 1485 -
3351 1436 3464 1499 Sed
3488 1448 3692 1517 errant,

2149 1548 2298 1592 nam
2329 1534 2534 1592 Patres
2571 1537 2633 1593 et
2678 1530 2974 1609 Theologi
3016 1548 3196 1611 aeque
3237 1538 3563 1591 numerant
3595 1533 3694 1594 hoc

2148 1630 2522 1705 praeceptum
2552 1626 2715 1685 inter
2753 1642 2826 1685 ea
2865 1642 3004 1705 quae
3035 1624 3114 1685 ad
3150 1622 3515 1684 charitatem
3553 1626 3692 1687 infu-

2149 1738 2279 1781 sam
2318 1726 2630 1798 spectant3
2675 1724 2739 1779 et
2765 1718 3063 1795 Christus,
3101 1716 3324 1780 Matth.
3358 1719 3460 1791 22,
3489 1725 3692 1779 utrum-

2143 1832 2263 1894 que
2291 1832 2465 1893 aeque
2497 1810 2980 1893 conjungit,'nec
3005 1818 3096 1873 est
3123 1810 3460 1873 verisimile
3494 1813 3555 1871 in
3589 1832 3692 1875 uno

2142 1908 2316 1987 loqui
2340 1908 2416 1967 de
2447 1925 2572 1967 uno
2596 1925 2822 1986 genere
2851 1908 3106 1979 amoriS,
3141 1906 3211 1965 in
3242 1904 3370 1965 alio
3399 1904 3474 1965 de
3494 1905 3690 1967 altero:

2145 2000 2273 2061 imo
2301 2018 2584 2079 expresse
2613 2000 2970 2079 subjungit:
3014 1998 3366 2063 Secundum
3396 2005 3581 2062 autem
3623 2002 3691 2063 si·

2145 2094 2288 2156 mile
2313 2098 2404 2155 ost
2441 2094 2624 2165 haim·
2661 2098 2722 2154 et
2765 2093 3020 2155 Joannis
3049 2094 3164 2153 15:
3224 2094 3362 2155 Hoc
3389 2096 3477 2155 est
3503 2110 3690 2171 proece-

2139 2193 2315 2269 ptum
2361 2204 2577 2256 meum.
2619 2192 2692 2250 ut
2737 2187 3022 2265 diliyatis
3057 2186 3356 2259 invicem;
3395 2202 3534 2263 ergo
3556 2185 3690 2247 divi-

2143 2296 2296 2339 num
2319 2286 2380 2338 et
2407 2280 2910 2359 supernaturale3
2943 2286 3004 2340 et
3029 2279 3290 2340 deinde:
3330 2278 3508 2342 Sicut
3529 2284 3580 2339 et
3606 2297 3690 2359 eyo

2145 2371 2333 2434 dilexi
2373 2390 2477 2433 vos
2501 2398 2527 2445 ,·
2571 2372 2700 2453 ipse
2749 2377 2956 2432 autem
3016 2370 3469 2452 supernaturali
3509 2388 3688 2432 amore

2145 2471 2207 2525 et
2243 2465 2310 2525 in
2347 2466 2566 2526 ordine
2605 2464 2685 2527 ad
2715 2464 3249 2545 supernaturalem
3273 2462 3688 2524 beatitudinem

2145 2576 2260 2619 nos
2279 2558 2516 2619 dilexit.
2546 2558 2723 2619 Unde
2751 2557 2979 2619 Paulus
2998 2557 3155 2619 dixit
3171 2557 3553 2618 dilectionem
3573 2574 3688 2635 pro·

2146 2650 2304 2710 ximi
2333 2665 2460 2712 esse
2487 2650 2984 2711 observationem
3021 2650 3213 2710 totius
3239 2649 3415 2728 legiS,
3455 2648 3590 2727 quia
3615 2652 3688 2707 est

2145 2745 2484 2804 necessario
2521 2744 2852 2823 conjuncta
2885 2760 3028 2805 cum
3071 2743 3378 2805 charitate
3399 2742 3519 2801 Dei.
3551 2742 3686 2815 Qua-

2147 2842 2396 2918 propter
2447 2836 2852 2915 AugustiuuS‚
2897 2836 2938 2897 8
2975 2836 3051 2897 de
3096 2836 3424 2910 Trinitate‚
3467 2852 3590 2913 cap.
3631 2834 3682 2907 7,

2147 2930 2450 2999 observat,
2494 2930 2638 2991 lieet
2673 2930 3085 2991 necessarium
3130 2930 3212 2989 sit
3253 2929 3379 2991 duo
3419 2930 3684 3008 praecepta

2149 3022 2466 3084 charitatis
2491 3040 2758 3098 servare,
2789 3024 2918 3098 Dei,
2951 3028 3013 3083 et
3041 3021 3335 3101 proximi,
3366 3026 3564 3081 tamen
3589 3038 3680 3079 soe·

2146 3132 2224 3195 pe
2243 3116 2309 3175 in
2339 3132 2510 3175 sacra
2537 3115 2854 3194 Scriptura
2876 3132 3074 3175 unum
3104 3114 3258 3192 poni
3287 3120 3357 3173 ut
3384 3112 3677 3186 sufficiens,

2147 3208 2294 3288 quia
2323 3226 2449 3269 non
2466 3214 2666 3287 potest
2687 3206 2766 3268 ab
2785 3207 2908 3268 alio
2927 3209 3223 3287 separari.
3247 3207 3422 3268 Unde
3449 3205 3680 3266 sumitur

2149 3301 2341 3375 rati03
2400 3318 2547 3361 nam
2611 3307 2898 3363 tenemur
2955 3301 3218 3381 diligere
3279 3316 3357 3361 ex
3417 3298 3680 3359 charitate

2149 3395 2383 3471 Deum3
2429 3412 2578 3472 ergo
2620 3393 2840 3455 eodem
2882 3394 3068 3454 modo
3121 3400 3411 3456 tenemur
3457 3392 3678 3469 diligere

2147 3488 2498 3567 proximum
2536 3494 2786 3567 propter
2815 3488 3028 3563 Deum,
3069 3488 3219 3567 quia
3245 3494 3524 3549 tenemur
3565 3483 3678 3545 dili·

2149 3598 2296 3657 gere
2343 3580 2678 3658 proximos»,
2727 3585 2798 3639 ut
2835 3586 3146 3640 consortes
3173 3578 3554 3641 beatitudinis
3595 3594 3678 3637 sn-

2149 3670 2561 3752 pei-naturalis
2577 3717 2598 3747 ,
2651 3678 2716 3733 et
2765 3679 3212 3752 consequenter
3257 3672 3376 3733 illis
3419 3674 3674 3750 praestare

2145 3764 2447 3825 beneficia
2487 3766 2832 3826 necessaria
2876 3784 3005 3827 non
3059 3772 3308 3827 tantum
3357 3766 3434 3825 ad
3473 3768 3673 3824 naturis

2143 3857 2309 3919 bonu
2317 3876 2401 3932 m,
2441 3856 2548 3918 sed
2587 3860 2778 3919 etiam
2819 3859 2900 3920 ad
2945 3857 3470 3939 supernaturalem
3515 3854 3676 3916 beati·

2141 3949 2449 4011 tudinem.

2222 4046 2283 4104 4.
2341 4042 2590 4117 Quando
2638 4044 2852 4128 obliyot
2894 4050 3266 4126 proeceptwm
3307 4042 3519 4107 amoris
3556 4056 3674 4123 crya

2139 4138 2508 4218 proximwm.
2545 4168 2628 4183 —
2669 4138 3004 4200 Difficultas
3057 4145 3149 4200 est
3194 4138 3436 4219 quando
3480 4134 3672 4212 obliget

2130 4230 2264 4291 .hoc
2312 4237 2713 4311 praeceptum.
2765 4234 3046 4301 Breviter
3071 4234 3148 4294 de
3193 4238 3448 4311 utroque
3473 4246 3669 4301 amore,

2145 4324 2416 4385 naturali
2460 4329 2522 4385 et
2577 4326 3066 4404 supernaturali,
3130 4326 3203 4387 in
3249 4342 3464 4403 genere
3511 4321 3627 4381 dico
3651 4362 3667 4393 ,

2148 4416 2310 4495 qnod
2360 4424 2593 4497 spectat
2633 4420 2714 4480 ad
2761 4419 3129 4479 exercitium
3170 4420 3540 4479 internorum
3587 4430 3666 4471 ac·

2149 4518 2353 4587 tunm,
2403 4530 2514 4591 per
2541 4530 2606 4573 se
2637 4531 2766 4574 non
2805 4512 3068 4591 obligari
3115 4530 3229 4572 nos
3265 4510 3341 4571 ad
3386 4508 3548 4570 illum
3585 4522 3666 4565 ac·

2152 4608 2287 4663 tum
2335 4604 2736 4683 eliciendum,
2772 4606 2836 4664 in
2869 4604 2976 4664 illo
3001 4604 3294 4678 sistendo,
3325 4602 3387 4663 id
3417 4607 3522 4672 est,
3547 4615 3664 4677 pro-

2153 4703 2288 4775 pter
2301 4698 2636 4757 amandum
2653 4704 2922 4772 tantum,
2939 4698 3095 4757 sicut
3121 4698 3390 4757 diximus
3409 4694 3479 4754 de
3491 4705 3666 4753 amore

2153 4790 2279 4850 Dei.
2309 4789 2488 4850 Ratio
2517 4788 3022 4867 differentiaeest,
3055 4790 3201 4868 quia
3224 4806 3394 4848 amor
3420 4787 3661 4845 internus

2153 4898 2261 4962 per
2286 4900 2348 4942 se
2373 4900 2497 4942 non
2520 4888 2686 4961 patet
2703 4884 3009 4963 proxime,
3027 4884 3186 4943 sicut
3207 4880 3516 4960 patetDeO.
3541 4877 3663 4936 Item

2149 4992 2323 5037 amor
2342 4975 2451 5035 Dei
2472 4992 2580 5054 per
2597 4993 2662 5036 se
2685 4982 2777 5036 est
2799 4975 3051 5054 quidam
3075 4975 3276 5035 cultus
3299 4974 3414 5033 Deo
3437 4970 3662 5040 debitus,

2148 5085 2276 5129 non
2315 5086 2460 5129 vero
2493 5068 2580 5129 sie
2607 5075 2700 5129 est
2729 5086 2906 5129 amor
2935 5068 3224 5147 proximi.
3269 5066 3416 5126 Hinc
3442 5062 3505 5124 fit
3525 5060 3661 5120 hunc

2148 5178 2423 5222 amorem
2465 5161 2781 5222 internum
2840 5161 3042 5225 solum
3085 5162 3299 5221 cadere
3357 5160 3419 5219 in
3469 5169 3660 5235 praece·

2147 5260 2350 5333 ptum,
2390 5252 2488 5314 vel
2511 5255 2762 5333 quando
2789 5256 3169 5315 necessarius
3213 5261 3301 5315 est
3327 5252 3396 5313 ad
3421 5266 3555 5329 opus
3577 5263 3661 5307 ex·

2147 5353 2419 5421 ternum,
2465 5354 2527 5407 et
2565 5346 2934 5407 beneficium
2963 5348 3244 5428 proximo
3273 5340 3658 5426 praestandum,

2144 5437 2244 5501 vel
2271 5438 2350 5499 ad
2380 5438 2706 5501 vitandum
2731 5439 2948 5501 odium
2980 5446 3047 5502 et
3083 5440 3468 5503 offensionem
3489 5428 3658 5513 proxi·

2148 5531 2258 5609 mi,
2313 5532 2480 5595 unde
2523 5538 2669 5594 tnnc
2714 5531 3039 5613 obligabit,
3091 5532 3331 5615 quando
3375 5522 3659 5594 occurrerit
