3900 6217
557 394 674 454 70⁸8

559 506 726 570 tem,
779 496 920 558 licet
964 516 1088 558 non
1135 503 1346 556 contra
1379 496 1704 575 justitiam.
1762 496 1947 558 Aliud
2001 497 2120 557 crit.

563 588 940 670 exemplum,
987 590 1038 649 si
1086 596 1408 650 serventur
1459 589 1841 652 conditiones
1883 591 2116 669 positae,

561 690 834 744 attamen
869 702 944 743 ex
972 683 1113 743 odio
1147 683 1530 761 procedatur.

642 779 742 838 22.
792 777 1076 840 Primum
1113 776 1354 838 dubium
1394 777 1560 840 circa.
1597 777 1748 840 hanc
1799 775 2120 838 conclusio-

563 889 717 934 nem.
753 869 1099 932 —Covaron
1152 869 1864 948 affirmat—Reso'utio
1919 875 2123 933 aucto·
2203 870 2481 931 hostibus
2508 870 2921 944 inferrentur,
2968 874 3173 929 essent
3216 867 3412 948 plane
3450 869 3742 928 resarcien-

561 967 774 1027 riS.-—
797 963 882 1022 Ad
915 961 1074 1022 hane
1114 981 1298 1040 porro
1347 961 1808 1022 conclusionem
1847 967 2126 1041 spectant
2207 965 2307 1024 da.
2344 963 2621 1041 intellige
2674 969 2882 1022 tamen
2907 1007 2927 1036 ,
2960 961 3300 1022 dummodo
3356 961 3669 1040 promiaeio
3716 981 3745 1024 a

561 1056 878 1118 nonnulla·
920 1053 1108 1116 dubia
1156 1055 1497 1116 enodanda.
1550 1055 1824 1114 Primum
1887 1059 2024 1130 est,
2078 1055 2128 1114 si
2211 1059 2511 1138 principio
2540 1058 2700 1117 facta
2740 1057 2949 1132 fuerit,
2983 1057 3157 1134 quasi
3198 1073 3275 1116 ex
3330 1061 3517 1136 paeto
3566 1063 3745 1116 mutuo

561 1149 794 1212 bellum
821 1147 1164 1208 voluntarie
1193 1147 1301 1208 fiat
1331 1166 1408 1208 ex
1452 1155 1711 1228 utraque
1765 1154 1958 1226 parte,
1995 1147 2129 1208 sine
2210 1160 2271 1214 et
2312 1151 2597 1226 honesto,
2631 1151 2715 1210 ita
2745 1155 2815 1210 ut
2840 1147 3208 1227 obligaverit
3234 1171 3251 1223 ;
3306 1153 3557 1227 oportet
3594 1150 3745 1210 etiam

559 1250 768 1304 tamen
793 1260 1007 1314 causa,
1037 1259 1116 1301 an
1159 1241 1532 1302 censendum
1567 1241 1644 1302 sit
1671 1247 1884 1302 contra
1916 1241 2121 1303 chari·
2213 1253 2281 1306 ut
2310 1245 2513 1316 duret,
2551 1251 2613 1305 et
2653 1251 3013 1323 permaneat
3039 1243 3102 1303 in
3130 1256 3239 1304 sua
3264 1241 3569 1301 firmitate
3594 1249 3647 1300 et
3666 1247 3743 1318 vi3

561 1343 780 1410 tatem,
825 1335 922 1394 vel
969 1343 1180 1396 contra
1221 1337 1524 1412 justitiam
1574 1335 1694 1396 tale
1744 1335 1983 1396 bellum
2010 1382 2029 1410 ,
2068 1340 2130 1394 et
2213 1358 2361 1400 nam
2390 1339 2440 1398 si
2469 1357 2609 1417 pars
2638 1338 2833 1397 altera
2862 1336 3046 1397 fldem
3092 1336 3356 1395 fortasse
3392 1334 3655 1408 violavit,
3681 1335 3745 1394 al-

565 1434 1014 1506 co’nsequenter
1039 1446 1118 1487 an
1149 1446 1225 1488 ex
1268 1428 1374 1488 illo
1403 1429 1640 1488 oriatur
1679 1429 1979 1506 obligatio
2007 1445 2130 1487 res·
2212 1438 2343 1492 tera
2386 1449 2639 1510 prorsus
2666 1450 2779 1492 sua
2804 1429 2928 1489 fide
2950 1429 3257 1490 liberatur
3280 1475 3301 1504 ,
3346 1445 3499 1487 nam
3532 1429 3745 1506 aequitas

561 1519 850 1582 tituendi.
880 1523 1159 1595 Covarr.,
1201 1519 1414 1598 regula
1455 1523 1798 1595 Peccatum,
1835 1527 2017 1601 parte
2065 1521 2126 1595 2,
2209 1525 2367 1605 juris
2410 1525 2679 1604 postulat
2708 1529 2778 1582 ut
2820 1521 3331 1600 subintelligatur
3362 1539 3439 1581 ea
3468 1521 3742 1600 conditio;

558 1613 1103 1694 §2t,indicatesse
1127 1622 1346 1674 contra
1359 1615 1698 1692 justitiam:
1723 1615 1809 1674 ait
1828 1615 1997 1674 enim
2022 1613 2134 1674 bo·
2213 1618 2503 1698 idemque
2548 1617 2902 1690 dicendum,
2936 1617 2987 1676 si
3038 1615 3305 1676 mutatio
3354 1614 3659 1675 accidisset
3696 1618 3743 1677 in

1585 399 1820 450 DISPUT.
1856 399 1985 449 xtu.
2024 398 2102 448 ΕΤ
2137 398 2367 450 ΒΒΤΙΜᾹ
2401 400 2481 450 ΒΕ
2516 397 2737 448 nimo.

2198 496 2369 556 bium
2399 497 2591 569 aliud,
2620 515 2697 556 au
2726 493 2911 555 liceat
2938 493 3003 554 in
3048 492 3209 554 bello
3244 493 3445 554 fidem
3491 491 3738 571 frangere

2200 597 2442 670 pactam
2482 609 2625 650 cum
2674 589 2981 650 hostibus,
3045 587 3391 648 Dicendum
3460 587 3619 647 enim
3658 607 3741 667 per

2200 703 2266 744 se
2312 700 2437 745 nou
2470 682 2681 757 licere,
2724 699 2863 742 cum
2904 686 3179 760 apertam
3221 679 3555 740 contineat
3586 681 3740 758 injus·

2200 779 2427 838 titiam.
2499 777 2674 838 Unde
2746 776 2799 836 si
2854 775 3062 854 aliqua
3112 775 3349 835 damna
3406 792 3483 834 ea
3544 775 3742 838 ratione

558 1727 639 1768 na
661 1711 917 1788 captain
942 1707 1048 1769 tali
1075 1708 1236 1770 bello
1251 1728 1378 1769 esse
1403 1709 1806 1782 restituenda,
1823 1710 1971 1788 quia
1995 1708 2128 1769 bel·

563 1801 694 1862 lum
723 1803 1004 1882 iniquum
1035 1803 1278 1863 nullum
1298 1803 1401 1863 dat
1419 1804 1533 1880 jus.
1553 1803 1880 1878 Caeterum,
1905 1822 2095 1882 quam
2113 1851 2137 1864 ..

561 1895 654 1956 vis
681 1915 803 1956 non
845 1897 925 1956 sit
947 1897 1228 1972 dubium,
1257 1895 1412 1956 illud
1443 1895 1673 1957 bellum
1703 1904 1981 1975 respectu
2030 1897 2141 1965 Dei

564 2005 693 2048 esse
735 2007 846 2048 suo
899 1989 1085 2050 modo
1129 1994 1342 2049 contra
1366 1989 1699 2068 justitiam,
1752 1994 2003 2068 propter
2029 1989 2139 2049 ho-

568 2082 842 2157 micidia,
870 2101 1008 2162 quae
1053 2082 1215 2142 fiunt
1243 2082 1342 2144 vel
1383 2081 1518 2144 ficri
1562 2089 1836 2162 possunt,
1865 2088 2139 2143 attamen

569 2182 843 2255 respectu
889 2178 1160 2254 ipsorum
1193 2175 1356 2236 inter
1383 2195 1446 2236 se
1479 2175 1846 2237 bellantium
1893 2195 2019 2235 non
2048 2177 2141 2236 vi-

567 2269 750 2329 detur
779 2269 1051 2330 incidere
1082 2269 1334 2348 injuria..
1383 2271 1527 2348 quia
1557 2271 1774 2330 scienti
1815 2277 1876 2332 et
1905 2270 2137 2330 volenti

569 2362 828 2424 minime
860 2363 1210 2444 irrogatum
1240 2363 1484 2441 utrique
1522 2371 1732 2424 autem
1781 2364 2135 2424 voluntarie

574 2456 868 2534 utrinque
903 2464 1220 2535 pugnant;
1273 2473 1419 2518 nam
1467 2476 1772 2536 suppono,
1825 2458 2003 2536 quasi
2061 2475 2138 2517 ex

572 2555 752 2628 pacto
782 2555 846 2608 ct
879 2549 1159 2609 condicto
1189 2568 1484 2628 pugnare.
1531 2549 1834 2624 SecundO,
1859 2549 1977 2610 hoc
2008 2551 2142 2630 ipso

571 2641 737 2721 quod
767 2643 855 2703 ita
885 2643 1284 2717 conveniunt,
1309 2643 1486 2722 quasi
1513 2643 1740 2703 cedunt.
1763 2643 1887 2720 juri
1917 2662 2052 2718 suo,
2085 2649 2145 2704 et

576 2736 971 2814 paciscuntur
999 2742 1067 2795 ut
1090 2755 1232 2815 pars
1270 2737 1520 2797 vincens
1561 2737 1735 2797 victae
1760 2737 1950 2815 partis
1980 2736 2145 2798 bona

572 2829 868 2908 accipiat3
900 2836 1082 2908 atque
1117 2829 1228 2890 lioc
1281 2831 1477 2910 posito
1512 2829 1740 2890 foedere
1784 2849 1989 2892 coram
2022 2831 2145 2890 Deo

578 2922 828 3001 quidem
845 2922 1080 3001 iniquo,
1101 2924 1208 3002 qui
1228 2923 1505 2997 vincunt,
1523 2923 1874 2984 cfficiuntur
1891 2923 2019 2984 veri
2040 2923 2145 2982 do-

575 3016 729 3076 mini
754 3015 968 3075 talium
992 3016 1318 3092 honorum,
1339 3035 1480 3077 cum
1514 3035 1586 3076 ex
1607 3016 1922 3077 voluntate
1943 3017 2144 3076 domi-

580 3125 804 3168 norum
833 3108 938 3168 illa
953 3108 1246 3186 habeant,
1279 3129 1448 3188 crgo.
1472 3110 1696 3183 Tertio,
1723 3112 1866 3188 quia
1888 3117 2143 3188 propter

577 3201 688 3262 has
716 3220 927 3262 causas
961 3202 1035 3261 ad
1068 3203 1446 3262 restituenda
1471 3203 1686 3263 saltem
1718 3203 1944 3262 damna
1968 3201 2143 3262 illata

575 3313 705 3355 non
732 3294 1085 3373 obligantur
1096 3311 1118 3373 3
1145 3314 1294 3373 ergo
1329 3300 1580 3375 possunt
1613 3297 1798 3355 etiam
1843 3313 1915 3355 ex
1960 3295 2139 3355 bonis

575 3385 850 3448 hostium
891 3387 1003 3447 sibi
1051 3389 1420 3463 satisfacere,
1454 3398 1523 3448 ut
1551 3388 1911 3462 minimum,
1939 3389 2144 3467 quoad

577 3498 875 3559 expensas
925 3481 990 3540 in
1043 3480 1204 3542 bello
1251 3481 1464 3542 factas·
1497 3479 1767 3542 Tandem
1821 3481 1888 3540 in
1937 3480 2145 3540 duello

579 3572 842 3652 privat0,
870 3591 944 3634 ex
979 3582 1238 3653 utraque
1269 3579 1440 3653 parte
1468 3573 1843 3647 voluntari0,
1871 3591 1996 3633 non
2028 3574 2147 3634 ori-

585 3672 687 3724 tur
713 3665 1012 3744 obligatio
1043 3667 1434 3740 restituendi,
1464 3685 1666 3745 neque
1695 3666 1854 3727 actio
1899 3666 2146 3745 injusti-

585 3758 712 3832 tiae,
743 3765 993 3838 propter
1025 3765 1314 3819 mutuum
1338 3759 1757 3820 voluntarium
1783 3775 1801 3835 3
1838 3777 2007 3837 ergo.
2041 3761 2151 3820 At-

589 3869 711 3929 que
742 3851 839 3912 hae
871 3854 1142 3913 rationes
1169 3853 1460 3914 videntur
1489 3853 1874 3930 concludere,
1907 3854 2149 3914 nullam

585 3945 806 4006 saltem
839 3965 914 4008 ex
958 3965 1030 4006 eo
1077 3945 1241 4007 bello
1288 3946 1728 4026 obligationem
1782 3965 2151 4024 consurgere

586 4040 946 4100 restituendi
979 4040 1084 4100 illa
1118 4041 1381 4115 damna3
1423 4039 1626 4120 quoad
1658 4040 1780 4100 alia
1814 4059 1959 4101 vero
1986 4039 2151 4100 bona

587 4150 686 4193 res
711 4139 802 4194 est
823 4133 1034 4193 dubia.
1053 4133 1470 4194 Nihilominus
1499 4151 1635 4214 pars
1657 4134 1786 4194 haec
1808 4132 1989 4194 valde
2011 4153 2152 4214 pro-

587 4224 813 4286 babilis
841 4232 970 4302 est,
1022 4227 1179 4285 sieut
1226 4245 1336 4304 per
1365 4227 1610 4302 ludum,
1657 4226 1798 4286 licet
1847 4226 1999 4286 alias
2035 4227 2153 4285 ini-

590 4335 806 4396 quum,
837 4319 886 4378 si
919 4324 1132 4378 tamen
1182 4319 1346 4378 inter
1372 4317 1655 4379 ludentes
1681 4337 1810 4378 non
1845 4321 2153 4380 continea-

589 4415 694 4468 tur
722 4410 1048 4488 injustitia,
1076 4411 1397 4472 transferri
1428 4415 1624 4490 potest
1647 4411 1990 4472 dominium
2022 4414 2154 4472 sine

594 4501 975 4580 obligatione
1027 4503 1393 4563 restituendi
1449 4520 1464 4563 :
1520 4505 1680 4564 idem
1745 4505 2022 4567 cernitur
2086 4505 2154 4565 in

591 4594 925 4670 adulterio,
963 4596 1212 4675 quando
1254 4615 1365 4676 pro
1405 4595 1513 4656 illo
1564 4599 1829 4677 pretium
1859 4597 2147 4672 donatur,

595 4695 714 4749 etc.
747 4691 880 4750 Non
919 4709 1220 4766 negamus
1247 4708 1394 4750 vexo
1424 4693 1744 4752 contrarias
1772 4693 1932 4772 parti
1974 4708 2147 4751 suam

585 4799 716 4842 esse
745 4781 1262 4860 probabilitatem,
1296 4784 1527 4843 nedum
1554 4785 1967 4844 securitatem.

663 4877 763 4936 23.
813 4875 1154 4938 Secundum
1184 4875 1427 4937 dubium
1455 4863 1524 4938 σέο
1553 4877 1633 4938 D.
1663 4877 1911 4940 Thema.
1939 4909 2019 4924 -
2041 4877 2147 4939 Se-

585 4967 858 5030 cundum
901 4967 1181 5042 dubium,
1219 4969 1380 5047 apud
1426 4969 1638 5030 divum
1668 4971 1969 5030 Thomam
1993 4973 2052 5032 2.
2084 4973 2144 5045 2,

583 5067 803 5141 quaest.
853 5061 954 5124 40.
988 5068 1106 5122 art.
1159 5061 1196 5121 3
1226 5079 1238 5120 :
1273 5080 1354 5122 an
1413 5061 1593 5122 liceat
1652 5065 1743 5122 uti
1789 5063 2025 5124 insidiis
2078 5068 2143 5124 in

583 5153 769 5229 bello,
797 5156 896 5214 cui
938 5153 1207 5216 breviter
1251 5173 1390 5215 cum
1433 5155 1565 5234 ipso
1615 5153 2135 5235 respondendum,

2218 1712 2403 1773 rebus
2426 1759 2446 1788 ,
2498 1712 2584 1772 ita
2629 1717 2700 1771 ut
2738 1729 2863 1771 non
2908 1716 3156 1792 possent
3195 1708 3441 1768 servari
3496 1710 3745 1787 promissa

2219 1807 2350 1867 sine
2378 1805 2552 1883 gravi
2584 1805 2862 1881 damno;
2904 1821 3051 1863 nam
3101 1810 3253 1862 tunc
3306 1800 3496 1861 debet
3548 1805 3746 1862 moueri

2222 1917 2361 1978 pars
2394 1899 2611 1974 altera,
2647 1918 2773 1959 non
2817 1917 2993 1978 posse
3030 1898 3146 1958 sibi
3180 1899 3422 1957 servari
3465 1896 3746 1974 promissa,

2220 2011 2343 2073 qua
2384 1991 2795 2053 declaratione
2836 1992 2999 2051 facta
3022 2037 3043 2068 ,
3076 1990 3274 2051 libera
3324 1993 3569 2063 manet3
3616 1991 3746 2068 quod

2220 2091 2427 2146 tamen
2458 2103 2599 2146 raro
2626 2086 2743 2145 erit
2768 2083 3253 2163 permittendum
3285 2089 3332 2143 ¹.

2299 2181 2398 2240 24.
2448 2176 2719 2242 Tertium
2744 2179 2985 2240 dubium
3013 2196 3087 2239 ex
3116 2179 3310 2240 eodem
3332 2177 3412 2238 D.
3450 2175 3677 2244 Tamna,
3696 2177 3745 2237 de

2220 2291 2331 2352 quo
2352 2271 2541 2334 latius
2564 2277 2795 2344 auctor,
2822 2271 2927 2333 lib.
2960 2273 2999 2331 Ξ
3020 2272 3088 2332 de
3111 2271 3342 2332 Diebus
3374 2267 3565 2340 sestis,
3593 2286 3636 2329 c.
3667 2269 3743 2342 28,

2223 2386 2261 2428 a
2292 2383 2457 2425 num.
2504 2369 2562 2425 ·1.
2596 2396 2676 2410 -··
2700 2365 2979 2424 Tertium
3022 2368 3136 2436 est,
3168 2381 3250 2422 an
3280 2361 3514 2422 bellum
3559 2362 3618 2420 in
3646 2361 3742 2420 die·

2223 2459 2341 2519 bus
2384 2458 2554 2518 festis
2600 2459 2681 2518 sit
2727 2457 2967 2517 licitum
2996 2503 3016 2530 ,
3050 2475 3124 2516 ex
3168 2457 3237 2516 D.
3275 2455 3542 2528 Thoma,
3570 2459 3671 2513 art.
3696 2455 3739 2512 4.

2228 2551 2656 2630 Respondetur
2687 2569 2831 2611 vero
2865 2549 3071 2622 licere,
3102 2547 3153 2608 si
3189 2548 3517 2608 necessitas
3543 2552 3738 2624 urgeat.

2226 2645 2414 2704 Addit
2444 2645 2791 2723 CajetanuS,
2830 2646 2878 2704 si
2922 2643 3211 2702 audiatur
3250 2642 3464 2714 missa,
3496 2659 3609 2698 non
3644 2659 3741 2699 esse

2225 2737 2486 2798 mortale
2510 2783 2530 2812 ,
2596 2738 2836 2798 etiamsi
2907 2735 3137 2814 absque
3210 2733 3565 2794 necessitate
3618 2729 3737 2806 fiat,

2226 2831 2510 2910 quamvis
2538 2831 2769 2890 censeri
2798 2829 2985 2910 possit
3014 2826 3256 2889 veniale
3289 2833 3536 2908 propter
3559 2827 3739 2902 impro-

2226 2924 2571 3004 portionem
2597 2923 2955 3002 quamdam,
2986 2923 3256 2982 maxime
3286 2921 3336 2981 si
3366 2921 3516 2980 citra
3542 2920 3735 2979 incom-

2226 3016 2475 3076 modum
2506 3015 2739 3076 differri
2784 3024 3004 3095 posset.
3041 3015 3387 3093 Sylvester‚
3420 3013 3595 3072 verbo
3630 3011 3736 3072 Bel-

2222 3111 2375 3184 lum,
2410 3112 2467 3183 1,
2500 3109 2776 3170 extendit
2818 3109 2934 3172 hoc
2980 3108 3056 3168 ad
3114 3123 3361 3186 tempus
3392 3105 3735 3182 Quadi-agesi-

2222 3221 2366 3278 ma’,
2399 3221 2474 3262 ex
2503 3205 2700 3282 capite
2737 3202 2817 3266 Si
2850 3202 3046 3277 nulla,
3083 3203 3186 3274 23,
3216 3220 3281 3280 q.
3316 3201 3379 3275 8,
3411 3205 3470 3259 et
3492 3219 3542 3260 e.
3568 3199 3732 3270 unico,

2222 3302 2419 3368 extra,
2443 3296 2519 3356 de
2534 3297 2775 3374 Treuga
2795 3301 2857 3356 et
2888 3313 3061 3374 pace3
3088 3295 3193 3354 sed
3222 3295 3343 3354 hoe
3372 3295 3435 3353 in
3460 3298 3732 3353 consuetu-

2223 3389 2367 3450 dine
2418 3389 2681 3468 positum
2728 3406 2855 3449 non
2902 3394 3038 3464 est,
3080 3395 3150 3448 ut
3182 3387 3397 3449 Glossa
3438 3387 3518 3447 ibi
3563 3385 3735 3445 adver·

2222 3482 2321 3544 tit.

2304 3577 2401 3636 25.
2454 3573 2751 3648 Quartum
2780 3573 3021 3637 dubium
3040 3573 3368 3634 resolvitur
3398 3569 3733 3651 exemplis.-

2228 3669 2385 3731 Item
2414 3671 2673 3730 ratione.
2693 3700 2774 3713 -
2800 3668 3103 3741 Quartum
3127 3684 3143 3726 :
3167 3685 3247 3726 an
3280 3670 3485 3745 peccet
3506 3663 3731 3744 prim-eps

2228 3759 2596 3820 christianus
2628 3759 2905 3821 vocando
2945 3758 3223 3820 infideles
3248 3757 3549 3838 principes
3575 3755 3626 3813 in
3650 3771 3731 3812 au-

2227 3851 2472 3928 xilium,
2503 3853 2601 3913 vel
2638 3871 2673 3911 e
2710 3858 2927 3913 contra
2953 3851 3072 3912 illis
3112 3851 3459 3931 praestando
3482 3847 3729 3910 auxilinm

2231 3945 2299 4005 in
2336 3945 2500 4006 bello
2526 3947 2679 4008 alias
2708 3945 2900 4024 justo.
2934 3945 3530 4024 Occurrendumque,
3570 3957 3729 4020 perse

2230 4037 2473 4098 nullum
2508 4039 2608 4099 hie
2648 4039 2783 4099 dari
2822 4045 3137 4119 peceatum
3157 4083 3177 4114 ,
3212 4039 3362 4118 quia
3398 4041 3589 4098 contra
3626 4030 3730 4092 nul·

2231 4133 2359 4194 lam
2402 4133 2549 4194 facit
2588 4135 2923 4209 virtutem;
2956 4141 3017 4194 et
3040 4139 3378 4214 suppetunt
3404 4127 3653 4208 exempla
3679 4126 3729 4184 iu

2232 4227 2570 4306 Scriptura,
2603 4227 2804 4306 primo
2834 4222 3072 4306 Regum
3103 4227 3203 4297 28,
3242 4226 3311 4287 in
3356 4223 3583 4297 Davide,
3610 4227 3660 4280 et
3680 4219 3727 4276 in

2232 4318 2621 4393 Mac-habaeis,
2651 4319 2759 4380 lib.
2792 4324 2822 4380 l
2848 4365 2867 4394 ,
2898 4337 2949 4380 c.
2981 4319 3021 4379 8
3052 4325 3114 4378 et
3156 4320 3257 4378 11.
3297 4319 3597 4387 Praeterea,
3618 4311 3727 4370 lieet

2233 4411 2298 4470 in
2345 4409 2505 4471 bello
2539 4413 2627 4471 uti
2669 4412 2902 4472 auxilio
2932 4411 3204 4470 ferarum
3237 4427 3259 4487 ;
3312 4429 3419 4471 eur
3462 4424 3593 4485 ergo
3630 4419 3724 4463 non

2232 4503 2623 4566 infidelium?
2662 4507 2737 4565 Et
2776 4526 2814 4567 a
2856 4505 3168 4565 contrario
3200 4503 3345 4566 licet
3386 4501 3620 4563 vendere
3648 4513 3725 4554 ar-

2232 4614 2338 4657 ma
2380 4597 2735 4658 infidelibus
2756 4599 2833 4658 ad
2862 4597 3024 4658 bella
3058 4599 3223 4676 justa
3250 4612 3272 4672 3
3308 4611 3452 4674 ergo
3494 4599 3549 4652 et
3591 4585 3726 4650 auxi-

2230 4687 2385 4750 lium
2416 4691 2597 4751 ferre.
2629 4691 2939 4751 Interdum
2972 4695 3180 4749 tamen
3222 4689 3446 4768 poterit
3470 4685 3569 4744 hoc
3602 4677 3722 4739 mili-

2230 4788 2361 4843 tare
2407 4790 2621 4843 contra
2674 4783 3064 4856 charitatem,
3109 4781 3205 4842 vel
3250 4786 3489 4862 propter
3524 4771 3724 4836 scanda-

2227 4875 2359 4937 lum
2396 4877 2709 4958 publicum
2738 4926 2754 4951 ,
2803 4877 2901 4937 vel
2953 4882 3201 4955 propter
3248 4873 3565 4954 periculum
3607 4864 3720 4924 tide·

2232 4971 2410 5045 linm,
2430 4971 2529 5032 vel
2556 4972 2741 5031 etiam
2765 4977 3013 5048 propter
3032 4967 3434 5028 diffidentiam
3465 4965 3533 5024 de
3555 4957 3721 5020 divino

2227 5064 2481 5139 auxili0,
2510 5062 2588 5124 de
2621 5081 2743 5142 quo
2770 5063 3000 5140 legitur
3024 5062 3377 5141 exemplum
3402 5064 3437 5122 2
3456 5057 3550 5120 lib.
3580 5055 3717 5114 Para-

2223 5158 2358 5238 lip.,
2398 5177 2453 5219 e.
2494 5159 2587 5234 ¹6,
2621 5158 2732 5218 ubi
2779 5175 2891 5219 rex
2928 5157 3047 5216 Asa
3082 5155 3357 5234 graviter
3391 5143 3719 5232 reprehendi-

583 5248 786 5320 licere,
841 5247 1202 5322 occultando
1247 5249 1580 5328 prudenter
1627 5249 1977 5325 consilium,
2008 5269 2134 5311 non
2218 5265 2322 5314 tur
2348 5271 2417 5312 ac
2452 5251 2729 5330 punitur,
2757 5250 2921 5330 quod
2965 5249 3309 5310 humanum
3338 5235 3716 5315 alteriusimpii

584 5349 791 5404 tamen
831 5341 1223 5417 mentiendo;
1275 5340 1351 5400 de
1384 5359 1507 5419 qua
1547 5359 1612 5402 re
1635 5387 1656 5417 ,
1695 5341 1961 5404 videnda
1994 5351 2139 5406 sunt
2219 5347 2386 5427 regis
2442 5345 2745 5406 auxilium
2802 5343 3115 5424 quaesierit
3137 5387 3156 5418 ,
3209 5361 3284 5404 ex
3321 5339 3515 5402 auxilii
3552 5326 3710 5394 divini

581 5435 744 5497 dicta
783 5435 850 5496 in
893 5435 1150 5496 materia
1177 5434 1255 5496 de
1281 5434 1684 5496 occultatione
1711 5434 1877 5510 fidei,
1905 5435 2135 5516 disput.

587 5530 685 5602 ⁴4,
717 5532 861 5588 sect.
896 5529 954 5589 4.
989 5527 1079 5588 Ex
1119 5545 1244 5606 quo
1292 5546 1331 5587 a
1390 5526 1628 5588 fortiori
1657 5528 1984 5589 resolvitur
2030 5529 2142 5590 du·

2316 5537 2329 5570 ¹
2378 5529 2535 5592 Vide
2560 5529 2604 5591 l.
2636 5534 2675 5592 6
2704 5529 3084 5592 Defensionis
3111 5527 3277 5605 fidei,
3311 5549 3363 5590 c.
3394 5531 3447 5590 9.
