3900 6217
543 379 664 446 794
1930 371 2119 428 mbEx
2152 369 2364 428 RERUM

545 490 591 537 8.
628 485 740 538 Non
783 487 865 536 est
915 493 1134 537 neccsse
1177 479 1546 548 propheticam
1577 476 1937 544 cognitionem
1980 487 2103 528 esse

607 561 928 620 evidentem,
952 565 1043 614 aut
1073 559 1128 612 in
1161 557 1266 610 alia
1293 554 1538 610 evidente
1568 553 1682 618 niti,
1706 559 1854 606 tract.
1882 557 1930 613 1,
1957 551 2097 617 disp.

609 641 656 697 8,
687 643 816 689 sect.
841 641 888 698 5,
913 649 966 688 n.
990 640 1039 686 2.

543 717 591 765 9.
629 711 909 776 Prophetia
932 725 964 764 a
985 709 1090 763 tide
1111 706 1506 762 accidentaliter
1527 710 1729 758 tantum
1750 701 1946 765 differt,
1972 715 2024 754 n.
2051 705 2099 754 3.

607 788 707 840 Cur
735 787 874 840 inter
903 786 1100 852 gratias
1127 784 1290 852 gratis
1317 783 1467 836 datas
1492 787 1818 840 numeretur,
1841 793 1894 832 n.
1928 782 1973 831 ⁴.

545 867 622 915 1ο.
655 861 1023 929 propheticam
1070 861 1426 929 cognitionem
1482 872 1602 913 esse
1643 857 1941 911 evidentem
1994 866 2099 908 non

605 939 828 992 omnino
855 947 1135 1006 repugnat,
1156 937 1248 999 ib..
1281 951 1334 990 n.
1363 941 1410 990 5.

607 1019 719 1070 lnio
753 1013 1008 1070 credibile
1041 1022 1123 1069 est
1152 1014 1308 1067 talem
1335 1011 1624 1078 aliquando
1655 1009 1722 1062 de
1745 1010 1880 1062 sacto
1912 1007 2095 1070 fuisse,

604 1105 659 1144 n.
687 1097 736 1144 6.

608 1169 889 1235 prophetia
915 1170 1136 1222 evidens
1164 1181 1232 1220 an
1262 1165 1330 1220 sit
1357 1165 1551 1219 certior
1578 1175 1738 1229 quam
1763 1161 1913 1217 fides.
1940 1174 1993 1211 n.
2019 1163 2097 1210 1ο.

609 1247 686 1300 An
722 1245 1004 1312 perfectior
1034 1246 1086 1296 in
1123 1256 1319 1312 genere
1345 1241 1501 1303 entis,
1527 1239 1598 1292 ib.

543 1325 621 1373 11.
661 1321 738 1372 Ad
789 1320 1154 1387 propheticam
1203 1317 1562 1385 cognitionem
1621 1326 1740 1381 quae
1782 1311 1990 1379 species
2040 1322 2103 1362 ex

606 1404 754 1462 parte
779 1397 976 1462 objecti
1007 1396 1364 1460 requirantur,
1388 1401 1442 1447 et
1469 1391 1741 1459 quomodo
1763 1387 2099 1449 ordinentur,

603 1477 718 1525 ead.
747 1471 884 1538 disp.
909 1479 956 1536 8,
979 1479 1106 1525 sect.
1131 1475 1179 1532 6,
1207 1484 1260 1523 ιι.
1289 1475 1334 1522 1.

543 1553 620 1601 12.
659 1551 714 1600 ln
748 1548 1070 1601 revelatione
1109 1546 1450 1614 phophetica,
1475 1545 1632 1598 etiam
1661 1555 1790 1610 pure
1813 1539 2093 1607 spirituali,

603 1623 759 1676 datur
792 1637 1041 1678 recursus
1068 1624 1135 1676 ad
1177 1623 1570 1689 phantasmata,
1602 1634 1654 1671 n.
1681 1623 1728 1671 2.

603 1702 682 1751 An
716 1701 876 1752 etiam
906 1701 1028 1753 novi
1061 1697 1448 1765 phantasmatis
1483 1695 1704 1756 infusio,
1729 1693 1800 1745 ib.

540 1780 624 1828 13.
661 1775 859 1828 Lumen
892 1776 1261 1842 propheticum
1301 1786 1364 1825 ex
1395 1779 1542 1839 parte
1588 1771 1836 1837 potentiae
1879 1767 1948 1821 ad
1992 1767 2102 1822 roi·-

606 1852 864 1904 mandum
894 1858 1096 1905 certum
1125 1849 1379 1916 judicium
1415 1847 1543 1913 quid
1595 1845 1663 1898 sit
1711 1851 1763 1897 et
1790 1843 2101 1912 quotuplex,

605 1927 658 1980 ib
687 1969 698 1990 ,
728 1941 782 1980 ιι.
807 1933 834 1978 3
861 1935 913 1980 et
941 1931 988 1980 ⁴.

542 2005 620 2056 1⁴.
657 2005 770 2056 Non
799 2010 880 2057 est
908 2005 962 2056 in
988 2009 1244 2070 potestate
1265 1999 1538 2068 proplietae
1566 1999 1747 2052 omnia
1767 1997 1975 2052 occulta
2005 2009 2099 2050 co-

604 2092 863 2146 gnoscere
882 2086 972 2132 aut
996 2079 1300 2145 praedicere,
1327 2077 1536 2144 quoties
1556 2075 1801 2138 voluerit,
1825 2074 1941 2127 ead.
1968 2078 2096 2126 sect.

604 2161 653 2216 6,
681 2169 715 2208 n
760 2161 808 2206 6.

543 2237 623 2284 15.
661 2229 956 2296 prophetiae
997 2230 1198 2283 donum
1252 2227 1411 2280 etiam
1460 2231 1703 2294 respectu
1745 2237 1930 2278 eorum
1982 2236 2101 2290 quae

605 2308 959 2360 communiter
982 2307 1298 2368 revelantur,
1327 2317 1434 2356 non
1457 2303 1612 2356 datur
1637 2317 1729 2369 per
1759 2301 1976 2354 modum
2001 2301 2104 2354 ha-

601 2381 762 2444 bitus,
787 2396 840 2435 n.
867 2388 913 2435 8.

605 2459 776 2511 Manet
807 2465 982 2512 tamen
1020 2473 1082 2510 ex
1107 2457 1420 2526 prophetica
1449 2456 1756 2524 cognitione
1781 2452 1982 2520 aliquid
2010 2465 2105 2518 per

606 2535 824 2588 modum
863 2535 1091 2599 habitus,
1116 2543 1167 2588 et
1195 2534 1323 2600 quid
1355 2533 1483 2585 illud
1513 2533 1598 2594 sit,
1624 2544 1676 2583 n.
1702 2535 1749 2584 9.

544 2615 621 2662 16.
660 2611 952 2675 l’ropbetiae
987 2624 1148 2666 causa
1199 2610 1436 2664 formalis
1461 2649 1472 2662 .
1523 2609 1697 2661 tinalis
1763 2613 1817 2660 et
1865 2605 2102 2660 efficiens

606 2699 850 2750 quaenam
903 2687 990 2748 sit,
1047 2694 1194 2740 tract.
1229 2693 1278 2750 1,
1319 2687 1457 2751 disp.
1481 2690 1528 2746 8,
1559 2689 1688 2738 sect.
1720 2687 1767 2746 7,
1810 2696 1864 2734 n.
1907 2688 1952 2735 1.
1981 2681 2103 2742 Quae

607 2776 768 2815 causa
795 2763 1108 2829 subjectiva,
1133 2776 1186 2816 n.
1213 2769 1262 2815 9.

544 2841 622 2890 17.
660 2837 884 2899 Quilibet
908 2840 1080 2892 viator
1099 2847 1180 2891 est
1202 2852 1366 2905 capax
1392 2836 1702 2905 prophetiae,
1725 2848 1834 2890 non
1859 2835 2105 2887 obstante

607 2927 944 2980 quacumque
974 2915 1200 2968 naturali
1250 2915 1334 2968 vel
1378 2913 1566 2968 morali
1599 2911 1951 2979 dispositione
1978 2924 2105 2978 pra·-

608 3002 692 3050 va,
718 3003 772 3042 n.
803 2995 852 3054 23
876 3003 945 3042 an
976 2991 1135 3042 etiam
1157 2991 1316 3052 Beati,
1349 2987 1419 3042 ib.

609 3066 741 3127 Quid
776 3066 842 3118 de
867 3066 1202 3120 daemonibus
1231 3066 1542 3127 dicendum,
1567 3079 1620 3116 ιι.
1647 3069 1696 3118 3.

547 3145 624 3193 18.
663 3142 958 3207 propbetiae
1008 3141 1168 3195 variae
1225 3141 1518 3195 divisiones
1571 3140 1899 3207 explicantur
1923 3179 1936 3202 ,
1982 3137 2099 3192 ead.

609 3217 748 3282 disp.
778 3221 824 3276 8.
853 3224 982 3270 sect.
1020 3222 1066 3278 8,
1095 3231 1188 3284 per
1218 3224 1398 3270 totam.

547 3296 625 3343 19.
662 3293 938 3358 prophetae
961 3306 1057 3346 cur
1085 3293 1206 3346 dicti
1241 3293 1504 3352 videntes,
1537 3297 1758 3346 tractatu
1793 3297 1840 3354 1,
1885 3290 2022 3357 disp.
2053 3295 2099 3351 3,

608 3375 736 3422 sect.
761 3372 807 3433 8,
827 3375 953 3434 n.a;
975 3377 1026 3422 et
1045 3369 1186 3436 disp.
1212 3375 1259 3432 8,
1290 3379 1418 3423 sect.
1447 3373 1492 3432 ⁴,
1517 3383 1570 3420 n.
1597 3375 1644 3427 1.
1667 3375 1720 3422 et
1741 3375 1869 3422 sect.
1899 3374 1944 3430 5,
1972 3381 2024 3420 n.
2053 3373 2099 3420 3.

735 3499 1011 3540 ΡΒΟΡΟΠΕΝὸ
1041 3503 1212 3552 ΡΙΟΒΙ,
1239 3499 1334 3540 Seu
1366 3501 1643 3540 norosmo
1675 3501 1912 3539 nummu.

546 3603 590 3650 1.
628 3599 731 3652 Res
779 3600 926 3661 salsa,
973 3599 1218 3666 quamvis
1265 3613 1390 3653 vera
1421 3601 1771 3662 existimetur,
1825 3612 2101 3664 nunquam

611 3682 784 3741 potest
814 3676 883 3727 ita
919 3676 1147 3742 proponi
1178 3683 1233 3730 ut
1262 3677 1329 3728 ad
1376 3677 1534 3728 tidem
1589 3676 1818 3730 infusam
1851 3677 2105 3746 sufficiat,

611 3757 759 3802 tract.
787 3756 834 3812 1,
867 3751 1005 3816 disp.
1030 3757 1076 3809 3,
1107 3759 1221 3804 sect
1267 3757 1346 3810 13,
1377 3764 1408 3803 a
1437 3765 1492 3802 ιι.
1523 3757 1570 3804 9.

548 3831 596 3877 2.
637 3827 750 3879 Non
785 3827 1073 3891 requiritur
1118 3835 1177 3882 ut
1203 3830 1341 3880 Deus
1370 3827 1676 3880 immediate
1706 3826 2107 3881 immediatione

609 3903 873 3968 suppositi
904 3904 1130 3970 singulis
1174 3904 1380 3969 objecta
1415 3903 1519 3956 tide
1559 3910 1844 3970 proponat,
1879 3909 2028 3956 tract.
2056 3908 2103 3965 1,

610 3979 744 4044 disp.
784 3983 830 4040 ⁴,
858 3987 986 4032 sect.
1011 3984 1058 4042 1,
1082 3993 1115 4032 a
1135 3994 1187 4032 n.
1212 3986 1260 4032 2.

609 4055 912 4119 Requiritur
939 4063 1116 4109 tamen
1165 4065 1222 4110 ut
1256 4055 1654 4109 immediatione
1697 4055 1903 4107 virtutis
1939 4055 2106 4108 inter-

609 4130 764 4183 cedat
793 4131 1095 4196 specialiter
1115 4133 1257 4185 circa
1284 4131 1706 4198 propositionem
1742 4131 2101 4197 cooperand0,

611 4205 705 4267 ib„
728 4219 759 4257 a
783 4219 835 4258 ιι.
861 4211 907 4259 6.

549 4285 596 4334 9.
635 4282 956 4346 proponitur
979 4283 1268 4349 aliquando
1295 4283 1598 4337 immediate
1625 4296 1656 4335 a
1689 4284 1796 4338 Deo
1826 4281 1977 4346 tides„
2008 4283 2103 4345 ib.,

611 4371 664 4412 n.
691 4365 736 4412 5.

550 4441 596 4488 ⁴.
632 4436 714 4488 Ad
739 4435 1088 4490 sufficientem
1119 4437 1242 4490 fidei
1281 4436 1700 4503 propositionem
1734 4449 1842 4490 non
1871 4436 2001 4489 satis
2026 4440 2106 4489 est

609 4511 875 4576 objectum
908 4512 1222 4577 simpliciter
1251 4512 1478 4578 proponi
1509 4521 1564 4564 ut
1597 4525 1627 4564 a
1650 4513 1758 4564 Deo
1792 4512 2105 4575 revelatum,

609 4586 705 4638 sed
738 4587 1024 4651 requiritur
1051 4595 1108 4640 ut
1133 4601 1195 4640 ex
1229 4588 1294 4639 iis
1318 4600 1437 4652 quae
1460 4597 1848 4653 proponuntur,
1875 4588 2103 4652 pruden-

613 4667 691 4713 ter
714 4669 966 4727 appareat
991 4663 1261 4726 credibile,
1287 4671 1433 4715 tract.
1457 4668 1504 4716 1.
1529 4663 1666 4728 disp.
1689 4667 1734 4724 ⁴,
1753 4671 1882 4715 sect.
1913 4667 1962 4726 2,
1982 4677 2035 4716 ii.
2054 4667 2103 4716 3.

609 4739 723 4789 lmo
759 4737 918 4790 etiam
963 4739 1237 4792 evidenter
1259 4738 1530 4801 credibile,
1557 4746 1714 4804 atque
1738 4738 1872 4792 adeo
1906 4747 1964 4792 ut
1988 4752 2109 4792 cer-

612 4821 722 4865 tum
757 4822 810 4866 et
837 4814 1129 4874 infallibile,
1158 4829 1210 4866 n.
1239 4818 1265 4865 4
1296 4823 1347 4866 et
1377 4821 1423 4865 5.

623 4889 755 4951 Quin
792 4890 948 4941 etiam
977 4889 1250 4942 evidenter
1272 4889 1596 4950 credibilius,
1633 4901 1973 4956 quocumque
2000 4889 2107 4943 alio

614 4964 842 5030 objecto,
868 4979 962 5018 seu
993 4965 1236 5018 doctrina
1268 4973 1616 5031 repugnante,
1645 4977 1695 5016 n.
1725 4970 1770 5016 6.

549 5047 595 5093 5.
632 5041 743 5093 Non
769 5050 850 5094 est
893 5042 1105 5094 tandem
1144 5043 1438 5107 propositio
1481 5039 1602 5092 fidei
1652 5039 1920 5092 sufficiens
1945 5080 1959 5101 ,
2006 5040 2104 5092 nisi

613 5117 888 5171 evidenter
907 5118 1154 5170 ostendat
1188 5130 1274 5169 res
1313 5117 1434 5169 tidei
1457 5129 1576 5168 csse
1611 5117 1678 5168 de
1709 5116 1844 5169 sacto
1879 5115 2111 5168 creden·

611 5192 726 5253 das,
751 5199 804 5245 et
826 5193 1017 5258 cuique
1038 5193 1281 5259 opinioni
1307 5193 1586 5245 contrariae
1611 5192 1987 5257 praet'crendaS,
2014 5192 2109 5256 ib„

612 5281 667 5321 n.
697 5273 744 5321 7.

549 5348 598 5394 e.
636 5345 914 5409 propostio
939 5343 1062 5398 fidei
1099 5358 1210 5398 non
1255 5344 1442 5397 eodem
1485 5343 1646 5396 modo
1679 5343 2011 5410 sapientibus
2055 5350 2109 5396 ct

613 5419 792 5472 idiotis
820 5421 1078 5480 facienda,
1111 5421 1226 5474 ead.
1255 5421 1394 5486 disp.
1422 5425 1468 5482 4,
1495 5427 1623 5473 sect.
1654 5425 1704 5483 ⁴,
1729 5436 1780 5472 ii.
1809 5426 1856 5479 8,
1883 5425 1910 5470 9
1943 5427 1999 5472 et
2026 5426 2102 5472 10.

551 5497 579 5544 7
637 5496 930 5559 propositio
981 5497 1102 5550 fidei
1152 5504 1210 5552 ut
1256 5497 1525 5550 sufficiens
1572 5498 1671 5557 sit,
1720 5509 2106 5560 nonnunquam

617 5582 711 5642 per
745 5571 1007 5628 internam
1035 5573 1366 5628 vocationem
1397 5571 1711 5642 completur,
1735 5571 1856 5626 eod.
1891 5585 1944 5628 ιι.
1977 5575 2025 5626 9.

2184 479 2229 527 8.
2266 476 2578 542 proponens
2606 479 2763 532 fldem
2804 481 2943 536 alius
2987 483 3281 549 proximus,
3322 488 3556 540 remotus
3582 487 3707 554 alius.

2245 557 2393 604 tract.
2419 556 2468 614 1,
2500 552 2638 620 disp.
2663 561 2709 618 5,
2734 555 2787 607 in
2809 559 3085 623 praeludio.

2246 628 2521 682 Proximus
2543 641 2652 684 non
2681 633 2842 686 babet
2874 636 3241 694 auctoritatem
3283 635 3605 692 infallibilem
3632 643 3709 696 lia-

2246 703 2513 757 bitualiter
2544 713 2597 758 et
2624 716 3015 772 permanenter,
3041 711 3133 775 ib.,
3169 718 3306 766 sect.
3338 717 3386 770 1.
3412 727 3468 764 ιι.
3492 719 3538 765 3.

2247 777 2415 830 nabet
2455 789 2633 833 autem
2678 785 2953 838 actualiter
2990 788 3167 852 quoad
3200 789 3575 842 certitudinem
3606 792 3710 848 doc-

2248 851 2415 916 trinae,
2442 869 2601 921 quam
2626 857 2950 913 sufficienter
2978 863 3248 928 proponit,
3280 862 3375 927 ib.‚
3398 878 3451 917 n.
3480 870 3524 917 ⁴.

2700 988 2977 1028 pnoposmn
3004 992 3067 1028 nss
3088 992 3217 1030 1108.

2182 1086 2228 1134 1.
2265 1084 2561 1150 propositio
2589 1086 2656 1138 de
2680 1087 2799 1151 tide,
2828 1102 2896 1142 an
2922 1089 3029 1142 alia
3052 1090 3305 1150 mediata,
3330 1092 3439 1144 alia
3465 1094 3709 1149 immedia-

2244 1165 2295 1212 ta
2328 1159 2413 1222 sit,
2442 1167 2589 1214 tract.
2614 1167 2661 1222 1,
2688 1163 2827 1227 disp.
2851 1169 2899 1228 3,
2923 1173 3055 1220 sect.
3086 1171 3163 1229 11,
3188 1179 3223 1220 a
3256 1180 3315 1220 ιι.
3342 1173 3403 1232 5;
3428 1174 3479 1221 et
3500 1168 3628 1236 disp.
3650 1178 3709 1237 19,

2242 1242 2370 1288 sect.
2400 1241 2448 1298 2,
2485 1250 2538 1289 n.
2573 1243 2649 1290 10.

2182 1315 2229 1362 2.
2268 1315 2347 1363 An
2401 1326 2546 1366 nunc
2589 1314 2784 1368 dentur
2830 1319 3225 1382 propositiones
3269 1319 3469 1384 aliquae
3511 1319 3575 1372 de
3613 1321 3708 1383 fide.

2244 1399 2365 1452 quie
2392 1394 2547 1441 antea
2585 1389 2654 1442 de
2700 1390 2807 1444 fide
2846 1405 2959 1447 non
2990 1395 3202 1460 suerint,
3248 1399 3407 1450 tract.
3449 1400 3499 1458 1,
3531 1396 3653 1462 disp.
3672 1404 3708 1462 Ξ,

2245 1471 2373 1517 sect.
2408 1469 2454 1525 6,
2486 1479 2519 1518 a
2548 1481 2601 1518 ιι.
2634 1473 2713 1520 15.

2182 1544 2229 1590 3.
2266 1541 2693 1607 propositionum
2718 1558 2838 1610 quae
2864 1557 3117 1601 successu
3143 1548 3409 1614 temporis
3440 1546 3707 1615 creduntur,

2243 1616 2436 1682 duplex
2463 1631 2651 1683 genuS,
2675 1619 2769 1681 ib..
2792 1633 2843 1671 ιι.
2870 1625 2948 1672 18.

2182 1695 2229 1744 4.
2268 1693 2459 1746 Eadem
2488 1695 2783 1760 propositio
2810 1703 3125 1762 potestesse
3148 1697 3361 1751 credita
3396 1697 3503 1752 fide
3538 1699 3707 1763 divina,

2244 1775 2298 1822 et
2324 1769 2485 1822 simul
2531 1771 2665 1826 ratio
2692 1773 2963 1838 credendi,
2990 1781 3138 1828 tract.
3168 1779 3215 1836 1,
3248 1774 3391 1842 disp.
3426 1779 3477 1837 ⁸,
3508 1782 3625 1830 sect.
3646 1781 3705 1840 11,

2244 1857 2297 1897 η’
2322 1849 2398 1897 12.
2650 1924 2930 1963 puorosirio
2958 1927 3273 1964 exuamus.

2183 1999 2228 2052 1,
2265 1996 2561 2063 propositio
2583 1998 2923 2061 damnabilis.
2944 2001 3073 2066 quid
3094 2002 3164 2054 sit
3182 2007 3239 2056 et
3258 2004 3564 2069 quotuplex,
3588 2011 3709 2058 tract.

2246 2076 2291 2132 1,
2319 2073 2458 2138 disp.
2482 2078 2561 2134 19,
2587 2080 2714 2128 sect.
2742 2081 2791 2138 2,
2816 2089 2870 2128 n.
2901 2081 2947 2129 1.

2182 2153 2231 2200 2.
2272 2147 2567 2214 propositio
2599 2151 2847 2204 haeretica
2866 2159 2947 2204 est
2967 2153 3209 2206 absolute
3241 2154 3385 2214 tatis,
3412 2163 3465 2208 et
3484 2155 3710 2224 indepen-

2246 2223 2436 2276 denter
2463 2239 2495 2277 a
2530 2227 2822 2290 pertinacia
2844 2227 2927 2280 vel
2952 2228 3139 2280 animo
3166 2230 3511 2294 proferentis,
3538 2246 3569 2284 a
3595 2248 3641 2284 n.
3662 2240 3707 2299 ³3

2246 2306 2329 2352 est
2360 2300 2499 2352 idem
2535 2302 2589 2354 in
2618 2303 2791 2368 rigore
2816 2315 2936 2356 cum
2966 2305 3175 2368 baeresi,
3196 2319 3253 2358 n.
3292 2314 3341 2358 5.

2188 2378 2232 2428 3.
2269 2376 2689 2441 Propositionem
2718 2379 3017 2432 liaereticam
3058 2381 3108 2432 in
3140 2382 3325 2434 varios
3358 2383 3543 2438 modos
3563 2387 3707 2451 quali-

2248 2457 2326 2503 ter
2355 2454 2598 2506 nonnulli
2628 2454 3073 2523 siibdistinguant.
3101 2458 3197 2521 ib„
3217 2471 3277 2510 n.
3299 2465 3349 2512 6.

2187 2531 2233 2578 4.
2270 2528 2665 2595 propositiones
2714 2545 2905 2584 omnes
2958 2533 3217 2586 baereticoe
3274 2543 3405 2588 sunt
3452 2536 3705 2592 formaliter

2244 2615 2395 2668 aeque
2420 2604 2565 2658 salsae
2590 2613 2641 2660 et
2676 2608 2951 2668 baereticae,
2980 2623 3032 2660 n.
3065 2613 3110 2662 7.

2187 2683 2231 2730 5.
2268 2681 2565 2746 propositio
2596 2697 2825 2738 erronea
2870 2685 2921 2737 in
2974 2686 3196 2740 materia
3234 2688 3361 2741 fidei
3396 2689 3519 2754 quid
3558 2691 3629 2750 sit.
3664 2699 3705 2744 et

2248 2758 2520 2821 quomodo
2550 2759 2619 2810 ab
2650 2758 2895 2813 liaeretica
2922 2761 3303 2829 distinguatur,
3335 2766 3453 2820 ead.
3484 2776 3601 2820 sect.
3620 2774 3657 2824 9.
3677 2782 3703 2820 a

2248 2846 2300 2884 n.
2338 2838 2426 2896 1a;
2460 2834 2591 2900 quid
2622 2837 2744 2887 item
2782 2839 3076 2902 propositio
3105 2840 3327 2906 sapiens
3380 2843 3621 2903 baeresim,
3658 2859 3701 2894 n.

2249 2913 2333 2968 17;
2364 2911 2493 2974 quid
2519 2911 2657 2964 male
2686 2924 2905 2975 sonans,
2932 2927 2983 2965 n.
3020 2919 3109 2975 183
3136 2916 3271 2980 quid
3302 2918 3501 2980 piarum
3530 2919 3701 2971 aurium

2249 2983 2523 3047 offensiva,
2548 2986 2882 3048 scandalosa,
2910 2991 3205 3050 temeraria,
3234 3005 3292 3044 ιι.
3319 2998 3379 3045 19
3402 3000 3451 3045 et
3474 2999 3546 3046 Ωιι.

2186 3065 2231 3110 6.
2270 3060 2567 3126 propositio
2596 3062 2823 3115 modalis
2845 3077 3125 3118 censuram
3164 3067 3389 3122 inurens
3411 3069 3523 3122 sine
3542 3070 3705 3122 funda-

2248 3144 2447 3192 mento.
2494 3137 2815 3192 damnabilis
2855 3149 2953 3204 est,
2990 3149 3043 3194 et
3070 3143 3260 3196 eadem
3292 3159 3513 3199 censura
3552 3147 3698 3212 digna,

2248 3227 2301 3264 n.
2329 3217 2407 3266 21.

2184 3294 2232 3339 τ.
2270 3288 2464 3341 Eadem
2517 3290 2813 3356 propositio
2867 3292 3155 3358 aliquando
3203 3295 3449 3360 pluribus
3498 3298 3700 3350 censuris

2247 3365 2381 3417 affici
2422 3373 2627 3431 potest;
2661 3367 2949 3431 aliquando
2982 3381 3091 3423 non
3126 3371 3276 3431 item,
3304 3373 3422 3426 eod.
3455 3387 3504 3425 ιι.
3528 3378 3597 3424 2¹.

2187 3445 2214 3491 8
2270 3441 2391 3493 Sola
2420 3443 2713 3508 propositio
2742 3445 2955 3509 proprie
2986 3445 3232 3499 liaeretica
3274 3456 3357 3501 est
3390 3449 3589 3500 materia
3612 3449 3697 3499 hae-

2248 3517 2401 3579 resiS,
2427 3532 2479 3569 n.
2504 3523 2564 3568 22
2593 3525 2644 3571 et
2665 3528 2791 3572 sect.
2825 3527 2872 3583 6,
2906 3535 2958 3572 n.
2981 3525 3029 3572 6.

2186 3598 2232 3646 9.
2270 3595 2419 3647 Circa
2446 3595 2836 3661 propositiones
2867 3597 3198 3652 damnabiles
3228 3600 3389 3652 etiam
3427 3613 3525 3653 non
3558 3602 3697 3653 hiere-

2252 3669 2381 3722 {icas
2409 3683 2606 3733 errare,
2636 3685 2731 3738 per
2763 3686 2821 3724 se
2844 3671 3131 3738 loquendO,
3172 3676 3587 3741 peccaminosum
3620 3683 3697 3736 est,

2253 3752 2401 3797 tract.
2434 3750 2481 3805 1,
2522 3747 2659 3812 disp.
2693 3753 2771 3809 19,
2806 3756 2933 3800 sect.
2960 3753 3006 3809 9,
3033 3763 3086 3801 ιι.
3130 3755 3183 3806 1;
3216 3751 3514 3818 hujusmodi
3544 3765 3697 3816 pecca-

2250 3825 2359 3872 tum
2411 3834 2519 3874 non
2560 3830 2642 3874 est
2686 3824 2997 3888 simpliciter
3028 3823 3268 3885 haeresis,
3316 3827 3405 3890 ib„
3442 3841 3491 3880 n.
3530 3833 3576 3887 3;
3614 3827 3699 3877 imo

2252 3911 2351 3950 nec
2378 3899 2444 3949 ad
2472 3900 2615 3952 illam
2650 3909 2945 3964 revocatur,
2970 3917 3022 3954 n.
3049 3906 3072 3952 ⁴
3100 3919 3113 3962 ;
3151 3904 3247 3956 sed
3286 3905 3441 3957 habet
3484 3903 3695 3956 malitiam

2252 3974 2590 4032 curiositatis.
2624 3979 2924 4042 oppositam
2952 3979 3293 4042 studiositati,
3328 3995 3379 4033 n.
3412 3987 3454 4033 5.

2192 4053 2266 4101 1⁰.
2304 4051 2472 4103 Nimia
2490 4055 2811 4106 asseveratio
2832 4054 2881 4106 in
2906 4055 3292 4120 propositione,
3317 4056 3443 4108 alias
3463 4067 3559 4108 non
3575 4055 3695 4106 dam-

2254 4127 2462 4189 nabilis,
2492 4135 2798 4193 potestesse
2823 4131 3214 4196 peccaminosa,
3241 4145 3297 4186 n.
3326 4139 3379 4198 ῦς
3404 4145 3467 4185 an
3487 4132 3692 4197 aliquan-

2250 4202 2320 4255 do
2349 4205 2506 4257 etiam
2539 4205 2801 4268 ltaeretica,
2833 4205 2961 4259 ibid.

2842 4339 3096 4378 pnoxmus.

2187 4435 2233 4482 1.
2271 4431 2545 4484 proximus
2587 4438 2666 4485 est
2693 4433 2871 4485 omnis
2913 4434 3187 4486 rationalis
3215 4442 3465 4488 creatura.
3494 4437 3622 4484 tract.
3652 4435 3687 4489 3,

2248 4505 2385 4571 disp.
2402 4512 2447 4558 1.
2464 4513 2627 4559 εεοιΑ
2644 4548 2654 4569 ,
2674 4521 2727 4558 ιι.
2743 4513 2797 4566 6;
2822 4508 2962 4560 idem
2982 4508 3187 4574 sibiipsi
3206 4523 3274 4561 an
3290 4511 3558 4574 proximus
3587 4519 3634 4557 n.
3651 4508 3685 4555 ⁴.

2248 4582 2381 4644 Quid
2405 4583 2471 4635 de
2502 4583 2867 4648 peccatoribus
2889 4585 2939 4636 in
2984 4586 3084 4646 via,
3134 4586 3295 4652 ibid.;
3331 4583 3451 4650 quid
3481 4583 3540 4635 de
3567 4582 3690 4633 dani-

2253 4659 2387 4712 natis
2400 4666 2452 4712 et
2476 4660 2717 4724 reprobis
2732 4659 3069 4724 damnandis,
3102 4677 3155 4715 n.
3182 4668 3208 4715 ⁴
3247 4670 3301 4715 et
3320 4669 3368 4715 5.

2188 4739 2236 4787 2.
2274 4736 2547 4788 proximus
2572 4743 2653 4789 est
2680 4737 2944 4801 objectum
2984 4741 3159 4792 minus
3184 4739 3469 4804 principale
3498 4733 3686 4789 charita-

2252 4811 2333 4874 tis,
2369 4812 2517 4873 ibid..
2542 4827 2596 4865 n.
2629 4817 2694 4879 23
2726 4813 2884 4866 etiam
2919 4815 3095 4880 quoad
3116 4829 3331 4882 corpus,
3364 4830 3415 4868 n.
3439 4820 3483 4866 6.

2188 4891 2235 4939 3.
2262 4890 2383 4952 Ipsa
2417 4888 2503 4941 Dei
2550 4889 2761 4942 bonitas
2806 4891 3038 4944 increata
3086 4899 3165 4944 est
3210 4892 3470 4945 sufficiens
3506 4886 3616 4938 ratio
3640 4888 3685 4933 ut

2252 4971 2469 5029 propter
2495 4978 2613 5016 eam
2642 4965 2892 5032 diligatur
2920 4967 3223 5020 immediate
3246 4968 3517 5033 proximus,
3538 4969 3681 5014 amore

2250 5041 2659 5104 supernaturali,
2686 5048 2833 5094 tract.
2860 5047 2907 5104 3,
2935 5042 3073 5108 disp.
3106 5047 3153 5102 1.
3198 5050 3325 5096 sect.
3358 5047 3403 5104 3,
3428 5053 3475 5092 ιι.
3504 5043 3558 5098 1,·
3586 5036 3679 5083 item

2210 5113 2451 5177 -justitia
2500 5117 2921 5181 supernaturalis
2972 5118 3254 5182 ipsiusmet
3296 5114 3531 5183 proximi,
3561 5107 3677 5164 ibid,

2253 5203 2287 5240 n
2340 5195 2395 5248 3;
2434 5192 2541 5244 imo
2563 5199 2616 5244 et
2642 5193 2857 5245 bonitas
2884 5195 3139 5246 naturalis
3172 5195 3275 5261 ipsi
3311 5194 3581 5247 intrinseca,
3610 5195 3682 5234 ⁵¹¹·

2254 5267 2661 5329 pernaturaiiter
2677 5276 2851 5321 tamen
2876 5269 3131 5336 regulata,
3155 5284 3213 5321 n.
3238 5273 3285 5321 ⁴.
3641 5333 3651 5344 .

2190 5346 2234 5392 5.
2280 5343 2501 5395 proximi
2530 5356 2683 5397 amor
2703 5344 2974 5405 quomodo
3010 5358 3226 5410 semper
3269 5343 3439 5398 tendat
3474 5339 3607 5392 etiam
3640 5345 3681 5384 ιιι

2251 5419 2433 5480 Deum,
2453 5425 2581 5472 sect.
2602 5423 2651 5484 ⁴,
2669 5434 2719 5472 n.
2738 5426 2765 5473 1
2784 5426 2838 5478 2;
2861 5419 2984 5472 vide
3000 5435 3285 5474 caum-ris
3304 5431 3579 5472 memnii,
3592 5426 3632 5462 n.
3646 5413 3679 5458 ⁷·

2194 5499 2241 5552 5,
2282 5494 2533 5560 ldignitas
2558 5496 2782 5560 proximi
2808 5509 2916 5550 non
2944 5503 3027 5550 est
3064 5498 3332 5550 sufficiens
3370 5493 3490 5548 ratio
3512 5488 3570 5542 ad
3600 5485 3679 5538 do‘··

2254 5569 2472 5626 lendum
2495 5570 2563 5626 de
2583 5573 2699 5637 ejus
2721 5572 2883 5636 bono,
2899 5579 3045 5626 tract.
3069 5577 3119 5636 3,
3142 5571 3282 5642 disp.
3306 5575 3359 5636 6,
3380 5573 3492 5622 sect.
3510 5567 3551 5628 ⁴,
3580 5575 3623 5613 ιι.
3640 5563 3677 5608 ³·
