3900 6217
925 398 1094 452 sacr.
1131 401 1256 454 vm.
1291 400 1374 452 111,
1409 400 1568 454 psas
1601 396 1740 455 sms
1765 396 2053 463 ,1101101110
2084 397 2182 454 sn·
2214 397 2417 456 011111
2448 399 2695 456 acaum
2728 383 2910 456 ruit-:t

324 515 470 578 ergo
486 499 744 578 signum
779 505 874 562 est
923 500 1282 563 Pontificem
1319 500 1454 562 sine
1480 501 1750 562 Concilio
1778 519 1880 579 ge-

323 590 516 654 nerali
546 592 972 672 possealiquid
994 593 1068 655 de
1092 593 1211 655 fide
1239 593 1636 668 constituere,
1657 599 1885 654 010011-

321 691 650 764 sequenter
674 686 811 746 sine
851 686 1118 748 Concilio
1160 686 1560 768 provinciali3
1599 705 1746 750 nam
1789 693 1882 747 est

321 778 540 840 eadem
561 777 660 838 vel
685 779 888 858 major
912 780 1098 858 ratio,
1142 781 1290 862 quia
1315 787 1516 860 potest
1544 780 1666 841 alio
1699 779 1882 840 modo

317 871 723 934 sufficientem
741 872 1128 952 diligentiam
1153 873 1468 936 adhibere.
1501 874 1774 954 Denique
1794 874 1882 934 ita

319 965 509 1026 etiam
563 977 890 1028 senserunt
937 984 1154 1028 omnes
1197 967 1405 1028 Patres
1444 965 1686 1046 antiqui
1728 985 1882 1046 quos

319 1057 514 1120 refert
533 1058 852 1136 Walden.,
884 1059 1028 1120 libr.
1054 1060 1090 1120 3
1115 1059 1508 1134 Doctrinali33
1541 1058 1783 1134 HosiuS,
1814 1059 1882 1121 in

322 1150 589 1212 ConfesS.
621 1151 820 1227 Fidei,
849 1170 986 1232 cap.
1019 1153 1138 1230 533
1180 1153 1368 1226 Cano,
1395 1151 1536 1214 libr.
1571 1153 1612 1214 5
1633 1157 1696 1214 et
1721 1153 1758 1211 7
1805 1151 1884 1214 de

319 1243 494 1306 Locis
511 1260 536 1322 3
557 1245 972 1320 Turrecrem„
997 1244 1102 1307 lib.
1135 1247 1176 1306 2
1203 1243 1408 1320 Sum„
1453 1262 1600 1324 cap.·
1649 1245 1790 1322 109,
1821 1249 1884 1306 01

315 1337 748 1416 sequentibus3
799 1347 864 1400 et
901 1337 1336 1414 Bellarminus,
1384 1337 1525 1400 libr.
1559 1339 1596 1398 3
1620 1337 1696 1399 de
1725 1339 1885 1400 Pon·

313 1430 518 1510 tifice3
568 1432 914 1507 Salmeron,
956 1449 1140 1514 super
1180 1431 1400 1494 Mattb.
1457 1433 1557 1506 16,
1592 1437 1655 1492 01
1700 1449 1884 1512 super

313 1524 442 1586 alia
474 1527 833 1588 testimonia
860 1526 1048 1588 citata
1064 1541 1085 1602 3
1113 1533 1176 1586 et
1209 1523 1296 1585 ibi
1345 1525 1718 1605 expositores
1754 1543 1884 1586 mo·

313 1619 496 1680 derni
517 1635 541 1696 3
581 1626 646 1680 et
681 1620 880 1682 videri
901 1620 1090 1682 etiam
1119 1625 1319 1700 potest
1348 1619 1755 1680 Directorium
1783 1619 1883 1682 ln-

317 1711 712 1792 qnisitorum‚
737 1713 1010 1774 secunda
1047 1718 1220 1793 parte
1279 1717 1499 1792 quaest.
1533 1713 1572 1774 2
1600 1719 1663 1774 01
1693 1714 1730 1772 7
1781 1730 1882 1772 us-

319 1822 440 1884 que
459 1803 542 1866 ad
573 1809 682 1883 173
718 1812 782 1868 et
809 1807 1042 1883 Penna,
1084 1806 1151 1867 in
1177 1803 1426 1866 scholiis
1451 1804 1525 1868 ad
1551 1805 1708 1870 illas.

401 1905 446 1962 ὅ
513 1898 720 1962 Tertio
752 1899 1004 1976 rationo,
1038 1899 1195 1982 quod
1215 1919 1332 1962 uon
1365 1899 1638 1979 cmpediat
1674 1898 1882 1964 Eccle-

322 1994 430 2056 sioe
471 2000 828 2073 potestatem
873 1996 1098 2074 capitis
1159 1994 1422 2072 alliqarc
1469 1992 1758 2056 Concilio.
1803 2023 1885 2040 -

321 2086 404 2147 Id
431 2088 770 2150 ostenditur
795 2086 1332 2167 prim0.—Tertio,
1359 2103 1682 2165 possumus
1718 2085 1881 2148 hanc

317 2179 646 2242 veritatem
663 2179 903 2241 ratione
919 2178 1248 2260 explicare,
1267 2181 1414 2258 quia
1431 2181 1497 2238 in
1517 2179 1735 2258 primis
1762 2197 1884 2238 non

316 2272 686 2352 expediebat
711 2272 1018 2347 Ecclesiae,
1043 2277 1294 2352 propter
1313 2290 1502 2352 quam
1526 2271 1657 2332 haec
1686 2277 1885 2352 potes-

315 2372 410 2425 tas
433 2366 580 2426 data
603 2373 696 2428 est
722 2365 1026 2440 Pontifici,
1048 2372 1120 2425 ut
1143 2363 1250 2425 illa
1271 2364 1523 2444 daretur
1548 2365 1724 2443 quasi
1749 2364 1885 2425 alli·

315 2466 488 2538 gata,
521 2465 588 2520 et
624 2458 978 2540 dependens
1009 2477 1048 2520 a
1073 2458 1342 2520 Concilio
1383 2457 1690 2537 generali3
1735 2475 1885 2536 ergo

320 2551 662 2614 verisimile
684 2570 808 2613 non
824 2557 920 2613 est
945 2553 1032 2612 ita
1059 2551 1246 2616 fuisse
1268 2549 1502 2627 datam,
1530 2569 1604 2612 ac
1624 2550 1886 2612 subinde

315 2645 546 2724 poterit
561 2644 844 2706 Pontifex
856 2647 990 2707 sine
1009 2643 1116 2706 tali
1145 2643 1416 2706 Concilio
1434 2645 1759 2704 veritatem
1781 2643 1888 2706 de-

315 2735 526 2813 finire,
555 2738 688 2800 sine
703 2737 974 2818 periculo
1000 2737 1246 2798 erroris.
1277 2735 1657 2797 Antecedens
1682 2741 1885 2797 osten-

318 2829 484 2892 ditur
515 2831 744 2912 primo,
771 2831 918 2910 quia
951 2829 1381 2892 difficillimum
1417 2833 1509 2890 est
1541 2828 1883 2891 Concilium

325 2921 604 3002 generale
623 2940 1024 3004 congregare,
1052 2929 1114 2984 et
1141 2922 1451 2984 ordinarie
1479 2919 1613 2982 fieri
1634 2939 1761 2982 non
1779 2938 1884 3002 po-

329 3023 442 3078 test
469 3016 600 3080 sine
633 3034 866 3098 magno
899 3016 1109 3079 labore
1137 3022 1198 3077 et
1227 3015 1548 3096 dispendio
1573 3015 1880 3090 Ecclesiae,

328 3110 725 3190 etaliquando
755 3116 956 3190 potest
983 3128 1113 3170 esse
1137 3108 1454 3170 moraliter
1480 3106 1880 3188 impossibile,

319 3213 570 3284 propter
598 3204 1076 3286 persecutiones,
1103 3201 1289 3279 bella,
1319 3202 1417 3263 vel
1451 3201 1576 3263 alia
1615 3201 1886 3281 impedi-

317 3306 556 3362 menta.
603 3298 874 3360 Aliunde
907 3315 1056 3360 vero
1081 3302 1283 3378 potest
1333 3314 1493 3377 saepe
1523 3297 1753 3358 instare
1776 3313 1884 3358 ne-

317 3393 568 3454 cessitas
595 3392 936 3454 damnandi
963 3409 1192 3453 novam
1230 3390 1656 3468 insurgentem
1690 3389 1884 3452 baere-

316 3489 456 3561 sim,
497 3485 600 3548 vel
627 3484 987 3548 declarandi
1015 3483 1344 3545 veritatem
1373 3481 1650 3561 aliquam
1679 3499 1884 3543 neces-

318 3581 572 3656 sariam,
591 3597 730 3660 quae
749 3578 817 3640 in
843 3577 1103 3640 dubium
1125 3581 1449 3638 revocatur
1463 3591 1486 3654 3
1519 3592 1668 3654 ergo
1705 3592 1884 3655 opor-

317 3674 437 3734 tuit
459 3673 796 3734 Summum
821 3667 1179 3732 Pontificem
1208 3667 1436 3730 habere
1477 3668 1639 3729 hanc
1675 3675 1883 3748 potes-

316 3773 510 3828 tatem
541 3763 1060 3848 independentem
1089 3781 1127 3825 a
1156 3761 1427 3824 Concilio
1443 3760 1744 3840 generali.
1777 3761 1881 3822 Se-

316 3860 544 3936 cundo,
561 3858 713 3940 quia
731 3861 820 3918 110
845 3863 979 3920 erat
1003 3855 1220 3918 utilius
1240 3855 1318 3916 ad
1352 3856 1652 3934 majorem
1679 3851 1882 3914 Eccle-

318 3953 418 4014 siae
436 3953 773 4029 unitatem,
803 3941 953 4032 quia
974 3949 1094 4012 nisi
1115 3954 1301 4030 caput
1323 3946 1605 4009 Ecclesiae
1628 3945 1883 4007 haberet

319 4047 382 4106 in
409 4043 705 4108 omnibus
724 4043 1106 4124 superiorem
1128 4037 1724 4128 potestatem,·facile
1744 4057 1882 4119 pos-

319 4149 450 4200 sent
469 4139 624 4200 oriri
643 4137 995 4200 schismata.
1017 4135 1249 4212 Tertio,
1271 4150 1592 4216 nunquam
1616 4132 1881 4213 legimus

315 4229 478 4294 hanc
505 4237 873 4312 potestatem
906 4230 1117 4292 datam
1159 4246 1292 4291 esse
1326 4225 1608 4288 Pontifici
1651 4226 1880 4306 depen-

315 4325 535 4388 denter
555 4345 596 4388 a
627 4323 940 4402 Concilio3
975 4321 1080 4384 sed
1103 4321 1334 4402 potius,
1363 4338 1398 4382 e
1420 4336 1735 4395 converso,
1771 4319 1882 4379 da·

316 4427 440 4482 tam
471 4437 605 4480 esse
631 4413 896 4480 Concilio
923 4413 1344 4496 dependenter
1387 4430 1427 4473 a
1472 4413 1658 4492 Papa.
1702 4410 1880 4472 Unde

313 4514 558 4574 ratione
598 4509 764 4588 illius
819 4507 1007 4574 habet
1052 4503 1555 4568 infallibilitatem
1577 4551 1600 4580 ,
1643 4511 1704 4566 ct
1739 4504 1896 4565 ideo.

313 4613 460 4669 ante
508 4601 1040 4666 confirmationem
1087 4603 1221 4681 ejus
1258 4617 1386 4662 non
1434 4597 1619 4660 habet
1645 4598 1879 4659 dictam

313 4698 746 4764 auctoritatem
762 4714 785 4777 3
817 4714 965 4776 ergo
1011 4693 1296 4756 Pontifex
1334 4711 1447 4773 per
1497 4711 1562 4754 se
1586 4689 1777 4752 habet
1806 4689 1879 4751 il·

313 4795 468 4870 lam,
500 4791 670 4853 unde
701 4791 778 4852 de
815 4790 978 4852 facto
1029 4789 1228 4852 solent
1267 4787 1537 4850 Concilia
1563 4783 1880 4864 generalia

313 4886 486 4948 illius
511 4887 688 4964 sequi
711 4883 1044 4965 judicium,
1078 4887 1148 4943 ut
1175 4880 1383 4943 videre
1410 4879 1556 4941 licet
1585 4879 1653 4939 in
1682 4877 1880 4957 Ephe·

314 4979 456 5040 sino
477 4979 704 5060 primo,
733 4978 884 5038 etin
913 4973 1416 5048 chalcedonensi,
1445 4979 1506 5034 et
1533 4971 1600 5032 in
1635 4971 1880 5032 Nicaeno

315 5071 614 5134 secundo.
645 5071 722 5150 Et
752 5068 946 5134 videri
974 5070 1165 5130 etiam
1184 5072 1384 5149 potest
1402 5065 1795 5128 Innocentius
1821 5067 1876 5140 1,

316 5163 566 5246 epistol.
600 5163 806 5242 26501
845 5161 1204 5242 Gregorius,
1237 5160 1375 5222 libr.
1404 5159 1469 5236 4,
1495 5157 1733 5240 epistol.
1764 5157 1878 5235 ΒΞ,

317 5265 382 5319 01
405 5255 686 5336 Gelasius
713 5261 781 5318 in
806 5255 1064 5336 epistola
1091 5255 1170 5316 ad
1199 5253 1516 5316 Faustum.

399 5353 460 5414 7.
509 5349 1194 5428 Corollaxiumprimum
1209 5347 1276 5409 dc
1285 5345 1602 5426 praeceptis
1621 5361 1876 5406 morum.

315 5476 400 5492 —
419 5445 513 5509 De
533 5445 656 5524 fido
684 5461 807 5508 csse
819 5447 1079 5522 putatur
1096 5441 1168 5503 ab
1192 5441 1493 5503 Antonino
1512 5445 1566 5501 el
1589 5437 1776 5500 Cano.
1800 5466 1882 5483 -

317 5537 392 5600 Et
415 5556 490 5600 ex
517 5537 638 5600 hac
683 5533 965 5620 generali
994 5534 1351 5610 assertione,
1377 5531 1652 5613 sequitur
1679 5529 1881 5614 primo

3407 395 3525 464 163

1964 500 2323 564 Pontificem
2352 521 2481 564 non
2516 522 2692 585 posse
2725 521 2930 565 errare
2955 503 3022 564 in
3042 504 3383 585 praeceptis,
3413 526 3524 570 seu

1960 593 2145 656 rebus
2191 596 2525 658 moralibus
2554 615 2707 678 quas
2740 596 2929 658 tradit
2958 596 3057 657 vel
3082 598 3382 678 approbat
3408 618 3523 680 pro

1965 688 2255 750 universa
2308 689 2597 752 Ecclesia.
2643 691 2773 752 Hoc
2814 688 3287 769 intelligendum
3328 711 3524 774 quan·

1966 785 2101 840 tum
2124 780 2205 842 ad
2227 781 2631 844 substantiam
2662 801 2767 844 seu
2796 788 3101 862 quantum
3124 782 3202 844 ad
3234 783 3521 848 honesta·

1963 877 2089 934 tem
2120 891 2403 950 morum3
2446 893 2592 936 nam
2629 874 2835 956 quoad
2875 875 3388 955 circumstantias,
3422 879 3523 940 vel

1964 965 2417 1046 multiplicandi
2446 975 2773 1047 praecepta,
2806 967 2902 1028 vel
2952 969 3223 1048 rigorem
3279 976 3390 1031 aut
3429 971 3525 1032 ni-

1965 1060 2119 1120 mias
2147 1078 2382 1139 poenas,
2412 1080 2538 1122 nou
2568 1067 2659 1122 est
2703 1061 3143 1123 inconveniens
3188 1063 3523 1142 aliquando

1961 1153 2347 1216 committere
2413 1153 2687 1235 aliquem
2749 1154 3097 1216 humanum
3171 1155 3479 1218 defectum
3498 1203 3519 1234 ,

1961 1248 2109 1326 quia
2129 1247 2244 1308 hoc
2270 1266 2400 1309 non
2427 1254 2521 1310 est
2546 1254 2761 1310 contra
2788 1247 3073 1310 Ecclesiae
3092 1249 3481 1314 sanctitatem
3505 1274 3524 1327 3

1962 1339 2303 1420 approbare
2348 1350 2556 1403 autem
2595 1341 2803 1422 turpia
2842 1359 2952 1421 pro
3002 1340 3297 1418 1101105115,
3340 1343 3459 1421 vel,
3487 1363 3523 1406 e

1963 1451 2281 1510 converso,
2318 1433 2615 1498 damnare
2652 1433 2914 1497 honesta
2943 1442 3241 1513 tanquam
3284 1436 3519 1517 iniqua,

1961 1532 2270 1606 repugnat
2325 1528 2569 1590 veritati
2616 1534 2679 1590 et
2730 1528 3038 1588 sanctitati
3094 1528 3373 1590 Ecclesioe
3390 1547 3411 1607 3
3461 1539 3524 1592 et

1965 1617 2103 1682 ideo
2131 1620 2198 1680 in
2234 1618 2332 1680 his
2358 1621 2547 1684 etiam
2578 1639 2703 1682 non
2743 1626 2941 1699 potest
2982 1638 3188 1682 errare
3216 1623 3519 1685 Pontifex.

1962 1711 2133 1786 Quod
2166 1712 2323 1774 dixit
2348 1731 2478 1774 esse
2502 1712 2579 1774 (10
2609 1712 2727 1774 fide
2750 1713 3121 1788 Antoninus,
3148 1716 3183 1778 3
3211 1721 3393 1794 part„
3423 1717 3521 1778 tit.

1965 1805 2066 1881 12,
2112 1824 2249 1887 cap.
2292 1809 2355 1882 8,
2384 1806 2423 1887 g
2450 1806 2521 1882 23
2571 1805 2737 1867 Cano
2765 1824 2936 1882 vero,
2977 1805 3087 1867 lib.
3138 1809 3177 1869 5
3218 1806 3293 1869 de
3324 1809 3521 1884 Locis,

1964 1917 2099 1979 cap.
2132 1901 2195 1974 5,
2225 1899 2386 1960 dixit
2414 1917 2633 1979 parum
2675 1899 2919 1961 distare.
2963 1898 3091 1965 Alii
3132 1917 3279 1962 vero
3305 1919 3525 1964 recen·

1962 1989 2150 2053 tiores
2175 1990 2361 2072 paulo
2385 1990 2593 2053 minus
2619 2009 2753 2054 rem
2780 1991 2943 2053 hanc
2966 1999 3373 2070 exaggerant:
3400 1994 3528 2056 Mo-

1960 2083 2115 2158 lina,
2154 2084 2230 2146 de
2280 2083 2517 2160 Just-it„
2561 2083 2855 2165 disputat.
2893 2085 3045 2160 3253
3091 2084 3522 2164 Bellarminus,

1963 2177 2107 2238 libr.
2137 2180 2174 2238 5
2195 2177 2272 2240 de
2296 2177 2559 2239 Roman.
2602 2176 2855 2247 Pontif„
2885 2195 3020 2256 cap.
3064 2179 3124 2240 5.
3172 2177 3528 2242 Declaratur

1964 2269 2266 2350 exemplo.
2321 2271 2477 2332 Nam
2532 2270 2803 2333 Ecclesia
2830 2269 3198 2352 approbavit
3249 2291 3527 2334 commu·

1963 2363 2215 2424 nionem
2268 2362 2565 2425 laicorum
2618 2362 2734 2424 sub
2783 2381 2911 2425 una
2953 2365 3179 2445 specie,
3228 2371 3527 2446 tanquam

1962 2455 2369 2518 sufficientem
2403 2456 2483 2518 ad
2512 2455 2799 2534 salutem,
2847 2464 2909 2520 et
2936 2455 3076 2518 ideo
3103 2457 3221 2520 hoc
3266 2459 3531 2522 babetur

1964 2555 2265 2628 tanquam
2294 2555 2531 2610 certum
2560 2551 2635 2610 de
2656 2547 2801 2626 fide,
2820 2550 3004 2630 juxta
3024 2549 3367 2614 Concilium
3395 2553 3529 2614 Tri·

1964 2641 2313 2718 deminum,
2357 2661 2502 2704 sess.
2533 2643 2637 2720 22,
2674 2662 2812 2723 cap.
2845 2646 2873 2706 1
2900 2660 2923 2722 3
2967 2644 3072 2706 sed
3110 2645 3177 2707 in
3206 2644 3323 2708 hac
3346 2652 3408 2707 et
3436 2647 3528 2708 si-

1965 2734 2103 2798 mili
2125 2736 2410 2812 materia,
2437 2742 2507 2797 ut
2532 2736 2798 2798 Ecclesia
2825 2737 2889 2798 id
2913 2743 3145 2814 teneat,
3175 2737 3404 2800 sufficit
3420 2757 3528 2820 ap-

1964 2827 2247 2907 probatio
2296 2827 2627 2905 Pontificis,
2667 2830 2797 2891 imo
2824 2829 2997 2892 illam
3034 2836 3283 2894 tenetur
3325 2831 3529 2894 Eccle-

1963 2922 2055 2984 sia
2082 2923 2297 3002 sequi3
2320 2941 2493 3003 ergo,
2526 2930 2597 2986 ut
2621 2923 2889 2986 Ecclesia
2913 2942 3037 2986 non
3060 2931 3247 3000 erret,
3280 2943 3529 2990 necesse

1964 3021 2057 3076 est
2083 3025 2154 3076 ut
2181 3015 2467 3078 Pontifex
2494 3017 2562 3078 in
2592 3015 2702 3078 tali
2728 3017 2990 3078 materia
3016 3034 3221 3080 errare
3242 3037 3365 3080 non
3390 3038 3528 3100 pos-

1963 3109 2042 3167 sit
2056 3123 2077 3185 3
2095 3113 2157 3168 et
2180 3108 2267 3168 ita
2286 3109 2477 3170 sensit
2496 3109 2683 3170 ctiam
2709 3109 3102 3171 Innocentius
3120 3111 3218 3186 111,
3249 3111 3313 3172 in
3338 3113 3523 3192 capit.

1965 3201 2089 3262 Per
2134 3201 2548 3277 venerabilem,
2574 3201 2693 3275 Qui
2730 3201 2843 3262 filii
2872 3205 2998 3263 sint
3026 3201 3315 3282 legitimi.
3346 3205 3529 3266 Deni-

1961 3311 2081 3372 que
2113 3293 2326 3354 omnia
2353 3291 2617 3354 adducta
2646 3293 2713 3354 in
2750 3295 3085 3358 assertione
3112 3295 3228 3356 hoc
3269 3297 3528 3360 corolla·

1962 3386 2129 3446 rium
2182 3385 2589 3463 confirmant3
2632 3387 2976 3466 praesertim
3021 3387 3191 3466 quia,
3228 3393 3300 3448 111
3340 3407 3527 3470 supra

1963 3477 2270 3554 dicebam,
2293 3478 2537 3541 decreta
2560 3496 2805 3541 morum
2831 3478 3161 3540 includunt
3181 3478 3527 3545 doctrinam

1962 3569 2290 3647 moralem,
2323 3589 2449 3631 non
2482 3571 2690 3632 minus
2717 3572 3126 3634 necessariam
3153 3574 3233 3634 ad
3263 3571 3527 3638 salutem

1961 3679 2151 3744 quam
2184 3663 2311 3724 sint
2337 3663 2475 3724 aliae
2503 3665 2793 3726 veritates
2819 3665 2986 3726 fidei.

2038 3759 2099 3819 8.
2150 3756 2556 3821 Corollarium
2590 3761 2930 3837 secundum,
2970 3762 3038 3824 do
3074 3763 3522 3826 canonizatione

1964 3847 2356 3914 Sanctorum.
2376 3885 2445 3898 -
2476 3851 2645 3934 Ejus
2672 3854 2859 3916 ratio.
2883 3883 2962 3898 -
2991 3851 3405 3918 Temerarium
3438 3859 3525 3918 eol

1958 3945 2181 4006 sentiro
2225 3949 2431 4006 contra
2466 3945 2802 4023 praecedens
2844 3945 3253 4010 corollarium.
3299 3978 3381 3994 —
3419 3949 3525 4010 Se·

1960 4035 2163 4097 cundo
2204 4035 2469 4096 infertur
2518 4053 2645 4094 11011
2690 4053 2866 4114 posse
2912 4055 3120 4098 errare
3165 4038 3524 4102 Pontificem

1961 4128 2026 4188 in
2057 4130 2421 4190 Sanctorum
2454 4129 2920 4190 canonizatione
2954 4131 2998 4206 ¹,
3029 4137 3099 4190 ut
3126 4139 3293 4194 recte
3316 4131 3525 4212 docuit

1960 4223 2029 4283 D.
2054 4222 2347 4298 Thomas,
2377 4219 2660 4294 Quodlib.
2691 4223 2755 4299 9,
2783 4222 2958 4284 artic.
2992 4223 3255 4303 ultim03
3287 4226 3516 4288 Anton.

1962 4321 2026 4376 et
2073 4315 2263 4391 Cano,
2308 4332 2492 4394 supra
2505 4335 2525 4390 3
2572 4322 2633 4374 et
2680 4305 3114 4394 Bellarminus,
3165 4318 3305 4381 libr.
3361 4323 3389 4379 1
3444 4319 3523 4380 de

1961 4409 2329 4470 Sanctorum
2361 4406 2763 4482 beatitudine,
2789 4425 2925 4488 cap.
2958 4409 2997 4468 5
3013 4425 3035 4486 3
3058 4411 3236 4487 Amr,
3262 4417 3414 4472 tom.
3455 4413 3518 4488 2,

1957 4499 2066 4562 lib.
2099 4503 2160 4578 5,
2186 4519 2322 4580 cap.
2354 4501 2416 4574 6,
2451 4507 2671 4578 quaest.
2706 4501 2780 4575 53
2816 4501 3080 4576 Valent„
3121 4509 3269 4563 tum.
3305 4503 3366 4580 3,
3398 4505 3523 4566 dis·

1959 4594 2135 4655 tinet.
2160 4599 2217 4671 1,
2236 4599 2457 4674 quaest.
2487 4598 2545 4669 1,
2569 4598 2781 4673 punct.
2802 4595 2862 4670 7,
2882 4593 2919 4675 ξ
2946 4595 3049 4671 40,
3068 4598 3284 4657 versic.
3302 4597 3523 4679 Itaque

1925 4675 2115 4766 ”quod
2146 4689 2265 4758 ad,·
2305 4685 2501 4766 Sylv„
2532 4703 2590 4746 v.
2628 4685 3011 4764 Canonizat„
3042 4697 3261 4768 quaest.
3305 4691 3369 4764 3,
3410 4691 3521 4752 ubi

1959 4778 2147 4838 refert
2160 4777 2463 4838 Joannem
2487 4777 2563 4837 de
2581 4777 2796 4858 Napoli
2812 4779 3089 4842 absolute
3118 4787 3522 4846 damnantem

1960 4871 2336 4931 contrarium
2365 4870 2441 4930 de
2469 4870 2686 4930 haeresi
2702 4892 2721 4945 3
2746 4871 3159 4950 Turi-cerem„
3178 4874 3220 4936 l.
3248 4878 3287 4936 2
3316 4877 3489 4938 Sum.
3498 4921 3520 4952 ,

1960 4981 2093 5042 cap.
2136 4965 2273 5025 110.
2320 4963 2600 5024 Sumitur
2630 4981 2777 5024 vero
2814 4973 3096 5027 nostrum
3130 4969 3522 5032 corollarium

1960 5075 2035 5119 ex
2077 5055 2396 5137 Gregorio,
2441 5057 2507 5118 in
2549 5075 2686 5136 cap.
2733 5055 2940 5134 Sicut,
2990 5060 3256 5122 distinct.
3304 5063 3419 5138 155
3460 5068 3524 5124 et

1960 5151 2297 5227 Bernard0,
2326 5147 2569 5231 epistol.
2600 5151 2717 5210 174
2740 5151 2817 5212 ad
2842 5151 3302 5231 Lugdunenses.
3343 5155 3523 5216 Ratio

1962 5261 2107 5308 vero
2134 5248 2249 5320 est,
2294 5244 2441 5322 quia
2467 5243 2601 5302 haec
2627 5252 2720 5303 est
2754 5261 2893 5323 pars
2928 5245 3218 5324 quaedam
3248 5248 3523 5309 materiai

2050 5434 2197 5589 *llDe
2226 5450 2352 5512 qua
2396 5435 2463 5492 in
2492 5429 2731 5494 Defens.
2787 5429 2964 5510 fidei,
3015 5431 3059 5493 l.
3092 5433 3155 5510 2,
3188 5451 3241 5496 0.
3274 5435 3335 5512 8,
3370 5454 3525 5502 non·

1966 5545 2049 5590 nu
2100 5546 2159 5588 a.
