3900 6217
567 363 688 424 552

645 471 705 531 6.
727 470 820 530 De
827 468 1170 550 privatione
1181 466 1527 547 spiritualis
1535 469 1857 548 potestatis
1871 467 2126 530 ordini-5.

567 599 650 609 -
679 563 902 624 Prima
929 559 1128 642 opinio
1169 560 1874 640 antiqva—Suadam·
1917 578 1995 622 σω
2032 579 2134 624 va·

571 657 694 718 riis
723 656 994 718 decretis.
1015 687 1092 700 --
1115 654 1322 714 Tertia
1343 671 1526 733 poena
1559 654 1622 714 in
1645 654 1764 713 hoc
1795 670 2021 730 genere
2042 660 2134 714 est

569 747 840 830 privatio
864 745 1201 825 spiritualis
1227 747 1566 826 potestatis.
1598 747 1708 808 Est
1751 752 1959 807 autem
1989 763 2131 826 sup-

569 839 928 920 ponendum
959 838 1268 918 duplicem
1295 857 1421 901 esse
1455 845 1817 918 potestatem
1841 839 2130 918 spiritua·

571 933 698 996 lem
721 933 788 994 in
809 932 1100 1008 Ecclesia,
1127 931 1376 1007 scilicet,
1411 932 1644 994 ordinis
1669 939 1731 994 et
1756 931 2132 1011 jurisdictio·

571 1027 694 1088 nis.
721 1026 896 1087 Prior
933 1025 1118 1087 datur
1144 1045 1254 1105 per
1273 1025 1546 1106 aliquam
1571 1026 2050 1101 ordinationem,
2072 1033 2134 1088 et

573 1119 865 1199 dirigitur
891 1139 1001 1199 per
1043 1139 1108 1182 se
1145 1121 1350 1200 primo
1399 1120 1478 1182 ad
1511 1120 1890 1182 conficienda
1933 1137 2132 1182 sacra·

572 1218 785 1276 menta
802 1259 822 1288 ,
870 1220 932 1274 et
977 1218 1420 1293 consequenter
1459 1211 1536 1272 ad
1574 1211 1897 1274 efficienda
1931 1229 2133 1272 sacra-

571 1304 890 1366 mentalia.
927 1305 1199 1366 Potestas
1241 1311 1450 1366 autem
1484 1304 1928 1382 jurisdictionis
1971 1302 2133 1365 ordi·

571 1403 760 1456 natur
803 1397 881 1456 ad
907 1404 1076 1458 actus
1099 1396 1418 1476 judiciales
1453 1396 1552 1459 vel
1587 1397 1652 1457 in
1693 1398 1826 1458 loro
1857 1397 2127 1472 interno,

570 1488 670 1550 vel
693 1489 761 1549 in
787 1497 1063 1550 externo.
1095 1491 1162 1551 ln
1204 1489 1320 1550 hoc
1349 1507 1498 1568 ergo
1543 1490 1726 1550 tertio
1761 1495 1993 1569 puncto
2036 1507 2133 1551 so·

572 1580 706 1642 lum
747 1582 994 1660 agimus
1017 1581 1092 1644 de
1117 1588 1417 1662 potestate
1445 1583 1704 1658 ordinis,
1739 1583 1900 1644 circa
1939 1601 2132 1662 qnam

571 1675 693 1736 fuit
727 1677 984 1756 antiqua
1009 1677 1242 1756 opini0,
1273 1677 1438 1756 quod
1461 1675 1728 1738 haeretici
1753 1695 1828 1736 eo
1854 1676 1987 1756 ipso
2008 1676 2135 1756 pri-

573 1775 799 1829 ventur
835 1769 952 1830 hac
991 1771 1314 1848 potestate,
1353 1775 1424 1830 ut
1470 1771 1658 1831 refert
1696 1770 1903 1832 Castro
1923 1815 1942 1844 ,
1974 1768 2133 1830 libro

573 1865 614 1924 2
642 1862 717 1923 de
743 1863 902 1924 Just.
951 1862 1164 1923 haeret.
1202 1864 1430 1941 punit„
1471 1882 1607 1942 cap.
1657 1866 1758 1939 21,
1807 1862 1918 1924 ubi
1958 1863 2131 1924 illam

573 1954 796 2016 tribuit
817 1955 1108 2033 Magistro
1135 1963 1196 2018 et
1221 1955 1552 2030 Gratiano;
1591 1962 1653 2019 et
1694 1963 1892 2036 potest
1943 1959 2132 2020 etiam

571 2048 766 2110 tribui
817 2048 1128 2128 aliquibus
1156 2051 1418 2127 JnristiS,
1455 2051 1565 2130 qui
1603 2049 1880 2112 absolute
1915 2051 2133 2112 dicunt

580 2140 810 2220 privari
851 2141 1208 2203 haereticum
1251 2143 1422 2202 omni
1473 2150 1771 2222 potestate
1799 2143 2129 2223 spirituali,

577 2239 652 2292 ut
691 2233 886 2294 videri
911 2240 1108 2313 potest
1133 2234 1202 2294 in
1233 2236 1532 2312 Simena„
1563 2237 1658 2298 tit.
1687 2237 1799 2313 46,
1840 2255 2015 2300 num.
2056 2239 2149 2298 58·

575 2332 640 2386 et
689 2326 1108 2404 sequentibus
1165 2329 1242 2388 Et
1289 2330 1582 2390 suadetur
1633 2347 1711 2392 ex
1761 2330 2131 2409 quibusdam

577 2419 876 2494 der-retis,
917 2419 1330 2480 asserentibus
1366 2421 1786 2483 ordinationes
1822 2423 2015 2484 factas
2050 2422 2129 2483 ab

577 2512 878 2591 episcopis
923 2511 1224 2574 haereticis
1265 2531 1394 2576 esse
1449 2514 1679 2589 irritas,
1725 2533 1863 2594 cap.
1910 2513 2133 2578 Arria-

575 2623 712 2678 nus,
744 2607 804 2678 1,
829 2612 1046 2684 quoest.
1087 2608 1145 2679 1,
1173 2623 1309 2685 cap.
1345 2607 1861 2683 Convenientibus,
1905 2615 1970 2668 et
1992 2627 2128 2688 cap.

579 2698 665 2760 Si
689 2697 792 2777 qui
813 2698 1138 2774 coluerint,
1173 2703 1234 2774 1,
1265 2707 1484 2780 quaest.
1515 2701 1579 2776 7,
1609 2706 1672 2761 et
1699 2719 1831 2780 cap.
1875 2699 2135 2765 Ordina-

577 2787 787 2863 tiones,
812 2791 875 2866 9,
901 2809 963 2869 q.
993 2792 1052 2852 1.
1077 2791 1208 2852 Non
1235 2798 1430 2870 potest
1454 2798 1664 2854 antem
1693 2793 1844 2853 illud
1875 2811 2005 2854 esse
2032 2812 2137 2855 ve-

573 2901 745 2959 rum,
768 2885 888 2946 nisi
898 2885 1233 2964 Episcopus
1253 2887 1530 2964 privetur
1549 2893 1848 2965 potestate
1875 2887 2133 2966 ordinis3

577 2975 880 3056 alioquin.
915 2977 1064 3038 data
1093 2984 1392 3057 potestate
1411 3027 1425 3051 ,
1457 2987 1630 3040 aetus
1674 2985 1830 3042 esset
1868 2980 2135 3057 validus,

575 3087 714 3130 cum
759 3069 1250 3149 jurisdictionem
1297 3069 1703 3133 essentialiter
1747 3091 1878 3134 non
1929 3073 2171 3152 requi·-

570 3170 690 3224 rat.

659 3260 718 3318 7.
769 3256 1050 3322 Secunda
1081 3256 1280 3339 opinio
1327 3257 1552 3324 Gauri.
1578 3291 1661 3306 —
1696 3259 1778 3321 At
1811 3278 1959 3322 vero
1998 3261 2139 3324 Cas-

576 3357 676 3413 tro
709 3369 896 3430 supra
927 3350 1256 3430 distinguit
1293 3353 1458 3414 inter
1502 3359 1864 3433 potestatem
1903 3356 2138 3417 ordinis

579 3443 656 3504 ad
687 3442 1066 3505 conficienda
1087 3451 1494 3521 sacramenta,
1518 3445 1615 3507 vel
1637 3449 2131 3525 sacramentalia,

579 3543 644 3598 et
674 3537 754 3600 de
781 3537 972 3617 priori
1013 3538 1303 3617 reprobat
1341 3537 1570 3600 dictam
1611 3543 2025 3620 sententiam3
2059 3541 2137 3606 de

577 3631 901 3710 posteriori
941 3636 1152 3692 autem
1177 3629 1468 3707 affirmat,
1496 3639 1561 3693 et
1597 3649 1776 3713 posse
1796 3651 1906 3714 per
1933 3634 2139 3696 Eccle-

579 3723 736 3786 siam
764 3722 1016 3796 auferri,
1049 3729 1110 3784 et
1146 3722 1222 3784 de
1250 3725 1410 3785 facto
1438 3725 1572 3786 tolli
1599 3725 1678 3786 ab
1701 3725 1997 3788 haeretico
2018 3729 2139 3790 mi-

577 3815 794 3876 nistro.
830 3815 1110 3876 Primum
1141 3816 1384 3895 probat,
1415 3817 1734 3897 quia-haee
1787 3837 2140 3882 sacramen·-

575 3910 730 3972 talia
766 3928 877 3990 per
911 3910 1240 3972 Ecclesiam
1279 3917 1423 3972 sunt
1463 3911 1785 3986 instituta;
1833 3931 1980 3993 ergo
2031 3932 2140 3994 po·

579 4010 699 4065 test
733 4003 844 4065 illa
875 4020 1200 4078 revocare3
1232 4020 1382 4082 ergo
1417 4005 1605 4066 etiam
1644 4011 1846 4083 potest
1875 4012 2140 4084 potesta-

577 4103 706 4158 tem
757 4097 832 4156 ad
891 4096 998 4157 illa
1051 4095 1436 4158 conficienda
1472 4097 1738 4159 auferre.
1785 4099 2138 4160 Secundum

579 4196 788 4252 autem
815 4189 1032 4269 probat
1067 4209 1145 4252 ex
1169 4190 1355 4269 capit.
1380 4191 1703 4264 Ecclesiis,
1731 4191 1837 4254 ubi
1871 4192 2097 4254 dicitur
2118 4241 2136 4270 ,

579 4283 878 4345 Ecclesias
923 4288 1303 4346 consec-ratas
1330 4283 1410 4346 ab
1445 4283 1542 4346 his
1579 4286 1692 4364 qui
1738 4303 1864 4346 non
1909 4285 2142 4349 habent

581 4375 770 4436 fidem
797 4374 1154 4450 Trinitatis,
1195 4393 1328 4438 esse
1367 4377 1596 4438 iterum
1643 4378 2089 4440 consecrandas
2116 4395 2138 4457 ;

579 4475 642 4530 et
670 4469 836 4530 idem
863 4469 1094 4530 dicitur
1120 4469 1186 4529 in
1227 4467 1466 4530 duobus
1493 4469 1796 4549 capitibus
1831 4476 2141 4552 sequenti-

579 4561 718 4636 bus,
747 4568 812 4623 et
831 4561 909 4623 de
946 4563 1324 4642 paramentis
1345 4563 1558 4625 altaris
1584 4563 1663 4624 ab
1691 4563 1996 4626 hoereticis
2037 4564 2140 4625 be·

586 4653 851 4714 nedictis
878 4655 1042 4717 idem
1073 4656 1296 4718 dicitur
1327 4655 1394 4716 in
1435 4674 1490 4717 c.
1515 4653 1842 4740 Ayapitus,
1871 4657 1948 4718 de
1978 4658 2139 4720 Con-

581 4765 764 4824 secr.‚
797 4749 1069 4811 distinct.
1100 4752 1184 4827 43
1235 4767 1386 4828 ergo
1426 4749 1675 4829 signum
1721 4758 1815 4813 est
1867 4749 2001 4812 haec
2051 4769 2141 4812 sa·

581 4843 986 4904 eramentalia
1048 4843 1212 4904 facta
1267 4843 1348 4904 ab
1397 4843 1687 4906 haeretico
1757 4863 1889 4907 esse
1934 4845 2135 4922 nulla,

585 4935 860 5015 alioquin
893 4952 1018 4997 non
1065 4944 1267 4998 essent
1307 4937 1624 5015 iteranda3
1667 4957 1816 5018 ergo
1859 4940 2140 5018 privatur

578 5027 938 5106 hujusmodi
987 5036 1308 5109 potestate.

661 5123 722 5184 8.
765 5121 1022 5186 Notatio
1051 5141 1168 5206 pro
1203 5124 1688 5189 decisione—Ad
1722 5125 2138 5188 definiendam

584 5217 934 5292 veritatem,
962 5225 1204 5298 oportet
1227 5219 1608 5300 distinguere
1656 5221 1821 5282 inter
1874 5227 2139 5300 potesta-

579 5317 707 5372 tem
755 5311 991 5372 ordinis
1033 5312 1238 5392 quoad
1281 5312 1691 5376 substantiam
1735 5315 1869 5393 ejus
1897 5317 1916 5391 (
1943 5319 2017 5375 ut
2054 5315 2141 5375 sic

581 5401 781 5464 dicam
812 5405 857 5481 )‚
890 5403 989 5466 vel
1013 5404 1217 5484 quoad
1245 5423 1453 5478 usum,
1485 5412 1546 5467 et
1575 5405 1642 5467 in
1681 5407 1816 5486 ipso
1855 5424 1969 5467 usu
2018 5407 2141 5466 dis-

581 5494 926 5576 tinguenda
969 5502 1114 5558 sunt
1147 5496 1312 5574 duo,
1351 5498 1602 5573 scilicet,
1636 5499 1736 5561 vel
1773 5499 1938 5581 quod
1978 5505 2142 5563 recte

1297 367 1530 420 mst’UT.
1566 367 1697 420 xxi.
1731 368 1812 420 ΒΕ
1845 366 2051 419 POENIS
2081 366 2544 420 SPIRITUALIBUS
2576 365 3050 419 affluenconun.

2212 475 2275 527 et
2312 467 2571 528 honeste
2600 466 2733 541 fiat,
2763 465 2861 527 vel
2904 463 3073 545 quod
3116 463 3231 524 rite
3272 469 3337 526 et
3378 465 3558 527 valide
3598 469 3705 534 liat.

2212 561 2365 622 Item
2390 561 2507 622 hoc
2529 560 2867 622 secundum
2894 556 3499 635 subdistinguendum
3538 568 3613 621 est
3638 563 3710 622 ie·

3838 433 3840 484 A

3838 485 3840 522 ι

2211 672 2281 716 re
2304 653 2497 713 simin
2522 671 2633 714 seu
2660 652 2877 713 eadem
2905 649 3335 724 distinctione3
3376 650 3514 730 quia
3550 661 3715 731 potest
3838 727 3840 758 j

2211 755 2383 807 actus
2424 765 2554 806 esse
2596 745 2837 806 validus
2872 743 3079 824 quoad
3140 743 3403 804 dandam
3448 761 3714 807 consecra-

2210 843 2445 902 tionem
2470 840 2569 902 vel
2596 845 2957 920 potestatem
2996 837 3273 916 aliquam
3300 837 3623 917 expeditam
3649 839 3713 902 ad

2212 951 2461 994 omnem
2496 950 2679 994 usum
2720 932 2853 1011 ejus
2884 977 2904 1006 ,
2958 930 3059 992 vel
3094 935 3341 992 tantum
3374 929 3629 1008 ligatam,
3668 939 3720 994 et
3839 919 3840 972 ff

2212 1026 2387 1107 quasi
2418 1041 2797 1106 suspensam.
2824 1025 2901 1086 Et
2928 1022 3178 1103 quando
3208 1023 3396 1085 datur
3422 1022 3533 1084 hoc
3559 1029 3719 1103 poste-

2212 1120 2365 1181 riori
2406 1119 2615 1195 modo,
2650 1117 2937 1198 quamvis
2976 1115 3180 1196 quoad
3224 1114 3723 1192 substantiam(ut

2215 1211 2301 1274 ita
2326 1213 2596 1288 dicam),
2626 1210 2793 1290 apud
2820 1211 3015 1272 Deum
3045 1208 3251 1270 valida
3292 1208 3374 1268 sit
3396 1209 3722 1270 consecratio
3839 1201 3840 1214 ³

2213 1312 2277 1368 et
2303 1305 2611 1367 ordinatio
2633 1349 2654 1380 ,
2684 1303 3088 1366 nihilominus
3114 1303 3181 1362 in
3212 1301 3433 1362 ordine
3469 1300 3541 1360 ad
3577 1319 3725 1362 usum

2212 1396 2565 1480 recipientis
2589 1397 2778 1459 talem
2807 1396 3267 1460 ordinationem
3298 1400 3567 1456 censetur
3584 1395 3727 1472 quasi

2212 1495 2411 1568 irrita,
2442 1499 2508 1553 et
2536 1493 2627 1552 ita
2664 1491 2817 1553 solet
2856 1491 2919 1552 in
2950 1489 3085 1552 foro
3126 1487 3417 1550 Ecclesiae
3446 1485 3723 1566 appellari.

2292 1589 2355 1650 9.
2396 1585 2677 1649 Primum
2729 1584 3198 1666 pronuntiatam
3248 1583 3320 1644 de
3360 1581 3476 1657 fide
3517 1586 3722 1654 cereum,

2214 1686 2427 1745 canu-a
2460 1681 2726 1761 primam
2760 1675 3413 1760 opinionem—Primo
3454 1693 3591 1753 ergo
3626 1693 3726 1736 cer·
3839 1709 3840 1714 κ

2213 1780 2353 1834 tum
2384 1779 2478 1834 est
2520 1777 2885 1853 potestatem
2907 1769 3163 1844 ordinis,
3200 1768 3407 1847 quoad
3430 1786 3602 1830 stium
3624 1786 3726 1832 esse
3838 1823 3840 1864 ἦ

2213 1876 2277 1930 et
2301 1867 2710 1928 substantiam
2734 1883 2937 1939 suam,
2968 1882 3095 1926 non
3118 1862 3351 1926 auferri
3372 1869 3607 1942 propter
3625 1861 3727 1924 11ae-

2212 1961 2421 2022 resim.
2457 1961 2585 2022 Hoc
2615 1965 2708 2020 est
2726 1958 2805 2019 de
2834 1957 2956 2020 fide
2988 1962 3253 2030 certum,
3276 1962 3348 2018 ut
3381 1955 3563 2018 tradit
3584 1955 3727 2016 divus
3839 1949 3840 1952 ’

2211 2053 2477 2114 Thomas
2503 2055 2566 2114 Ξ.
2596 2055 2660 2128 2,
2695 2055 2909 2131 quaest.
2943 2051 3047 2122 39,
3078 2053 3194 2112 art.
3230 2050 3297 2117 3,
3329 2053 3393 2109 et
3418 2048 3542 2110 dixi
3582 2047 3726 2110 latius
3839 2109 3840 2114 ,

2212 2152 2379 2206 tomo
2406 2149 2467 2222 3,
2498 2145 2567 2206 in
2595 2147 2635 2206 3
2660 2151 2849 2224 part.,
2882 2142 3040 2224 disp.
3076 2147 3115 2206 3
3138 2191 3156 2218 ‚
3196 2142 3457 2204 section.
3486 2143 3543 2203 4.
3586 2141 3728 2204 Ratio

2212 2245 2327 2314 est,
2358 2241 2505 2318 quia
2528 2237 2662 2300 haec
2708 2244 2975 2317 potestas
3000 2237 3185 2298 datur
3216 2253 3332 2314 per
3360 2233 3727 2297 characterem

2212 2332 2641 2409 indelebilem3
2676 2349 2828 2410 ergo
2872 2349 3001 2392 non
3051 2335 3253 2409 potest
3311 2327 3541 2390 auferri
3558 2371 3577 2402 ,
3614 2325 3728 2406 quia

2212 2425 2528 2486 character
2573 2443 2704 2484 non
2748 2423 3009 2485 deletur.
3044 2423 3231 2502 Cujus
3292 2421 3538 2500 signum
3580 2421 3730 2482 etiam

2214 2525 2327 2592 est,
2358 2518 2504 2596 quia
2534 2516 2791 2578 clericus
2814 2515 3134 2576 haereticus
3162 2513 3549 2588 emendatus,
3570 2518 3625 2574 et
3647 2528 3731 2590 pu·

2214 2611 2381 2671 nitus
2426 2628 2537 2690 per
2572 2609 2909 2670 Ecclesiam
2929 2655 2951 2685 ,
2994 2625 3125 2669 non
3181 2607 3507 2669 ordinatur
3541 2606 3729 2668 iterum

2213 2711 2289 2764 ut
2322 2704 2513 2784 possit
2548 2703 2625 2762 ad
2652 2720 2835 2762 usum
2870 2701 3159 2765 ordinum
3200 2699 3471 2762 restitui.
3500 2699 3569 2760 Et
3606 2698 3730 2758 ratio

2216 2816 2253 2858 a
2296 2796 2489 2875 priori
2516 2801 2628 2866 est,
2655 2795 2801 2873 quia
2842 2811 3045 2872 neque
3072 2792 3349 2854 Ecclesia
3382 2797 3573 2871 potest
3602 2789 3731 2852 lianc

2215 2907 2465 2970 poenam
2504 2888 2843 2968 imponere,
2896 2905 3038 2948 cum
3079 2887 3505 2948 characterem
3526 2884 3731 2946 auferre

2216 3001 2343 3043 non
2379 2981 2619 3060 valeat;
2666 2999 2867 3060 neque
2922 2980 3115 3041 etiam
3170 2979 3311 3060 ipso
3367 2978 3503 3056 jure
3556 2976 3731 3038 divino
3839 2965 3840 2976 ’

2214 3075 2549 3149 amittitur,
2580 3075 2807 3134 amissa
2832 3072 2953 3134 fide
2969 3116 2990 3147 ,
3021 3072 3167 3152 quia
3208 3091 3343 3134 non
3368 3070 3647 3132 tundatur
3679 3069 3731 3130 in
3839 3137 3840 3154 1

2216 3167 2344 3237 illa,
2376 3166 2482 3228 sed
2508 3167 2587 3227 ad
2614 3183 2929 3226 summum
2971 3167 3037 3226 in
3065 3165 3421 3226 charactere
3446 3163 3730 3242 baptism·
3839 3155 3840 3224 ζ

2214 3260 2285 3334 li,
2324 3279 2439 3321 nec
2482 3259 2559 3320 de
2608 3259 2721 3320 tali
2753 3260 2895 3338 jure
2946 3258 3161 3320 divino
3203 3264 3487 3320 constare
3524 3260 3731 3336 potest,

2216 3353 2491 3432 alioquin
2536 3353 2725 3413 etiam
2762 3371 2875 3430 per
2924 3351 3211 3413 haeresim
3264 3349 3593 3436 mentalem
3634 3347 3737 3408 hec

2219 3452 2485 3525 potestas
2512 3446 2923 3520 amitteretur,
2954 3443 3119 3524 quod
3150 3443 3336 3504 valde
3364 3441 3673 3505 absurdum
3690 3445 3738 3500 et

2216 3539 2643 3602 inordinatum
2670 3544 2854 3599 esset.
2886 3537 3085 3617 Atque
3106 3536 3255 3598 hinc
3284 3535 3360 3596 fit
3378 3541 3452 3596 ut
3472 3541 3630 3596 actus
3646 3532 3738 3592 hu·

2216 3635 2317 3712 jus
2356 3633 2674 3713 potestatis
2696 3675 2713 3704 ‚
2748 3633 2854 3710 qui
2908 3631 3242 3692 intrinsece
3288 3627 3734 3708 jurisdictionem

2218 3745 2347 3786 non
2388 3725 2650 3806 requirit
2676 3724 2693 3804 (
2715 3724 2875 3785 sicut
2924 3723 3181 3802 requirit
3232 3721 3538 3784 absolutio
3572 3733 3737 3780 sacra·

2220 3819 2595 3894 mentalis),
2646 3817 2891 3878 validus
2933 3815 3014 3876 sit
3062 3815 3271 3895 quoad
3320 3811 3695 3875 substantiam
3718 3852 3733 3882 ,
3839 3885 3840 3888 Ἴ

2219 3911 2342 3984 vel,
2375 3917 2451 3970 ut
2481 3912 2567 3971 ita
2602 3910 2830 3983 dicam,
2877 3907 3084 3988 quoad
3125 3908 3451 3987 proprium
3476 3911 3537 3968 et
3572 3921 3665 3983 per
3686 3917 3735 3960 se
3839 3939 3840 3946 κ

2218 4005 2506 4065 effectum
2552 4005 2706 4081 ejus.
2740 4004 2953 4080 Itaque
2979 4001 3339 4076 haereticus,
3366 4001 3547 4061 etiam
3576 3993 3734 4056 decla-

2218 4104 2389 4158 ratus
2414 4104 2477 4158 et
2514 4096 2939 4170 denuntiatus,
2970 4111 3333 4155 consecrans
3375 4094 3549 4172 J‘uxta
3581 4089 3731 4150 ritum

2216 4191 2507 4252 Ecclesioe
2540 4236 2556 4264 ,
2608 4207 2828 4251 verum
2881 4187 3129 4250 conficit
3182 4191 3651 4256 sacramentum,
3686 4185 3733 4239 et

2220 4286 2555 4364 Episcopus
2580 4282 2865 4344 similiter
2902 4281 3231 4342 haereticus
3268 4279 3558 4340 ordinans
3578 4290 3732 4335 sacer-

2220 4380 2427 4440 dotem
2468 4377 2677 4438 debito
2706 4376 2854 4452 ritu,
2881 4374 3061 4436 illum
3090 4374 3277 4436 efficit
3318 4390 3533 4434 verum
3572 4384 3733 4429 sacer·

2220 4473 2452 4546 dotem,
2480 4476 2543 4530 et
2576 4470 2664 4529 sic
2690 4470 2767 4530 de
2810 4467 2971 4528 aliis.
3003 4469 3133 4530 Hoc
3158 4469 3353 4529 etiam
3392 4473 3483 4528 est
3508 4465 3579 4525 de
3616 4459 3727 4531 fide,

2223 4564 2371 4643 quia
2398 4580 2523 4623 non
2578 4566 2779 4641 potest
2830 4561 3099 4622 Ecclesia
3140 4561 3465 4640 impedire,
3494 4556 3633 4637 quin
3654 4568 3732 4610 ve-

2224 4673 2367 4716 rum
2394 4655 2507 4717 fiat
2523 4659 2977 4714 sacramentum
3004 4670 3146 4713 cum
3174 4671 3289 4714 suo
3316 4652 3550 4726 effectu,
3576 4661 3732 4727 quan·

2223 4749 2305 4810 do
2351 4748 2427 4809 fit
2452 4767 2489 4810 a
2526 4746 2809 4807 ministro
2836 4745 3101 4808 habente
3128 4751 3487 4826 potestatem
3506 4790 3523 4816 ,
3560 4748 3616 4802 et
3646 4753 3730 4815 ap-

2224 4843 2489 4924 plicante
2516 4839 2791 4900 debitam
2836 4839 3183 4912 materIam‚
3224 4849 3285 4898 et
3328 4837 3603 4906 formam,
3626 4831 3733 4890 sine

2220 4935 2394 4998 obice
2436 4952 2509 4996 ex
2550 4939 2724 5013 parte
2764 4931 3119 5012 recipientis
3134 4978 3153 5007 ,
3184 4936 3256 4992 ut
3300 4932 3367 4992 in
3404 4927 3638 4991 materia
3670 4921 3733 4982 de

2220 5027 2618 5091 sacramentis
2642 5024 2827 5088 latius
2870 5025 3187 5105 probatur,
3226 5032 3289 5088 et
3315 5025 3495 5086 citato
3512 5021 3630 5084 loco
3654 5015 3735 5077 vi-

2218 5123 2355 5185 deri
2381 5127 2601 5202 potest.

2301 5220 2401 5280 10.
2449 5213 2794 5278 Secundum
2835 5211 3213 5294 bipartitum.
3240 5206 3619 5278 -Secundo,
3653 5201 3733 5262 di-

2220 5310 2483 5373 cendum
2522 5312 2616 5368 est
2655 5306 3013 5366 haeret-icum
3052 5303 3283 5384 privari
3309 5321 3419 5366 usu
3458 5293 3731 5397 potestatis
3838 5313 3840 5380 3

2220 5404 2456 5466 ordinis
2478 5417 2497 5477 ;
2529 5401 2615 5460 ita
2634 5406 2705 5459 ut
2726 5416 2925 5477 neque
2952 5404 3143 5472 recte,
3170 5404 3283 5457 aut
3310 5397 3547 5458 honeste
3572 5397 3730 5468 possit
3839 5393 3840 5420 ³

2220 5497 2401 5559 illum
2428 5509 2739 5568 exercere,
2771 5508 2973 5574 neque
3008 5492 3269 5552 omnino
3294 5489 3406 5552 rite
3448 5481 3629 5568 quoad
3652 5478 3727 5541 fo-
