3900 6217
605 389 726 451 534
1329 393 1565 446 mspu'r.
1599 391 1728 444 XXI.
1765 392 1845 444 DE
1877 389 2083 444 POEMS
2114 391 2577 447 SPIRITUALIBUS
2608 389 3077 446 uAEnnTmoauu,

609 495 954 575 resipuerit,
985 493 1294 576 separari3
1327 493 1493 573 quod
1525 493 1712 553 ctiam
1745 490 2023 554 indicant
2062 491 2171 551 illa

611 590 837 651 verba:
879 589 1036 663 Quia
1061 591 1377 653 subversus
1401 595 1510 665 esc,
1542 589 1646 671 qui
1681 589 2027 668 hujusmodi
2053 593 2165 651 est.

611 684 809 756 Quam
865 683 1308 761 expositionem
1354 683 1600 744 videtur
1650 683 1911 762 probare
1961 681 2127 740 Cano
2148 725 2168 755 ,

610 775 719 838 lib.
755 779 830 838 12
859 776 934 838 de
959 775 1156 851 Locis,
1187 789 1240 836 ε’.
1263 777 1323 851 9,
1353 777 1432 837 ad
1455 776 1671 846 finem,
1700 785 1764 835 et
1780 775 1940 835 bene
1965 779 2173 835 noster

613 870 850 932 Cornel.
897 888 934 932 a
961 871 1210 950 Lapide,
1251 891 1435 951 super
1461 871 1640 932 illum
1680 869 1908 931 locum.
1950 867 2172 930 Secun-

614 962 717 1038 do,
768 963 889 1024 dici
941 969 1140 1042 potest
1180 965 1542 1043 Apostolum
1601 962 1773 1043 loqui
1817 962 1896 1023 ad
1938 963 2173 1040 episco-

611 1075 787 1137 pum,
820 1062 890 1116 ut
914 1055 1074 1118 ferat
1099 1056 1578 1136 prohibitionem
1615 1059 1682 1117 in
1706 1056 1908 1129 illum,
1939 1061 2003 1116 et
2029 1053 2169 1115 ideo
2334 1056 2390 1115 1.
2435 1053 2879 1118 Hoercticomm
2908 1055 3133 1134 triplex
3168 1055 3535 1136 yonam—Ut
3568 1059 3756 1122 intelli·

611 1147 782 1229 loqui
840 1149 916 1211 de
964 1151 1599 1230 excommunicatione
1646 1165 1784 1229 quae
1837 1149 2039 1208 fertur
2092 1147 2171 1209 ab
2252 1153 2435 1226 gatar
2453 1147 2611 1209 ratio
2626 1146 2973 1220 dubitandi,
2998 1157 3060 1210 et
3084 1153 3385 1227 punctum
3408 1149 3754 1230 difficultatis,

2875 637 3091 692 ssscrlo
3124 641 3188 694 11.

2252 821 2355 884 An
2396 839 2593 886 omnes
2636 826 2901 889 hoeretici
2926 827 3081 890 Itane
3116 845 3429 891 commum
3466 830 3749 898 incurrant.

614 1241 889 1304 homine.
943 1243 1238 1321 Denique,
1271 1242 1412 1303 licet
1455 1244 1536 1302 sit
1579 1259 1781 1303 sermo
1809 1241 1885 1302 de
1930 1259 2173 1301 excom·
2257 1249 2377 1300 tres
2406 1240 2567 1300 modi
2598 1239 3035 1302 haereticorum
3064 1239 3487 1320 distinguendi
3521 1250 3674 1319 sunt3
3708 1247 3757 1308 in

616 1335 1036 1396 muiiicatione
1065 1355 1096 1396 a
1122 1336 1288 1416 jure,
1315 1342 1405 1395 est
1429 1335 1623 1396 facilis
1666 1335 2009 1414 responsio,
2041 1351 2175 1393 mo-
2252 1333 2458 1412 primo
2518 1337 2666 1392 sunt
2733 1330 3007 1394 haeretici
3076 1339 3326 1395 tantum
3372 1337 3641 1410 externi,
3676 1339 3758 1417 qui
3835 1335 3836 1400 j

615 1428 916 1488 nitionem
941 1473 961 1503 ,
1019 1448 1154 1509 quae
1211 1428 1283 1488 fit
1335 1446 1444 1508 per
1505 1427 1706 1506 legem
1725 1473 1745 1502 ‚
1808 1425 2174 1506 aequivalere
2256 1425 2443 1486 etiam
2473 1423 2602 1486 ficti
2635 1424 2757 1485 dici
2784 1432 3066 1505 possunt,
3094 1427 3241 1506 quia
3273 1427 3341 1486 in
3370 1433 3567 1487 mente
3590 1445 3760 1491 revera
3835 1431 3836 1500 ξ

615 1519 828 1580 multis
857 1520 1325 1597 monitionibus,
1347 1523 1496 1600 quia
1524 1521 1625 1581 lex
1653 1520 1931 1602 quotidie
1961 1525 2024 1580 et
2042 1536 2177 1599 per·
2256 1535 2383 1578 non
2415 1523 2562 1578 sunt
2587 1517 2885 1593 haeretiei,
2918 1518 3064 1580 licet
3108 1518 3261 1582 tales
3298 1519 3562 1580 exterius
3606 1539 3660 1581 se
3690 1541 3760 1582 os·
3835 1521 3836 1590 ζ

617 1619 805 1691 petuo
831 1619 1063 1675 monet.
2255 1610 2554 1686 tendant3
2589 1618 2656 1672 et
2682 1613 2761 1673 de
2789 1613 2886 1673 his
2907 1613 3037 1674 dixi
3062 1631 3247 1692 supra
3272 1612 3659 1693 disputatione
3684 1621 3758 1692 u,
3835 1681 3836 1686 ,

702 1707 760 1767 8.
806 1704 910 1769 Aa
924 1707 1194 1787 primum
1231 1707 1686 1786 fundamentum
1729 1726 1800 1770 σω
1841 1705 2179 1788 Scriptura
2260 1705 2525 1766 sectione
2553 1704 2795 1780 ultima,
2834 1725 2963 1768 non
2994 1707 3317 1767 incurrere
3340 1723 3546 1786 poenas
3572 1708 3760 1770 haereti·

616 1801 684 1862 in
710 1819 770 1861 n.
801 1803 857 1861 1.
882 1801 1078 1863 —Ad
1101 1802 1420 1863 secundum
1445 1802 1904 1876 fundamentum
1931 1802 1996 1862 in
2016 1819 2079 1862 n.
2115 1802 2177 1862 2.
2262 1814 2476 1859 corum
2503 1801 2781 1879 proprias
2802 1844 2822 1874 ‚
2854 1818 2926 1860 ac
2952 1799 3221 1879 proinde
3256 1817 3457 1879 neque
3496 1801 3655 1861 istam
3686 1821 3759 1863 ex·
3835 1823 3836 1828 ¹

622 1927 699 1938 —-
729 1892 828 1956 Ad
853 1893 1118 1965 tertium,
1151 1894 1218 1954 in
1241 1913 1303 1954 n.
1333 1894 1390 1955 3.
1423 1927 1503 1938 -—-
1529 1895 1631 1956 Ad
1647 1893 2179 1971 confirmationem,
2262 1891 2911 1968 communicationem,
2933 1897 3240 1972 quantum
3268 1899 3365 1953 est
3388 1910 3464 1953 ex
3500 1899 3649 1968 parte
3668 1893 3758 1956 hae-

617 1987 762 2050 ibid.
789 2021 868 2031 --
891 1988 964 2047 Et
994 2005 1102 2065 per
1126 1987 1258 2048 haec
1293 1987 1666 2048 satisfactum
1701 1993 1794 2048 est
1815 1986 2185 2048 fundamen·
2262 1984 2454 2061 resis3
2498 1984 2664 2063 quod
2692 1984 2872 2060 addo,
2904 1988 3052 2063 quia
3086 1986 3137 2044 si
3162 1986 3439 2065 alioquin
3476 1985 3591 2046 sint
3612 1987 3760 2050 fauto-

620 2081 701 2141 tis
737 2079 1012 2141 adductis
1039 2097 1150 2159 pro
1181 2079 1382 2158 prima
1421 2082 1748 2154 sententia,
1791 2098 1939 2142 nam
1984 2081 2185 2160 prima
2263 2095 2361 2138 res
2401 2077 2501 2138 vel
2530 2078 2879 2139 defensores
2908 2079 3367 2153 haereticorum,
3394 2079 3500 2140 illo
3523 2081 3676 2140 titulo
3694 2083 3763 2142 in-

623 2179 886 2250 quatuor
921 2171 1282 2232 testimonia
1327 2172 1656 2252 Scripturas
1691 2174 1869 2252 juxta
1916 2173 2183 2252 primam
2264 2177 2516 2231 current
2559 2187 2792 2249 poenas„
2820 2171 3001 2249 juxta
3042 2171 3208 2232 infra
3250 2171 3547 2244 dicenda;
3578 2177 3632 2233 et
3660 2173 3763 2236 idco

623 2265 1021 2325 assertionem
1066 2265 1470 2343 intelligenda
1515 2271 1679 2326 sunt.
1731 2264 2027 2338 Quintum
2072 2283 2187 2327 au-
2264 2263 2343 2325 de
2377 2265 2509 2325 istis
2553 2264 2713 2326 nihil
2751 2265 2855 2326 hio
2888 2272 3165 2344 repetere
3206 2281 3457 2328 necesse
3500 2273 3599 2328 est.
3626 2269 3683 2327 In
3700 2287 3767 2329 se-

622 2365 776 2431 tem,
837 2358 912 2418 de
955 2358 1348 2419 anathemate
1390 2358 1518 2418 lato
1557 2358 1635 2419 ad
1677 2358 1810 2420 Gal.
1842 2360 1904 2434 1,
1937 2376 2067 2419 non
2096 2364 2187 2420 est
2267 2356 2471 2418 cundo
2512 2357 2727 2419 ordine
2770 2364 2916 2419 sunt
2966 2358 3251 2420 haeretici
3292 2360 3426 2420 veri
3473 2359 3537 2419 in
3574 2367 3763 2436 mente,

623 2449 1097 2529 intelligendum
1142 2452 1218 2513 de
1251 2453 1503 2532 propria
1544 2470 1828 2528 censura,
1858 2469 2001 2512 cum
2029 2454 2187 2514 Pau-
2267 2451 2374 2530 qui
2404 2450 2573 2514 nullo
2601 2451 2785 2512 modo
2813 2453 3083 2512 exterius
3108 2470 3287 2512 suam
3314 2452 3587 2512 haeresim
3617 2455 3767 2513 mani·
3835 2437 3836 2460 ³

625 2544 723 2605 lus
749 2546 936 2606 etiam
962 2544 1027 2605 in
1057 2545 1364 2623 Angelum
1395 2545 1470 2606 de
1491 2544 1656 2606 Coelo
1683 2545 1838 2607 illud
1867 2546 2051 2620 ferat,
2077 2565 2187 2626 per
2264 2543 2611 2619 sectarunt,
2666 2545 2777 2623 qui
2826 2544 3123 2606 dicuntur
3163 2545 3441 2606 haeretici
3486 2545 3735 2606 mentales
3752 2561 3767 2622 ;

625 2638 961 2718 quamdam
987 2641 1559 2719 exaggerationem3
1597 2646 1689 2702 est
1712 2657 1859 2718 ergo
1883 2639 1991 2700 illa
2020 2659 2185 2720 quae-
2266 2643 2330 2698 et
2356 2637 2475 2696 dici
2504 2637 2687 2696 etiam
2717 2637 2915 2698 solent
2932 2655 3042 2717 per
3067 2655 3131 2698 se
3152 2637 3383 2698 occulti
3406 2643 3661 2717 respectu
3684 2637 3766 2698 hu-
3835 2625 3836 2646 ²

627 2731 772 2792 dam
801 2733 1109 2792 execratio
1153 2739 1216 2792 et
1247 2731 1627 2793 abominatio
1667 2732 1965 2793 doctrinas
1994 2731 2187 2795 haere·
2268 2747 2468 2790 manas
2514 2731 2885 2808 cognitionis
2911 2775 2930 2805 ,
2982 2747 3120 2810 quae
3166 2730 3246 2791 ad
3294 2731 3604 2790 interiores
3642 2736 3769 2790 actus

627 2824 790 2900 ticae,
813 2830 874 2886 et
894 2841 1166 2904 personae
1188 2825 1358 2884 illam
1378 2825 1669 2899 docentis,
1690 2831 1760 2885 ut
1780 2824 1866 2886 ibi
1888 2826 2190 2907 Hierony·
2266 2821 2484 2884 alienas
2512 2823 2736 2883 mentis
2766 2841 2892 2884 non
2940 2823 3259 2902 pertingit.
3302 2824 3373 2885 In
3400 2823 3577 2884 tertio
3600 2823 3769 2884 ordine

629 2935 768 2977 mus
797 2922 858 2978 et
885 2916 992 2977 alii
1022 2923 1356 2996 exponunt.
1385 2917 1469 2978 De
1491 2917 1714 2978 ultimo
1741 2936 1885 2978 vero
1912 2919 2189 2980 testimo-
2267 2921 2415 2976 sunt
2446 2915 2579 2976 veri
2611 2914 2887 2976 haeretici
2924 2917 3190 2990 externi,
3222 2915 3335 2994 qui
3360 2919 3421 2976 et
3443 2921 3633 2976 mente
3657 2915 3771 2976 deli·

629 3010 757 3085 nic,
789 3009 952 3088 quod
978 3016 1110 3070 erat
1133 3011 1211 3070 ad
1234 3011 1355 3070 Tit.
1383 3011 1446 3084 4,
1477 3011 1626 3070 satis
1646 3010 1880 3071 dictum
1906 3019 2015 3073 est.
2042 3013 2188 3072 Tes-
2269 3008 2482 3070 berata
2520 3025 2593 3068 ac
2634 3008 2935 3088 pertinaci
2979 3007 3265 3070 haeresim
3304 3013 3703 3086 conceperunt,
3726 3013 3770 3067 et

627 3103 890 3164 timonia
930 3107 1140 3162 autem
1198 3103 1568 3163 Pontificum
1614 3103 1883 3164 secundo
1922 3105 2057 3165 loco
2087 3105 2191 3166 ad·
2270 3101 2337 3161 in
2364 3101 2498 3179 ejus
2524 3099 2970 3162 confessionem
3010 3101 3285 3160 exterius
3329 3099 3665 3180 prodierunt
3681 3115 3697 3174 ;
3726 3103 3771 3158 et
3835 3157 3836 3176 ἒ

629 3197 810 3257 ducta
830 3196 1011 3274 juxta
1041 3197 1305 3274 primam
1334 3195 1790 3256 conclusionem
1825 3198 2184 3277 procedunt.
2269 3193 2337 3254 hi
2388 3201 2533 3254 sunt
2560 3193 2628 3253 in
2667 3191 2899 3272 duplici
2936 3193 3325 3269 differentia3
3368 3192 3607 3273 quidam
3642 3193 3771 3252 enim
3835 3249 3836 3256 ,

631 3289 842 3350 Solum
895 3295 1134 3368 oportet
1166 3288 1228 3349 in
1271 3288 1360 3350 eis
1399 3295 1640 3361 notare,
1675 3308 1804 3351 non
1851 3293 2065 3352 omnia
2091 3291 2189 3351 vel
2268 3291 2415 3346 sunt
2457 3285 2726 3365 publici,
2756 3287 2865 3366 qui
2896 3304 3103 3348 coram
3137 3286 3279 3348 aliis
3324 3303 3497 3348 suam
3538 3285 3771 3345 haeroeim
3835 3279 3836 3312 ³

629 3383 794 3444 dicta
822 3383 920 3442 vel
961 3384 1124 3444 facta
1171 3401 1308 3462 quae
1349 3383 1436 3443 ibi
1491 3385 1865 3460 referuntur,
1896 3403 2029 3446 esse
2075 3384 2189 3445 sub
2269 3379 2780 3455 manifestarunt,
2824 3378 2941 3439 sub
2982 3379 3211 3458 quibus
3248 3377 3772 3460 comprehendimus
3835 3405 3836 3442 ι

629 3483 960 3556 ρτωεερῑο,
989 3477 1092 3538 sed
1122 3476 1404 3556 quaedam
1425 3475 1612 3538 fuisse
1638 3493 1824 3556 opera
1850 3477 2091 3538 consilii
2112 3477 2190 3538 ad
2268 3477 2397 3532 tam
2442 3489 2587 3532 vere
2634 3477 2697 3532 et
2723 3473 2995 3550 rigorose
3024 3471 3341 3552 publicos,
3382 3489 3563 3552 quam
3604 3485 3772 3530 ornnes

631 3569 980 3649 exemplum
1012 3569 1298 3644 aliorum,
1321 3575 1391 3628 ut
1413 3577 1506 3630 est
1532 3569 1682 3630 illud
1713 3570 1965 3631 ‚loannis
1984 3571 2190 3630 Evau-
2269 3566 2379 3644 qui
2434 3563 2653 3626 saltem
2703 3583 2908 3626 eoram
2958 3565 3167 3644 paucis
3218 3565 3500 3626 haeresim
3544 3562 3770 3624 ostende-

630 3660 884 3738 gelistae,
920 3668 982 3722 et
1022 3661 1269 3722 similia.
1311 3662 1586 3742 Denique
1629 3663 1709 3724 ad
1745 3663 2025 3737 tertium,
2054 3663 2188 3741 jam
2270 3664 2437 3718 runt.
2470 3660 2546 3719 Et
2578 3658 2654 3718 de
2697 3657 2795 3718 his
2820 3659 3133 3732 omnibus,
3159 3659 3565 3720 certissimum
3600 3663 3679 3718 est
3704 3657 3771 3733 ip-
3835 3729 3836 3734 γ

630 3761 944 3815 ostensum
971 3760 1061 3816 est
1083 3755 1243 3814 hanc
1261 3773 1607 3827 censuram,
1627 3754 1967 3834 praesertim
1992 3754 2071 3814 ab
2096 3753 2188 3834 ip·
2270 3769 2338 3813 so
2376 3751 2538 3813 facto
2570 3753 2883 3812 incurrere
2926 3750 3089 3813 hanc
3129 3769 3479 3826 censuram,
3508 3751 3637 3830 quia
3668 3765 3770 3808 om·
3835 3775 3836 3820 3

631 3865 698 3906 so
721 3847 862 3925 jure
904 3846 1116 3923 latam,
1167 3865 1294 3907 non
1327 3865 1569 3926 semper
1595 3847 1781 3908 fuisse
1832 3847 1896 3907 in
1932 3863 2049 3908 usu
2078 3849 2187 3910 Ec-
2268 3845 2365 3905 nis
2392 3845 2947 3906 excommunicatio
2986 3845 3119 3924 ipso
3148 3845 3298 3924 jure
3331 3845 3457 3906 lata
3492 3845 3574 3904 ita
3612 3845 3769 3902 incur·
3835 3889 3836 3918 3

629 3939 849 4000 olesioe.
901 3939 1114 4000 Solum
1133 3940 1293 4001 circa
1315 3939 1846 4000 confirmationem
1877 3939 1955 4000 de
1983 3940 2190 4020 prohi-
2269 3936 2450 4011 ritur,
2480 3939 2625 4018 quia
2657 3945 2727 3998 ut
2768 3937 3101 3998 minimum
3128 3939 3268 3998 haec
3304 3945 3399 4000 est
3420 3938 3508 3998 vis
3532 3943 3591 3998 et
3612 3935 3767 3996 effica-

627 4030 864 4094 bitione
911 4031 1246 4112 reeipiendi
1289 4038 1673 4093 sacramenta
1725 4031 1806 4092 ab
1853 4032 2141 4093 haeretico
2166 4078 2187 4110 ‚
2270 4031 2367 4092 cia
2393 4030 2549 4109 legis
2587 4030 2921 4105 canonicae,
2954 4045 3156 4109 neque
3180 4031 3261 4092 de
3300 4031 3421 4092 hoc
3462 4035 3549 4091 est
3578 4033 3765 4088 contro-
3835 4031 3836 4034 ’

628 4125 817 4186 etiam
853 4126 1214 4201 necessaria,
1268 4131 1332 4185 et
1377 4125 1444 4185 in
1478 4131 1756 4185 extrema
1803 4125 2187 4201 necessitate,
2268 4124 2469 4185 versia
2500 4127 2665 4184 inter
2692 4124 2999 4185 Doctores.
3030 4123 3154 4186 Alii
3182 4131 3333 4184 sunt
3360 4121 3588 4185 externi
3608 4121 3764 4180 11aeoe-

627 4217 1069 4290 advertendum
1098 4226 1214 4293 est,
1237 4235 1348 4298 per
1369 4236 1434 4280 se
1448 4217 1780 4298 loquendo,
1803 4235 1929 4278 non
1952 4235 2083 4278 esse
2102 4223 2190 4278 ta-
2272 4217 2401 4292 tici,
2426 4216 2680 4277 omnino
2699 4216 2947 4290 occulti,
2966 4215 3072 4294 qui
3096 4233 3135 4276 a
3158 4216 3511 4278 Ductoribus
3528 4217 3765 4274 vocantur

625 4311 748 4372 lem
778 4309 1282 4390 prohibitionem,
1329 4310 1435 4372 sed
1491 4309 1690 4372 solum
1743 4310 1994 4389 quando
2034 4316 2191 4371 esset
2270 4308 2490 4370 occulti
2518 4327 2627 4388 per
2658 4306 2964 4382 accidens,
2982 4308 3129 4387 quia
3149 4327 3263 4388 per
3294 4327 3361 4370 se
3386 4305 3645 4386 cognosci
3662 4319 3763 4382 pos-

625 4421 812 4483 gravc
853 4403 1194 4482 periculum
1217 4447 1236 4476 ,
1286 4403 1384 4465 vel
1427 4402 1679 4483 aliquod
1741 4403 1994 4482 signum
2039 4401 2191 4462 defi·
2270 4407 2407 4464 sent
2442 4401 2523 4463 ab
2548 4400 2945 4476 hominibus3
2976 4400 3462 4461 accidentarium
3486 4404 3669 4460 autem
3696 4397 3765 4452 est

627 4494 830 4557 ciendi
858 4513 896 4554 a
927 4492 1069 4570 fide,
1101 4502 1169 4554 ut
1197 4495 1316 4556 fuit
1339 4496 1403 4556 in
1443 4513 1586 4556 casu
1615 4493 1720 4555 illo
1751 4493 2189 4571 Herminigildi
2268 4495 2432 4574 quod
2462 4493 2717 4554 testibus
2740 4499 3009 4555 careant.
3036 4494 3121 4554 De
3144 4493 3435 4555 omnibus
3461 4509 3594 4570 ergo
3614 4484 3763 4550 occul-

625 4588 808 4666 regis‚
863 4587 1027 4666 quod
1055 4587 1376 4667 {punctum
1424 4589 1487 4647 in
1536 4587 1934 4668 sequentibus
1960 4587 2188 4646 iterum
2269 4589 2348 4648 tis
2378 4592 2507 4647 tam
2538 4603 2647 4665 per
2672 4605 2736 4646 se
2763 4603 2949 4665 quam
2990 4603 3101 4666 per
3141 4588 3429 4648 accidens
3463 4589 3640 4665 potest
3668 4593 3763 4640 ense

624 4681 1006 4758 attingemus
1021 4695 1060 4758 ;;
1085 4685 1148 4740 et
1173 4679 1370 4740 videri
1399 4685 1655 4760 possunt
1691 4679 1856 4740 dicta
1881 4679 1958 4739 de
1980 4679 2189 4739 Sacra·
2270 4679 2599 4740 dubitatio.

625 4775 874 4848 mentiS,
919 4775 1140 4834 tamin
1172 4772 1510 4846 communi,
1550 4772 1840 4851 disputat.
1889 4773 1987 4847 18,
2040 4777 2184 4831 sect.
2349 4774 2410 4833 Ξ.
2457 4773 2679 4836 Prima
2724 4772 2925 4852 opinio
2963 4773 3031 4834 in
3072 4775 3185 4836 hac
3228 4772 3500 4836 κσείοησ.
3533 4799 3607 4816 -
3632 4765 3765 4844 Ejus
3835 4769 3836 4776 ’

622 4868 850 4948 prima,
906 4883 1095 4946 quam
1147 4866 1214 4926 in
1259 4864 1639 4944 particuliari
1679 4863 1755 4926 de
1803 4863 2190 4926 Eucharistia
2265 4867 2745 4943 fundamentum.
2782 4897 2863 4912 --
2888 4865 3293 4946 Confirmatur
3326 4865 3535 4944 primo.
3554 4889 3629 4906 -
3653 4855 3767 4920 (Jon-

623 4960 915 5039 disputat.
951 4959 1050 5030 72,
1085 4958 1350 5018 sectione
1393 4965 1642 5036 quarta3
1669 4965 1731 5020 et
1759 4957 1837 5019 de
1867 4958 2182 5018 Poeniten-
2266 4961 2558 5038 firmatur
2606 4961 2879 5022 secundo.
2922 4993 2999 5004 ——
3040 4960 3246 5020 Prima
3299 4958 3503 5037 opinio
3544 4951 3767 5015 affirmat

621 5053 733 5128 tia,
764 5052 921 5131 disp.
967 5053 1069 5122 26,
1105 5050 1373 5112 sectione
1397 5057 1617 5130 quarta
1633 5067 1654 5129 3
1689 5056 1750 5112 et
1773 5051 1851 5112 de
1873 5049 2183 5126 Censuris,
2264 5069 2518 5113 omnem
2567 5051 2931 5112 haereticum
2977 5052 3235 5113 omnino
3270 5048 3567 5111 oecultum
3614 5042 3768 5104 etiam

623 5145 780 5226 disp.
809 5149 872 5206 11
885 5189 906 5220 ,
943 5149 1090 5205 sect.
1120 5148 1178 5220 1,
1209 5163 1248 5205 a
1279 5162 1454 5204 num.
1488 5146 1587 5205 14.
2268 5164 2375 5225 ρει·
2402 5163 2488 5219 se,
2519 5161 2629 5204 seu
2654 5162 2805 5223 pure
2848 5143 3211 5217 mentalem,
3240 5141 3446 5204 statim
3470 5141 3615 5201 hanc
3654 5149 3767 5194 cen·

2264 5255 2471 5298 suram
2500 5237 2837 5300 incurrere.
2861 5240 3056 5299 Tenet
3081 5236 3293 5298 Gloaea
3316 5236 3383 5296 in
3404 5251 3459 5294 c.
3495 5226 3766 5314 Coffitatio-

1255 5371 1510 5391 ----
2258 5329 2382 5404 nis,
2412 5327 2581 5390 verb.
2614 5329 2897 5406 Patitur,
2929 5329 3005 5390 de
3046 5329 3295 5404 Posuit„
3322 5327 3385 5388 d.
3424 5329 3479 5398 1,
3509 5331 3567 5384 et
3591 5321 3765 5384 Glossa

2260 5421 2328 5482 in
2374 5421 2674 5483 Clemeut.
2711 5425 2785 5498 1,
2824 5421 2863 5503 ξ
2912 5421 3152 5498 Verum,
3192 5421 3359 5483 verb.
3404 5419 3499 5482 Eo
3530 5415 3669 5496 ipto,
3704 5407 3767 5467 ‘¹⁰

2261 5513 2490 5575 Hau-et.
2522 5514 2677 5574 Nam
2716 5511 2859 5576 licet
2890 5531 3021 5575 non
3048 5513 3315 5576 declaret
3350 5509 3507 5592 loqui
3544 5507 3613 5568 de
3636 5515 3761 5584 pure
