3900 6217
749 376 922 429 SSCT.
957 376 1044 429 ΙΙΙ.
1077 375 1334 439 QUARUH
1363 374 1578 427 RERUM
1609 372 1786 429 PmEs
1815 372 2147 427 Exruciu
2188 374 2413 427 runnu·
2440 374 2837 439 ΝΕΟΕὸδΑΒΙΑ,
2874 374 3009 429 Ere.

264 476 430 537 omni
472 480 774 555 tempore,
815 475 938 536 fuit
965 473 1242 535 medium
1287 474 1701 535 necessarium
1738 474 1819 536 ad

263 569 544 645 salutem,
598 588 728 630 non
779 570 986 632 solum
1033 576 1331 631 aeternam
1375 568 1520 628 vitae
1569 567 1816 643 futurae,

263 663 356 723 sed
388 665 578 724 etiam
611 662 690 723 ad
731 662 1237 741 justificationem
1283 660 1616 740 primentis.
1671 662 1818 721 Haec

263 758 510 819 assertio
557 758 812 817 omnino
845 762 1012 817 certa
1031 762 1145 831 est,
1192 754 1612 835 probaturque
1645 753 1815 813 suffi-

266 851 492 911 cienter
531 868 610 911 ex
649 850 854 911 verbis
885 850 1082 925 Pauli,
1115 848 1193 909 ad
1232 847 1423 909 Hebr.
1474 852 1540 909 11
1583 868 1598 907 ε
1631 846 1816 911 Acoe-

263 946 487 1007 dentem
529 944 614 1007 ad
648 944 842 1007 Deum
879 947 1109 1023 oportet
1137 942 1369 1007 credere
1389 942 1534 1023 quia
1583 946 1696 1005 est.
1739 943 1816 1002 Et

255 1039 477 1117 juvant
499 1038 688 1099 etiam
707 1038 894 1098 verba
927 1037 1148 1099 Christi
1176 1036 1447 1127 Domini,
1480 1036 1663 1097 Joan.
1699 1038 1808 1099 15:

259 1133 416 1195 Hoeo
437 1137 530 1194 esc
555 1132 690 1195 vita
717 1134 966 1205 (eterna,
998 1136 1072 1195 ut
1119 1134 1478 1213 cognoscant
1522 1135 1578 1191 te
1617 1130 1814 1192 solwm

257 1227 450 1289 Deum
485 1243 712 1288 emm.
769 1225 916 1298 Quae
960 1242 1089 1284 non
1135 1223 1334 1285 solum
1376 1222 1814 1301 intelliguntur

257 1318 332 1379 de
357 1318 488 1379 vita
511 1324 766 1393 aeterna,
794 1324 868 1379 nt
903 1318 1024 1379 erit
1066 1317 1134 1377 in
1176 1317 1436 1392 visione,
1478 1317 1586 1379 sed
1622 1316 1812 1377 etiam

255 1418 328 1471 nt
349 1430 518 1473 nnnc
542 1410 871 1475 inchoatur
897 1408 1010 1491 per
1047 1411 1258 1473 fidem.
1319 1412 1396 1473 Et
1433 1410 1582 1472 inde
1619 1412 1809 1472 etiam

253 1505 414 1565 sumi
469 1510 666 1583 potest
717 1505 902 1579 ratio,
955 1505 1102 1583 quia
1147 1505 1304 1565 Deus
1358 1510 1450 1565 est
1495 1504 1811 1583 objectum

252 1596 676 1673 beatitudinis,
707 1615 814 1661 seu
843 1598 986 1659 finis
1010 1598 1265 1659 ultimus
1291 1598 1360 1658 in
1388 1614 1576 1677 quem
1613 1598 1810 1659 tendi-

251 1707 426 1768 mus3
471 1691 782 1755 tendimus
824 1698 1036 1753 autem
1077 1709 1188 1770 per
1233 1690 1422 1753 fidem
1439 1708 1460 1768 3
1501 1710 1652 1770 ergo
1689 1692 1816 1772 pri-

249 1800 428 1847 mum
459 1784 742 1847 omnium
781 1790 876 1845 est
919 1785 1260 1847 necessaria
1303 1784 1456 1846 fidos
1491 1785 1660 1847 illius
1709 1786 1816 1847 ob-

243 1879 414 1956 jecti,
446 1878 613 1959 qnod
649 1884 740 1939 eet
791 1880 975 1941 Deus.
1033 1877 1262 1939 Deinde
1309 1878 1464 1941 fides
1507 1880 1812 1959 praecipue

245 1974 596 2035 necessaria
634 1980 728 2033 est
775 1978 1028 2052 propter
1071 1971 1434 2033 charitatem
1484 1977 1548 2034 et
1601 1990 1774 2052 spem
1786 1988 1808 2051 3

241 2066 350 2127 sed
378 2066 628 2128 dilectio
651 2066 759 2127 Dei
780 2072 871 2127 est
893 2065 1164 2125 maxime
1185 2065 1528 2127 necessaria
1547 2066 1626 2127 ad
1649 2066 1812 2128 salu-

243 2167 412 2237 tem3
444 2177 598 2238 ergo
623 2158 986 2236 etcognitio
1013 2158 1126 2233 Dei
1149 2174 1262 2237 per
1287 2158 1494 2221 fidem.
1539 2160 1814 2240 Denique

237 2272 320 2317 ex
346 2253 595 2333 obJecto
617 2253 864 2315 formali
903 2251 1048 2313 fidei
1086 2252 1206 2314 hoc
1241 2253 1446 2330 ipsum
1499 2254 1812 2315 convinci-

235 2354 367 2409 tur.
399 2347 687 2407 Diximus
716 2346 886 2409 enim
913 2345 1102 2407 fidem
1142 2346 1548 2407 necessariam
1589 2344 1812 2409 debere

232 2439 359 2501 niti
387 2439 465 2501 in
518 2440 882 2501 anctoritate
929 2439 1080 2513 Dei;
1135 2437 1244 2499 sed
1295 2438 1674 2517 impossibile
1723 2445 1815 2501 est

231 2533 498 2595 credere
523 2532 764 2612 aliquid
791 2550 869 2593 ex
901 2532 1264 2593 auctoritate
1285 2532 1418 2606 Dei,
1453 2532 1574 2591 nisi
1593 2532 1811 2593 creda·

227 2632 343 2687 tur
371 2626 544 2687 Deus
567 2627 730 2705 ipee3
763 2644 912 2687 nam
947 2626 1068 2689 hoc
1113 2622 1443 2685 intrinsece
1475 2623 1814 2685 includitur

225 2720 300 2779 in
329 2718 454 2779 illo
483 2718 732 2797 objecto
757 2718 1007 2781 formali
1031 2738 1048 2793 ς
1080 2734 1228 2795 ergo
1253 2734 1500 2779 necesse
1531 2722 1624 2777 est
1656 2716 1820 2779 hanc

225 2810 428 2873 fldem
461 2812 670 2890 primo
695 2828 834 2873 esse
863 2812 940 2872 de
968 2811 1102 2889 ipso
1131 2811 1278 2871 Deo·

309 2908 370 2967 3.
441 2903 820 2985 obsonum-
841 2902 1194 2969 Solutio.--
1214 2901 1622 2983 Inoulpabilis
1647 2920 1820 2967 orror

233 3000 404 3061 eirca
439 3000 648 3061 Deum
669 3003 836 3061 staro
858 3000 1056 3079 potest
1077 3013 1212 3060 cum
1235 2996 1354 3076 fide
1397 2998 1609 3074 infusa
1657 2997 1818 3077 ejus·

227 3090 690 3170 dem-objici
715 3108 864 3151 vero
890 3096 1109 3169 potest,
1142 3089 1290 3167 quia
1341 3088 1622 3167 sequitur
1643 3106 1813 3165 eum,

218 3186 340 3263 qni
369 3189 554 3247 errat
587 3184 655 3246 in
681 3184 892 3264 aliquo
931 3184 1231 3245 attributo
1278 3182 1410 3257 Dei,
1463 3201 1588 3243 non
1640 3202 1816 3263 posse

223 3276 481 3339 hahere
507 3276 704 3339 fidem
731 3277 1144 3339 neeessariam
1187 3277 1268 3337 ad
1309 3277 1598 3351 salutem,
1646 3276 1815 3355 quod

219 3372 493 3433 videtur
519 3370 708 3451 plane
733 3371 978 3434 falsum.
1001 3371 1261 3451 Sequela
1301 3371 1634 3452 probatur3
1666 3388 1815 3432 nam

227 3465 348 3542 qui
379 3465 476 3525 sic
527 3468 721 3539 errat,
768 3483 895 3525 non
943 3466 1259 3543 cognoscit
1309 3483 1527 3526 verum
1595 3465 1810 3525 Deum.

227 3557 420 3619 Unde
445 3558 612 3619 dixit
633 3558 922 3632 Hilarius„
943 3559 1164 3620 Psalm.
1179 3568 1203 3619 1
1220 3604 1239 3634 ,
1267 3557 1548 3619 infideles
1573 3557 1816 3637 fingere

229 3652 468 3728 Deum,
501 3652 616 3729 qui
647 3670 774 3711 non
815 3656 930 3712 est.
973 3652 1050 3713 Et
1076 3652 1454 3730 Augustinus
1485 3651 1550 3711 in
1589 3651 1815 3713 Euchi-

229 3746 390 3820 rid„
423 3762 482 3805 c.
516 3750 579 3821 5,
611 3744 934 3805 haereticos
967 3744 1216 3805 credere
1258 3744 1571 3805 Christum
1613 3746 1815 3805 nomi-

235 3856 320 3898 ne
363 3844 572 3912 tenus,
621 3838 770 3915 quia
821 3838 890 3898 in
955 3836 1121 3898 illius
1171 3837 1524 3915 cognitione
1577 3842 1809 3899 errant.

239 3932 376 3991 lmo
403 3938 470 3993 et
489 3933 564 3992 D.
591 3933 858 3993 Thomas
881 3936 939 3993 2.
960 3934 1024 4007 2,
1053 3952 1116 4011 q.
1159 3934 1226 4007 2,
1253 3937 1368 3993 art.
1389 3930 1546 4006 2,ad
1571 3932 1632 4005 3,
1655 3930 1815 3992 dixit

241 4024 646 4105 philosophos
703 4043 832 4085 non
873 4026 1272 4103 ·cognovissse
1317 4042 1534 4087 verum
1597 4026 1812 4100 Deum,

241 4118 398 4196 quia
425 4124 1016 4197 non-cognoverunt
1059 4117 1240 4179 illum
1277 4116 1394 4179 sub
1439 4117 1558 4178 illis
1607 4119 1817 4179 con-di-

245 4212 524 4273 tionibus
589 4230 748 4291 quas
797 4212 950 4273 fides
993 4212 1386 4272 determinat.
1437 4213 1514 4272 Et
1567 4210 1816 4272 adducit

245 4304 670 4379 Aristotelem,
725 4307 768 4368 9
820 4304 1095 4384 Metaph.
1155 4304 1467 4365 dicentem
1511 4303 1817 4383 simplicia

247 4397 344 4458 vel
373 4399 632 4459 omnino
653 4398 952 4477 ignorari,
977 4396 1078 4458 vel
1103 4396 1358 4458 omnino
1389 4414 1533 4457 vere
1561 4414 1818 4475 cognos-

247 4491 329 4551 ci.
373 4492 738 4571 Respondeo
777 4490 1068 4570 negando
1108 4490 1445 4569 sequelam,
1493 4494 1556 4551 et
1599 4488 1816 4551 adver-

255 4586 442 4646 tendo
485 4586 820 4647 aliudesse
879 4602 1273 4662 cognoscere,
1333 4582 1504 4645 aliud
1567 4586 1816 4645 credere

251 4678 372 4739 fide
397 4680 626 4756 infusa,
657 4679 738 4740 de
764 4698 888 4759 qua
906 4678 1220 4757 loquimur
1235 4693 1256 4755 3
1288 4695 1436 4739 nam
1466 4678 1620 4739 illud
1647 4677 1816 4757 prius

251 4773 600 4848 generalius
617 4779 736 4847 est,
767 4779 838 4832 ut
859 4776 1100 4833 constat
1113 4792 1130 4845 3
1163 4777 1363 4849 potest
1385 4770 1580 4849 igitur
1605 4770 1818 4849 aliquo

248 4867 432 4927 modo
455 4867 746 4947 cognosci
777 4867 934 4926 Deus
954 4882 1160 4939 verus,
1207 4865 1450 4925 etiamsi
1495 4864 1562 4924 in
1608 4864 1819 4943 aliquo

249 4959 548 5020 atu-ibuto
589 4960 728 5037 ejus
775 4964 1066 5033 erretur-3
1133 4975 1282 5018 nam
1343 4958 1452 5035 qui
1503 4958 1818 5035 cognoscit

249 5052 444 5113 Deum
479 5070 614 5114 esse
645 5068 756 5113 ens
783 5070 893 5132 per
931 5070 998 5113 se
1041 5050 1453 5113 necessarium
1499 5056 1564 5111 et
1611 5050 1818 5113 infini-

247 5152 406 5222 tam,
465 5152 812 5209 creatorem
849 5146 1158 5220 omnium,
1199 5150 1263 5205 et
1299 5143 1554 5220 similia,
1597 5162 1814 5205 verum

245 5242 438 5303 Deum
487 5240 828 5319 cognoscit,
889 5240 1132 5301 etiamsi
1181 5244 1344 5299 erret
1409 5238 1668 5299 credens
1715 5238 1812 5299 vel

245 5335 611 5395 existimans
635 5352 845 5413 agere,
873 5332 1053 5395 verbi
1081 5332 1306 5411 gratia,
1337 5350 1414 5393 ex
1455 5331 1814 5393 necessitate

243 5440 510 5501 natutae,
539 5426 640 5487 vel
669 5426 922 5506 aliquod
949 5425 1194 5503 simile3
1219 5432 1286 5485 et
1311 5426 1472 5487 ratio
1497 5430 1612 5499 est,
1642 5423 1812 5503 quia,

245 5522 386 5583 licet
411 5522 580 5584 Deus
617 5520 684 5581 in
707 5536 774 5583 se
802 5520 885 5581 sit
919 5518 1212 5600 simplex,
1266 5536 1306 5579 a
1351 5517 1532 5580 nobis
1558 5534 1818 5598 cognos-

3336 371 3455 435 345

1899 476 2065 537 citur
2088 492 2200 554 per
2225 474 2428 536 varios
2452 482 2783 556 conceptus
2808 477 2887 538 ad
2921 477 3176 539 modum
3214 482 3455 541 entium

1899 584 2365 648 corporeorum,
2400 575 2465 631 et
2505 570 2643 631 ideo
2688 576 2887 648 potest
2922 588 3118 632 unum
3150 570 3456 650 judicium

1897 664 1975 725 de
2000 664 2123 725 Deo
2178 681 2305 725 csse
2346 680 2586 739 verum,
2642 663 2789 725 licet
2842 664 3015 725 aliud
3060 664 3159 726 sit·
3188 665 3413 727 falsum
3430 711 3450 743 ,

1897 757 2049 836 quia
2066 774 2271 836 neque
2290 758 2605 838 propriam
2636 756 3183 819 contradictionem
3208 759 3271 819 in
3279 770 3373 820 ter
3391 778 3455 820 se

1894 849 2243 924 includunt,
2292 868 2495 928 neque
2540 850 2706 912 inter
2758 868 2823 911 se
2864 852 3332 929 conjunguntur
3375 842 3455 912 ad

1893 942 2261 1021 fingendum
2288 942 2515 1004 falsum
2544 944 2760 1005 Deum.
2796 943 2971 1005 Unde
3012 944 3271 1005 ulterius
3303 944 3454 1005 dici-

1894 1053 2034 1095 mus
2056 1036 2247 1097 etiam
2273 1034 2575 1114 perfidem
2608 1054 2781 1115 posse
2805 1036 2971 1097 credi
2985 1054 3205 1097 verum
3232 1038 3452 1113 Deum,

1891 1128 2177 1208 quamvis
2226 1146 2337 1207 per
2380 1129 2799 1205 ignorantiam
2854 1128 3294 1210 inculpabilem
3334 1131 3455 1191 ali-

1891 1222 2041 1301 quid
2068 1221 2295 1283 falsum
2316 1221 2395 1285 de
2416 1221 2523 1283 illo
2550 1221 2877 1298 cogitetur.
2910 1224 3001 1283 Ita
3022 1224 3282 1285 enimin
3316 1224 3455 1303 lege

1891 1321 2129 1375 naturae
2165 1314 2375 1375 fideles
2394 1332 2615 1375 verum
2634 1314 2829 1376 Deum
2858 1314 3213 1393 credebant,
3234 1318 3455 1379 etiam·

1891 1410 1944 1469 si
1963 1408 2221 1469 fortasse
2260 1409 2527 1469 errarint
2546 1408 2873 1486 cogitando
2896 1408 3072 1470 illum
3102 1428 3233 1472 esse
3256 1428 3456 1471 unum

1891 1500 1959 1561 in
1984 1519 2267 1580 persona,
2294 1501 2475 1562 sicuti
2503 1507 2597 1563 est
2628 1502 2695 1563 in
2722 1503 3007 1577 essentia,
3058 1504 3224 1582 quod
3265 1505 3455 1565 etiam

1895 1600 2136 1674 poterat
2184 1595 2541 1673 contingere
2590 1595 2657 1656 in
2702 1595 2911 1675 aliquo
2964 1595 3087 1658 alio
3126 1596 3452 1675 attributO,

1893 1698 1959 1751 et
1985 1708 2153 1751 nunc
2180 1688 2370 1751 etiam
2394 1695 2613 1770 potest.
2656 1691 2803 1752 Dico
2826 1697 3037 1753 autem
3070 1691 3248 1753 illum
3287 1711 3455 1754 erro·

1893 1800 2029 1845 rem
2060 1789 2342 1863 oportere
2392 1800 2523 1845 esse
2559 1783 3041 1861 inculpabilem3
3086 1802 3235 1845 nam
3280 1786 3331 1845 si
3376 1786 3457 1847 sit

1893 1895 1972 1939 ex
1998 1877 2217 1937 haeresi
2246 1894 2355 1938 seu
2396 1876 2579 1956 culpa
2622 1876 3035 1953 infidelitatis,
3080 1877 3243 1940 licet.
3266 1880 3457 1958 possit

1891 1990 2144 2035 manere
2172 1972 2443 2050 cognitio
2478 1990 2645 2047 vera,
2690 1973 2789 2035 vel
2818 1992 2925 2052 per
2966 1974 3309 2049 scientiam,
3353 1973 3456 2037 vel

1892 2082 2005 2144 per
2028 2065 2217 2127 fidem
2262 2066 2627 2141 humanam,
2656 2084 2785 2127 non
2843 2072 3055 2129 tamen
3110 2085 3220 2147 per
3267 2066 3454 2129 fidem

1892 2158 2191 2232 infusam,
2236 2178 2375 2239 quae
2422 2160 2680 2222 omnino
2724 2160 3063 2222 destruitur
3104 2178 3214 2240 per
3264 2160 3456 2221 talem

1892 2251 2348 2314 infidelitatem.
2379 2254 2455 2313 Et
2472 2253 2563 2315 ita
2583 2253 2661 2315 ad
2715 2251 3128 2331 objectionem
3176 2254 3457 2315 concedi-

1893 2362 2037 2405 mus
2061 2346 2465 2407 necessariam
2502 2364 2633 2408 esse
2674 2346 2860 2407 talem
2905 2346 3091 2408 fidem
3144 2347 3274 2422 Dei,
3318 2364 3457 2426 quoe

1891 2437 2179 2498 excludat
2243 2456 2493 2499 omnem
2563 2437 2993 2501 infidelitatem
3058 2439 3453 2518 culpabilem,

1891 2548 2019 2591 non
2044 2549 2191 2593 vero
2212 2550 2353 2610 quai
2396 2532 2685 2594 excludat
2723 2550 2974 2593 omnem
3014 2532 3457 2612 inculpabilem

1893 2640 2190 2700 errorem,
2220 2626 2375 2685 sicut
2412 2615 2539 2687 non
2570 2630 2661 2687 est
2704 2642 2951 2687 necesse
2992 2626 3159 2705 quod
3204 2642 3457 2687 omnem

1897 2716 2341 2797 inculpabilem
2390 2719 2810 2797 ignorantiam
2860 2718 3169 2797 excludat,
3216 2719 3293 2781 de
3334 2736 3458 2799 qua

1896 2808 2027 2871 fere
2054 2816 2147 2871 est
2170 2810 2389 2873 eadem
2414 2812 2591 2873 ratio.

1978 2904 2040 2963 4.
2084 2902 2364 2968 Secunda
2402 2905 2681 2969 assertio.
2704 2904 2947 2965 -Dico
2986 2905 3287 2967 secundo:
3330 2905 3459 2985 pri-

1897 3014 2074 3057 mum
2112 2998 2395 3059 omnium
2426 2997 2519 3066 lde
2546 2998 2669 3059 Deo
2702 2998 2949 3059 credere
2978 3015 3225 3059 necesse
3252 3004 3345 3059 est
3386 3014 3459 3059 ea

1897 3108 2039 3170 quae
2091 3091 2327 3154 lumine
2380 3092 2649 3153 naturali
2696 3109 2841 3153 vere
2890 3092 2968 3153 de
3011 3092 3118 3154 illo
3172 3092 3458 3170 cognosci

1896 3191 2177 3263 possunt,
2218 3193 2283 3245 et
2313 3185 2623 3264 praecipue
2655 3185 2859 3265 ipsum
2904 3187 3187 3247 existere.
3218 3186 3308 3247 Ita
3342 3182 3459 3247 do'-

1895 3282 1995 3337 cet
2025 3277 2097 3338 D.
2130 3276 2418 3352 Thomas,
2450 3276 2617 3339 dicta
2656 3285 2873 3357 quaest.
2905 3279 2967 3354 2,
3000 3285 3118 3339 art.
3147 3282 3222 3354 4,
3260 3283 3323 3339 et
3355 3296 3450 3339 su·

1896 3370 2089 3429 mitur
2122 3386 2199 3430 ex
2226 3369 2418 3431 Paulo
2446 3369 2731 3433 dicente:
2761 3368 3143 3435 Accedentom
3166 3372 3249 3435 acl
3264 3372 3458 3433 Deum

1893 3468 2125 3544 oportet
2168 3464 2401 3527 credero
2448 3466 2594 3546 quia
2632 3472 2745 3532 est.
2798 3466 2915 3527 Ubi
2954 3466 3072 3527 hoc
3116 3465 3291 3544 ponit
3321 3473 3459 3525 tan-

1892 3575 2086 3637 quam
2128 3559 2399 3635 primum
2444 3558 2844 3635 credendum,
2874 3566 2935 3621 et
2980 3558 3459 3620 fundamentum

1895 3656 2281 3712 caeterorum.
2310 3652 2520 3731 Neque
2548 3654 2717 3713 enim
2732 3653 3077 3715 necessaria
3107 3658 3222 3727 est,
3252 3669 3455 3732 neque

1897 3743 2167 3805 multum
2208 3744 2559 3807 verisimilis
2596 3746 2896 3825 expositio
2934 3746 3109 3821 Cani,
3150 3744 3261 3805 lib.
3303 3743 3457 3805 duo·

1895 3837 2133 3899 decimo
2183 3837 2263 3898 de
2338 3838 2507 3899 Locis
2535 3883 2555 3915 ,
2608 3838 2807 3918 capite
2866 3842 3087 3919 quarto
3118 3883 3139 3913 ,
3194 3838 3457 3899 dicentis

1895 3947 2027 3991 non
2084 3929 2255 4009 loqui
2305 3930 2394 3991 ibi
2453 3930 2713 3993 Paulum
2772 3931 2849 3993 de
2895 3931 3237 3993 necessaria
3290 3930 3455 3993 exis—

1895 4025 2094 4085 tentia
2126 4024 2257 4098 Dei,
2292 4029 2365 4086 ut
2404 4030 2501 4085 est
2540 4030 2755 4085 auctor
2796 4030 3057 4099 naturae,
3100 4024 3209 4087 sed
3249 4030 3319 4084 ut
3364 4027 3458 4085 est

1895 4122 2111 4177 auctor
2135 4122 2199 4179 et
2230 4116 2371 4179 {inis
2394 4118 2898 4195 supernaturalis.
2940 4118 3083 4178 Haec
3118 4117 3453 4195 (inquam)

1895 4210 2197 4289 expositio
2268 4228 2396 4271 non
2462 4210 2661 4289 placet
2698 4256 2718 4288 ,
2774 4217 2911 4272 tuin
2977 4210 3127 4289 quia
3166 4227 3294 4269 non
3362 4215 3457 4269 est

1896 4309 2309 4364 consentanea
2336 4304 2699 4383 proprietati
2714 4303 3077 4380 verborum3
3100 4310 3235 4363 tum
3266 4300 3456 4363 etiam

1895 4396 2045 4475 quia
2086 4396 2266 4457 divus
2316 4397 2585 4459 Thomas
2632 4404 2695 4457 et
2742 4396 2851 4457 alii
2892 4397 3268 4475 expositores
3308 4393 3460 4453 sim-

1897 4488 2140 4567 pliciter
2166 4489 2273 4551 illa
2296 4491 2485 4551 verba
2510 4489 2899 4567 intelligunt3
2932 4496 3069 4549 tum
3096 4486 3281 4549 tertio
3306 4485 3457 4565 quia

1895 4583 2052 4645 illud
2086 4585 2288 4661 magis
2333 4585 2606 4664 pertinet
2638 4584 2717 4645 ad
2744 4583 3007 4644 alteram
3046 4588 3287 4662 partem
3314 4598 3457 4643 ver-

1897 4676 2119 4738 borum
2161 4677 2369 4752 Pauli,
2416 4678 2589 4738 utin
2652 4676 2935 4755 sequenti
2978 4676 3313 4737 assertione
3365 4673 3458 4735 di-

1897 4788 2033 4830 cam
2054 4792 2073 4845 3
2098 4778 2321 4849 quarto
2344 4771 2609 4848 denique
2636 4770 2785 4848 quia
2811 4768 3187 4847 impossibile
3214 4774 3307 4828 est
3330 4784 3459 4829 cre·

1899 4864 2045 4925 dere
2086 4865 2280 4925 Deum
2327 4870 2396 4925 ut
2438 4862 2773 4943 principale
2824 4863 3135 4942 obJectum
3182 4868 3299 4936 est,
3338 4860 3461 4921 nisi

1899 4958 2185 5019 credatur
2222 4966 2295 5018 ut
2342 4958 2619 5019 absolute
2672 4957 2936 5019 existens
2958 5000 2981 5032 ,
3024 4974 3167 5019 cum
3210 4956 3330 5017 hoc
3380 4954 3461 5015 sit

1895 5051 2379 5112 fundamentum
2412 5058 2805 5113 caeterorum.

1981 5145 2041 5205 5.
2094 5142 2372 5223 objectio.
2400 5178 2483 5189 —
2522 5143 2763 5208 Salutio
2802 5142 3095 5224 Cajetani.
3131 5175 3212 5191 -
3246 5142 3461 5222 Impu-

1894 5245 2123 5321 ffltatur
2170 5256 2209 5301 a
2252 5236 2533 5302 Cam.—
2559 5237 2785 5315 objicit
2824 5254 2969 5298 vero
2997 5237 3347 5315 Cajetanus,
3378 5236 3459 5298 ad

1895 5332 2187 5393 Hebraeos
2242 5331 2572 5392 undecimo
2601 5374 2620 5405 ,
2666 5348 2793 5390 non
2836 5347 3053 5391 omnes
3114 5348 3289 5409 posse
3347 5331 3460 5392 ha·

1896 5424 2041 5487 bere
2084 5424 2248 5485 hanc
2294 5423 2485 5486 fldem
2530 5423 2679 5497 Dei;
2712 5423 2896 5484 multi
2928 5422 3097 5485 enim
3142 5423 3460 5487 evidenter

1899 5518 2107 5580 sciunt
2157 5518 2347 5580 Deum
2385 5517 2689 5596 existere3
2719 5535 2868 5601 ergo
2909 5516 3035 5579 illis
3082 5535 3213 5583 non
3252 5518 3454 5583 solum
