3900 6217
528 455 745 536 habet,
770 477 910 540 qum
926 463 1147 524 omnia
1166 479 1281 544 per
1300 479 1369 524 se
1399 461 1548 524 satis
1574 459 1743 522 clara
1772 461 2085 526 videntur.

610 555 675 616 2.
717 554 983 618 Dubium
1026 557 1097 620 de
1116 573 1231 636 qno
1253 555 1435 620 etiam
1470 554 1516 616 Ζ.
1540 555 1579 616 2
1612 554 1683 620 do
1710 551 1886 618 Orat.
1932 573 2094 619 mea-

530 649 675 728 taz„
728 671 778 710 e.
812 651 915 712 u.
954 681 1039 700 -··
1077 649 1442 714 Resolvitur.
1478 679 1561 698 -
1599 647 1773 710 Circa
1798 648 2092 712 ultimum

528 743 647 806 hoo
686 749 779 804 est
830 742 1205 806 nonnullum
1256 741 1559 804 dubium:
1604 741 1755 822 quia
1781 740 1958 806 nulla
2001 749 2094 805 est

528 835 885 918 prophetica
914 835 1209 898 revelatio
1230 835 1507 898 humana
1524 835 1612 896 ita
1634 834 1990 913 spiritualis,
2021 841 2092 898 ut

530 947 679 992 usus
701 929 835 1010 ejus
878 934 942 992 et
964 928 1239 1008 cognitio
1270 946 1399 990 non
1430 928 1701 1009 pendeat
1727 946 1766 989 a
1796 929 2085 1008 phanias·

528 1025 833 1102 matibus3
872 1041 1023 1105 ergo
1050 1041 1376 1106 nunquam
1422 1029 1623 1105 potest
1668 1042 1803 1090 esse
1844 1042 1956 1105 per
1993 1025 2090 1087 in-

528 1119 771 1184 fluxum
808 1121 1153 1202 specierum
1194 1118 1705 1198 intelligibilium,
1750 1118 1885 1180 sine
1922 1119 2088 1182 infu-

526 1214 703 1278 sione
743 1211 1289 1294 phantasmatum3
1334 1229 1463 1274 non
1502 1229 1654 1291 ergo
1684 1211 1990 1274 secundus
2025 1218 2091 1274 et

526 1307 747 1370 tertius
786 1306 1007 1368 modus
1042 1307 1206 1367 inter
1244 1323 1311 1366 se
1358 1303 1676 1368 differunt.
1726 1305 2088 1385 Respondeo

526 1415 745 1463 verum
800 1399 1061 1461 fortasse
1108 1417 1239 1460 esse
1282 1397 1613 1479 prophetas
1664 1397 1980 1462 ordinarie
2027 1405 2091 1462 et

526 1493 897 1573 regulariter
938 1509 1304 1572 cognoscere
1342 1511 1483 1572 quae
1528 1491 1903 1568 revelantur,
1946 1510 2090 1554 cum

526 1586 939 1668 dependentia
970 1585 1590 1667 a·phantasmatibus.
1622 1586 1807 1661 Nam,
1842 1595 1916 1646 ut
1940 1586 2088 1649 Dio-

526 1680 743 1760 nysius
768 1680 880 1756 ait,
900 1681 1085 1760 capit.
1112 1685 1138 1742 1
1172 1678 1411 1742 celest.
1435 1677 1847 1742 Hierarcliiae:
1879 1675 2091 1758 Neque

519 1775 706 1838 aliter
746 1776 845 1850 fes
880 1778 1015 1837 erat
1054 1770 1412 1851 infirmitati
1448 1776 1671 1835 nostro,-
1703 1771 1899 1834 tuom
1929 1773 2089 1834 divi·

520 1883 667 1929 num
694 1864 871 1929 illum
892 1867 1161 1941 radium,
1186 1866 1315 1930 nisi
1338 1883 1648 1930 sacrorum
1671 1865 1971 1927 varietate
1989 1883 2090 1926 vo-

523 1959 843 2034 luminum,
890 1955 1105 2039 quihus
1149 1957 1235 2022 ad
1268 1959 1585 2038 superiora
1624 1959 1933 2035 fora-emm·
1960 1975 2089 2038 opo·

522 2071 663 2115 rum
680 2078 705 2114 .·
750 2052 895 2114 licet
946 2052 1221 2116 fortassis
1265 2049 1579 2132 aliquibus
1624 2051 1960 2124 interdum,
2017 2057 2089 2114 ut

522 2145 719 2225 Moysi
736 2155 799 2208 et
822 2145 1035 2221 Paulo,
1058 2145 1249 2208 etiam
1272 2145 1633 2208 abstractior
1646 2145 1921 2224 cognitio
1938 2144 2090 2210 data

521 2238 625 2300 sit.
658 2238 725 2299 ln
760 2237 869 2300 illo
894 2245 1109 2302 autem
1144 2237 1461 2300 ordinario
1508 2237 1717 2314 modo,
1764 2237 1972 2300 adhuc
1995 2243 2088 2300 est

522 2329 877 2394 differentia
924 2331 1089 2394 inter
1127 2330 1571 2394 revelationem
1614 2331 2084 2408 imaginariam,

520 2430 587 2488 et
616 2443 757 2488 eam
806 2443 948 2506 quse
992 2425 1221 2488 dieitur
1253 2443 1405 2505 pure
1437 2425 1891 2488 intellectualis.
1927 2428 2086 2488 Nam

524 2517 591 2580 in
612 2517 804 2598 priori
822 2517 1165 2582 offeruntur
1188 2519 1361 2599 prius
1380 2519 1545 2599 apud
1570 2519 2086 2597 imaginationem

524 2611 861 2688 sensibilia,
885 2629 1025 2692 quie
1046 2611 1269 2674 altiora
1286 2612 1583 2692 mysteria
1600 2618 2083 2691 repraesentant3

522 2706 785 2786 ipsaque
800 2705 1210 2785 imaginativa
1231 2707 1429 2768 virtus
1450 2703 1835 2768 confortatur
1858 2704 2087 2768 divini-

520 2805 650 2878 tus,
688 2806 761 2862 ut
804 2817 882 2862 ea
936 2799 1340 2862 vehementer
1382 2797 1841 2878 apprehendat,
1896 2805 2085 2879 atque

520 2892 667 2956 inde
696 2892 993 2956 revelatio
1018 2892 1242 2955 transit
1262 2891 1342 2954 ad
1372 2889 1778 2952 intellectum.
1828 2891 1909 2954 At
1936 2909 2084 2952 vero

520 2985 590 3050 in
614 2985 993 3050 revelatione
1016 2985 1419 3050 intellectuali
1442 2990 1572 3046 tota
1596 2985 2084 3064 supernaturalis

520 3079 929 3161 apprehensio
964 3086 1061 3142 est
1089 3079 1157 3140 in
1194 3077 1555 3157 intellectu3
1588 3077 1913 3158 phantasia
1934 3095 2084 3142 vero

519 3173 719 3238 nolum
738 3179 1107 3255 cooperatur
1128 3172 1543 3234 convertendo
1564 3189 1631 3236 ae
1646 3171 1729 3233 ad
1754 3189 1867 3232 sua
1888 3171 2084 3251 phan-

520 3273 809 3344 tesmata,
843 3285 973 3328 non
1018 3265 1273 3347 quidem
1316 3265 1839 3347 apprehendendo
1864 3284 1966 3326 res
1987 3266 2084 3328 in·

520 3359 797 3424 tellectui
846 3377 1037 3442 supra
1060 3359 1229 3424 dicto
1272 3360 1459 3422 modo
1496 3359 1943 3436 manifestatas,
1981 3359 2087 3423 sed

518 3454 837 3534 operando
873 3459 1123 3516 tantum
1170 3453 1559 3529 naturaliter,
1604 3454 1765 3516 circa
1790 3471 1867 3516 ea
1890 3459 2086 3516 mate-

518 3547 701 3610 rialia
722 3546 967 3626 objecta
988 3563 1129 3626 qum
1160 3548 1488 3610 materiam
1506 3545 1675 3608 illius
1692 3544 2086 3608 revelationis

520 3647 862 3721 utcumque
893 3646 1301 3704 concernunt.
1352 3640 1533 3702 Ratio
1576 3646 1691 3716 est,
1720 3639 1873 3720 quia
1899 3639 2086 3702 intel-

516 3733 715 3798 lectus
758 3735 829 3797 in
880 3733 988 3814 huj
996 3733 1241 3796 asmodi
1282 3733 1659 3796 revelatione
1695 3751 1825 3794 non
1864 3751 2086 3814 appre-

516 3828 737 3892 hendit
780 3827 901 3892 sibi
934 3827 1211 3892 revelata
1252 3829 1509 3894 omnino
1538 3844 1713 3907 pure,
1752 3832 1817 3890 et
1849 3825 2082 3907 absque

518 3921 649 3984 nlla
696 3921 1095 4002 proportione
1142 3919 1223 3982 ad
1264 3937 1363 3982 res
1412 3918 1789 3996 materiale-⁸³,
1832 3937 1976 3982 eum
2013 3920 2081 3982 id

514 4014 705 4080 exced
836 4014 1093 4078 modum
1160 4011 1669 4095 apprehensionis
1732 4011 2082 4076 intellectus

512 4109 747 4190 conjan
808 4128 854 4183 1,
896 4107 1007 4171 sed
1032 4106 1449 4189 apprehendit
1494 4123 1573 4169 ea
1612 4105 1727 4170 sub
1754 4112 2079 4186 conceptu,

514 4204 615 4266 vel
630 4204 855 4276 ordine
878 4201 959 4265 ad
980 4219 1117 4266 rem
1154 4202 1432 4284 aliquam
1456 4201 1884 4264 materialem:
1912 4201 2084 4264 ideo-

514 4315 639 4379 que
682 4299 1009 4378 phantasia
1054 4303 1203 4359 tunc
1248 4301 1531 4358 versatur
1564 4296 1731 4358 circa
1758 4293 2078 4358 materiale

432 4401 437 4406 “
512 4391 787 4472 aliquod,
840 4391 944 4453 eui
979 4389 1390 4471 apprehendo
1444 4388 1885 4452 intellectualis
1931 4406 2080 4468 pro·

515 4485 929 4566 portionatur.
970 4483 1147 4545 Unde
1180 4481 1261 4546 ad
1286 4480 1591 4561 ejusmodi
1631 4481 2076 4544 revelationem

512 4579 883 4658 regulariter
928 4595 1061 4640 non
1105 4583 1199 4639 est
1246 4576 1595 4639 necessaria
1649 4575 1879 4640 infusio
1926 4576 2078 4638 novi

514 4671 993 4754 phantasmatis,
1014 4672 1163 4752 quia
1184 4670 1473 4752 praecedit
1490 4670 1905 4732 communiter
1924 4670 2083 4732 ima·-

514 4765 895 4845 ginationem
920 4785 939 4842 ;
968 4765 1136 4846 quenl
1168 4764 1223 4825 si
1248 4763 1567 4825 interdum
1594 4781 1723 4824 non
1763 4763 2077 4844 praecedit,

514 4858 581 4920 id
603 4877 719 4939 per
738 4858 1027 4920 accidens
1050 4857 1397 4937 contingit3
1429 4862 1492 4918 et
1522 4856 1610 4918 ita
1638 4856 2080 4962 intelligendus

512 4951 695 5014 divus
726 4951 997 5014 Thomas
1030 4952 1093 5014 Ξ.
1126 4951 1191 5027 2,
1242 4967 1304 5030 q.
1350 4951 1491 5025 174,
1516 4954 1635 5011 art.
1681 4949 1974 5026 secundo,
2009 4949 2078 5011 in

514 5063 793 5126 corpore,
813 5050 881 5107 et
898 5043 981 5106 ad
1002 5047 1063 5108 4.

588 5141 651 5202 3.
682 5139 775 5202 Do
796 5137 1030 5202 lumine
1054 5137 1335 5220 quadril,
1368 5141 1425 5200 et
1449 5134 1603 5217 quid
1624 5151 1699 5199 ac
1722 5134 2075 5217 quotuplex.

422 5267 443 5284 ·
508 5261 591 5282 ·-
617 5233 703 5294 De
732 5231 1023 5306 seeundo,
1058 5229 1311 5307 scilicet,
1338 5230 1417 5292 de
1444 5228 1759 5290 infusione
1784 5228 2067 5304 luminis,

508 5326 695 5389 divus
737 5325 1029 5401 Thomas,
1074 5327 1139 5387 in
1186 5323 1629 5406 quaestionibus
1686 5325 1793 5384 171
1830 5329 1895 5384 et
1928 5322 2069 5400 ⁴73,

508 5417 841 5501 utrobique
890 5417 1154 5481 articulo
1208 5417 1503 5495 secundo,
1564 5417 1743 5480 docet
1792 5433 2076 5480 neeessa-

508 5514 667 5577 riam
700 5529 831 5576 esse
856 5511 997 5575 talis
1037 5510 1293 5576 luminis
1338 5510 1737 5588 infusionem,
1790 5509 1960 5590 quod
1993 5508 2076 5572 sit

947 363 1183 418 msrur.
1212 363 1341 418 vul.
1378 363 1459 416 DE
1492 361 1919 416 msrmcrlouss
1952 363 2118 416 mnu
2150 363 2232 418 Ae
2265 363 2530 422 ouufflus
2561 365 2744 420 coms
2773 367 2856 420 ΕΤ
2887 367 3152 433 GRATssS,
3185 369 3323 422 mc,

2173 463 2547 546 principium
2603 465 2974 547 cognitionis
3005 473 3068 529 et
3111 467 3359 547 judieii,
3417 483 3543 547 quo
3599 485 3744 546 pro-

2175 557 2364 638 pheta
2397 557 2642 637 judicet
2671 559 3060 640 prophetiam
3099 579 3314 626 veram
3345 577 3498 638 esse,
3531 569 3598 622 et
3637 577 3747 641 pe-

2173 658 2376 714 netret
2405 654 2594 714 etiam
2641 671 2856 714 sensus
2887 670 3101 716 eorum
3137 673 3278 735 qnoe
3303 653 3744 735 apprehendit,

2173 763 2246 808 ac
2275 746 2393 808 sibi
2421 746 2816 823 revelantur3
2846 765 2991 808 nam
3021 765 3162 828 qum
3185 747 3747 828 supernaturaliter

2173 839 2672 915 manifestantur,
2727 840 2966 902 lumine
3031 841 3482 922 supernaturali
3537 841 3748 904 mani-

2171 933 2382 994 festari
2403 939 2668 1014 oportet,
2689 934 2867 1014 juxta
2905 933 3188 1010 Paulum,
3235 933 3458 1016 Ephes.
3505 937 3584 1010 ὃς
3633 933 3746 996 ‹le-

2169 1024 2278 1088 bet
2330 1034 2538 1090 autem
2600 1027 2814 1090 lumen
2871 1029 3324 1109 proportionari
3382 1028 3746 1090 manifesta-

2170 1118 2326 1181 tioni
2353 1127 2416 1182 et
2439 1121 2817 1200 cognitioni;
2853 1139 3024 1202 ergo,
3050 1129 3166 1184 etc.
3199 1121 3746 1202 confirmaturque

2171 1231 2249 1275 ex
2279 1232 2398 1275 usu
2425 1215 2884 1294 Scripturarum
2931 1224 2994 1276 et
3039 1216 3338 1294 Patrum3
3381 1215 3746 1295 [requenter

2167 1306 2338 1368 enim
2363 1301 2714 1370 sermonem
2739 1307 2975 1370 faciunt
2999 1307 3078 1368 de
3103 1307 3222 1369 boc
3257 1307 3620 1390 prophetico
3645 1307 3746 1368 lu-

2169 1399 2362 1462 mine.
2403 1399 2560 1475 Quid
2607 1417 2754 1462 vero
2803 1400 2957 1462 illud
2993 1399 3097 1476 sit,
3147 1419 3276 1464 non
3315 1401 3400 1462 ab
3445 1399 3749 1462 omnibns

2169 1491 2385 1554 eodem
2416 1493 2763 1573 explicatur
2793 1494 2996 1556 modo.
3028 1493 3152 1554 Alii
3190 1493 3410 1555 volunt
3441 1509 3574 1556 esse
3600 1500 3750 1553 tan-

2169 1593 2306 1647 tum
2329 1586 2572 1648 actuale
2604 1587 2710 1649 Dei
2757 1587 3101 1663 auxilium3
3149 1586 3258 1648 alii
3303 1605 3434 1649 esse
3476 1587 3749 1667 qualita-

2169 1686 2298 1741 tem
2321 1679 2700 1760 impressam.
2740 1681 2824 1741 De
2857 1697 3116 1742 munere
3155 1680 3348 1742 etiam
3365 1680 3516 1742 dicti
3543 1678 3746 1740 lumi·

2169 1775 2288 1848 nis,
2331 1773 2669 1842 obscurum
2717 1779 2812 1836 est
2857 1793 2934 1835 an
2978 1775 3058 1836 sit
3099 1791 3323 1850 unum,
3375 1772 3474 1834 vel
3527 1773 3744 1852 plura,

2167 1874 2354 1947 alque
2375 1867 2530 1930 adeo
2557 1885 2638 1928 an
2661 1867 2874 1928 lumen
2899 1867 3108 1946 ipsum
3137 1866 3216 1928 sit
3239 1865 3562 1946 multiplex
3593 1883 3748 1926 nee-

2167 1977 2248 2022 ne
2271 1965 2298 2022 ἲ
2327 1961 2456 2044 Duo
2485 1960 2784 2022 nimirum
2813 1959 3162 2038 intelligere
3193 1977 3518 2041 possumus
3543 1961 3746 2022 etiam

2169 2051 2460 2114 distincta
2487 2053 2736 2114 realiter
2765 2053 3078 2133 prophetis
3109 2053 3474 2128 necessaria,
3515 2053 3750 2133 praeci-

2169 2163 2290 2225 pue
2347 2145 2413 2208 in
2459 2146 2939 2208 revelationibus
2979 2147 3386 2225 imaginariis.
3433 2147 3744 2222 Primum,

2168 2246 2240 2300 ut
2267 2238 2458 2320 probe
2497 2239 2853 2318 intelligant
2887 2238 3036 2318 quid
3065 2257 3178 2319 per
3203 2257 3302 2300 res
3333 2238 3400 2300 in
3427 2239 3748 2317 imagina-

2167 2333 2338 2394 tione
2393 2332 2807 2412 apprehensas
2857 2331 3262 2410 significetur.
3313 2331 3748 2412 Apprehendit

2170 2425 2342 2488 enim
2381 2427 2642 2502 Pharao,
2675 2424 2948 2505 exempli
2987 2425 3214 2503 gratia,
3245 2433 3480 2505 septem
3513 2426 3746 2505 spicas,

2167 2538 2296 2582 non
2323 2520 2629 2582 intellexit
2655 2525 2868 2581 tamen
2895 2535 3111 2580 earum
3143 2517 3556 2598 significatum
3581 2533 3606 2594 ;
3633 2517 3746 2580 Jo-

2169 2612 2321 2694 seph
2333 2621 2542 2676 autem
2566 2613 2858 2676 maxime.
2884 2615 3086 2691 Atque
3106 2611 3208 2673 hic
3231 2612 3474 2674 videtur
3491 2630 3626 2674 esse
3643 2611 3744 2674 ef·

2166 2708 2360 2769 fectus
2379 2725 2542 2768 unus
2563 2707 2824 2786 hujusce
2845 2705 3124 2768 luminis.
3147 2707 3229 2768 At
3247 2705 3508 2768 ulterius
3525 2708 3746 2785 requi·

2167 2799 2330 2862 ritur
2377 2801 2646 2861 secundo
2683 2806 2776 2872 ut,
2807 2816 2882 2860 ea
2923 2797 3373 2877 significatione
3415 2805 3736 2880 percepta,

2156 2893 2397 2973 judicet
2431 2893 2736 2974 propheta
2779 2911 3000 2956 verum
3041 2911 3172 2955 esse
3217 2893 3381 2973 quod
3423 2892 3742 2972 signifiea-

2164 2991 2288 3046 tur.
2319 2987 2476 3048 Nam
2499 2992 2826 3066 postquam
2849 2987 3076 3066 Joseph
3096 2985 3400 3048 intellexit
3416 2983 3738 3064 significa·

2163 3079 2398 3142 tionem
2439 3079 2690 3154 somnii,
2735 3079 3024 3142 dubitare
3073 3084 3315 3160 poterat
3343 3097 3428 3140 an
3471 3077 3540 3140 id
3585 3095 3730 3140 vere

2163 3172 2444 3236 futurum
2459 3184 2634 3236 esset.
2657 3173 3004 3254 Utrumque
3026 3191 3176 3252 ergo
3199 3173 3443 3235 videtur
3455 3171 3728 3234 tribuere

2163 3264 2391 3328 lumini
2419 3265 2782 3346 prophetico
2807 3265 2990 3328 divus
3007 3264 3274 3328 Thomas
3309 3283 3520 3345 supra,
3543 3272 3732 3345 atque

2165 3360 2358 3422 etiam
2401 3358 2752 3438 caietanus.
2787 3360 2944 3422 Cum
2969 3365 3182 3423 tamen
3217 3359 3448 3422 diversi
3491 3360 3622 3422 sint
3659 3378 3738 3422 ac

2166 3451 2542 3532 separabiles
2567 3451 2850 3528 effectus,
2891 3452 3144 3514 diversa
3169 3451 3414 3514 luniim
3439 3453 3741 3514 videntur

2165 3545 2505 3626 requirere.
2535 3547 2643 3608 Est
2671 3545 2876 3608 simile
2917 3545 3242 3626 quippiam
3272 3545 3342 3608 in
3377 3545 3740 3625 intelligen-

2165 3641 2256 3701 tia
2285 3640 2638 3720 Scripturae.
2683 3638 2872 3700 Aliud
2899 3639 3070 3701 enim
3111 3647 3206 3702 est
3233 3655 3450 3704 verum
3477 3655 3741 3700 sensum

2163 3734 2498 3814 Scriptnroe
2523 3733 2858 3814 percipere,
2893 3733 2953 3796 id
2991 3739 3084 3796 eat
3101 3779 3122 3809 ,
3152 3733 3298 3814 quid
3327 3739 3542 3797 auctor
3561 3733 3744 3796 iuius

2161 3825 2354 3890 verbo
2381 3844 2494 3888 suo
2523 3825 2872 3905 significare
2899 3825 3164 3888 voluerit
3176 3841 3198 3906 3
3238 3825 3410 3888 aliud
3453 3841 3606 3887 vero
3655 3823 3742 3886 fi·-

2163 3919 2306 3983 dem
2331 3919 2626 3981 adhibere
2662 3919 2780 4000 ipsi
2809 3920 3166 4000 Scriptum.
3203 3920 3358 3982 Nam
3386 3918 3740 3982 secundnm

2163 4013 2282 4076 hoc
2307 4013 2386 4076 ad
2417 4012 2608 4076 fidem
2639 4019 2906 4094 spectat3
2935 4031 3068 4078 nen
3105 4031 3256 4076 vero
3280 4012 3577 4092 primum,
3621 4027 3744 4089 per

2163 4125 2232 4172 se
2256 4106 2585 4188 loquendo.
2637 4108 2842 4170 Potest
2871 4107 3046 4170 enim
3071 4105 3340 4171 infidelis
3375 4105 3743 4186 intelligere

2164 4200 2316 4282 quid
2355 4199 2740 4280 significetur
2771 4200 2840 4260 in
2869 4200 3178 4280 Sriptura,
3211 4199 3368 4280 quin
3407 4199 3560 4262 illud
3597 4217 3742 4262 cre-

2161 4294 2292 4357 dat.
2327 4291 2502 4357 Unde
2525 4310 2668 4356 cum
2697 4291 2968 4373 primum
2995 4292 3152 4354 illud
3177 4291 3742 4373 super-namraliter

2158 4387 2254 4465 fit,
2293 4387 2374 4450 ad
2402 4389 2955 4468 interpretationem
2971 4389 3278 4455 emonis
3305 4387 3594 4467 pertinet.

2237 4482 2301 4544 4.
2341 4480 2626 4546 Luminis
2661 4481 3004 4562 prophta-i
3055 4481 3346 4562 ejudem
3385 4485 3498 4547 aut
3545 4479 3742 4546 etiam

2158 4573 2391 4640 divorti
2418 4573 2828 4640 varim-mc.
2849 4605 2932 4622 --
2957 4573 3300 4636 Dicendum
3331 4572 3530 4652 igitur
3557 4574 3742 4635 vide-

2161 4674 2264 4730 tur
2303 4665 2436 4730 hmo
2473 4667 2602 4730 duo
2643 4685 2776 4730 esse
2816 4666 2884 4728 in
2937 4667 3262 4748 prophetia
3309 4663 3624 4741 distinete,
3667 4673 3744 4729 et

2160 4764 2500 4841 utrumque
2546 4777 2726 4840 posse
2775 4758 2968 4824 tribui
3005 4759 3257 4836 lumini,
3299 4767 3556 4841 accepto
3603 4757 3742 4822 late

2157 4870 2272 4934 pro
2299 4869 2690 4934 quacumque
2715 4853 2948 4917 virtute
2971 4859 3035 4916 et
3057 4853 3334 4925 auxilio,
3349 4871 3572 4916 verum
3601 4851 3738 4932 pri-

2161 4964 2338 5010 mum
2355 4945 2536 5024 illud,
2555 4946 2862 5013 muitum
2885 4948 3198 5028 perceptio
3215 4945 3588 5027 significati
3569 4963 3740 5008 ima-

2159 5041 2420 5121 ginnrioe
2445 5039 2726 5117 visionis,
2751 5057 2882 5102 non
2907 5046 3142 5120 spectat
3162 5040 3244 5102 ad
3273 5040 3606 5120 perfectam
3633 5059 3742 5102 re-

2158 5152 2302 5198 rum
2347 5131 2850 5213 intelligentiam,
2891 5133 3000 5194 sed
3035 5134 3246 5213 potins
3275 5133 3358 5196 ad
3389 5133 3740 5214 perfectam

2157 5223 2742 5306 apprehensionem,
2787 5225 2890 5288 vel
2913 5225 3299 5292 auditionem
3327 5228 3610 5290 veritatis
3635 5245 3744 5290 re·

2159 5319 2406 5396 velatas,
2434 5337 2578 5399 quoe
2589 5318 2894 5397 judicium
2923 5319 3058 5397 ejus
3081 5319 3420 5396 antecedit,
3453 5319 3746 5384 videtur-

2154 5430 2278 5494 que
2305 5413 2517 5493 peragi
2559 5413 2910 5492 penetratio
2939 5411 3072 5474 hoee
3111 5420 3174 5476 et
3201 5413 3380 5492 quasi
3425 5413 3746 5494 interpr&

2156 5507 2308 5570 tatio
2334 5505 2610 5582 visioniS,
2641 5509 2754 5568 aut
2783 5523 2894 5586 per
2933 5523 3164 5568 novam
3197 5507 3514 5571 internam
3559 5505 3744 5570 loeu-
