3900 6217
507 416 587 478 78

504 521 675 596 dem,
707 526 771 583 et
818 520 901 583 de
954 521 1253 600 possibili,
1314 522 1433 585 hoc
1488 541 1619 583 non
1672 540 2068 603 repugnare;

504 634 655 679 nam
678 616 867 677 etiam
892 613 958 675 in
986 614 1254 677 naturali
1278 615 1591 677 evidentia
1618 620 1827 696 potest
1844 616 1907 677 id
1926 634 2076 677 con·-

506 709 778 788 tingere3
810 707 1217 769 nihilominus
1242 708 1397 769 mihi
1432 726 1558 770 non
1590 714 1684 770 est
1709 708 2071 786 verisimile,

505 802 876 881 regulariter
899 806 963 863 et
990 801 1303 863 ordinarie
1325 802 1669 882 loquendo,
1696 803 1801 865 illa
1823 802 1949 864 duo
1981 820 2076 864 sc-

507 894 739 975 parari,
790 894 1043 974 quando
1082 896 1248 955 Deus
1292 894 1496 957 elevat
1524 901 1802 957 mentem
1830 895 1911 955 ad
1948 895 2076 957 evi-

508 989 761 1051 dentem
781 987 1200 1068 cognitionem
1226 1004 1341 1066 per
1362 1006 1427 1050 se
1456 985 1729 1051 infusam
1756 1007 1882 1049 snae
1904 988 2072 1049 locu-

506 1081 725 1155 tionis„
778 1098 895 1141 seu
942 1078 1341 1141 revelationis
1360 1126 1378 1155 ,
1429 1082 1577 1161 quia
1630 1086 1783 1143 tunc
1834 1081 2074 1143 revelat

504 1175 673 1236 Deus
698 1174 976 1254 seipsum
1006 1178 1075 1234 nt
1098 1173 1461 1253 loquentem
1493 1174 1919 1236 excellentiori
1936 1192 2076 1235 mo·-

506 1269 611 1342 do,
670 1285 860 1347 quam
914 1266 1111 1346 possit
1159 1267 1331 1346 loqui
1374 1273 1685 1341 ereatura,
1736 1271 1800 1329 et
1852 1286 2076 1329 conse-

505 1367 775 1443 quenter
795 1360 1067 1423 ostendit
1093 1360 1461 1423 fidelitatem
1482 1380 1665 1422 suam
1695 1365 1757 1425 et
1781 1362 2076 1441 majesta-

504 1459 633 1518 tem
660 1455 729 1515 in
748 1453 1088 1535 loquend0.
1116 1454 1299 1530 Item,
1330 1454 1478 1535 quia
1502 1454 1589 1517 ita
1614 1460 1759 1516 sunt
1788 1454 1921 1516 haec
1944 1454 2072 1516 duo

505 1550 859 1627 conjuncta,
906 1552 975 1607 ut
1022 1547 1439 1609 consideratio
1488 1548 1697 1622 uniuS,
1727 1548 2074 1628 praesertim

505 1642 675 1703 clara
716 1648 777 1703 et
818 1640 1099 1713 evidenS,
1136 1658 1352 1703 secum
1378 1642 1587 1703 trahat
1624 1640 2078 1702 consideratio-

504 1752 653 1797 nem
694 1736 980 1807 alterius;
1030 1752 1238 1814 neque
1293 1740 1389 1797 est
1432 1754 1545 1797 cur
1582 1734 1853 1816 fingatur
1906 1736 2073 1796 Deus

505 1828 757 1907 speciali
780 1833 846 1889 et
880 1828 1063 1907 quasi
1094 1828 1687 1889 miraculoso-modo
1717 1830 1966 1908 operari
1993 1827 2075 1888 ad

502 1922 610 1983 illa
636 1921 1009 2002 separanda,
1038 1922 1214 1982 et-ita
1260 1922 1593 2000 Cajetanus
1636 1927 1699 1983 et
1726 1920 1831 1982 alii
1870 1921 2076 1982 Theo-

505 2016 631 2096 logi
663 2061 679 2090 ,
734 2016 845 2095 qui
903 2015 969 2076 in
1014 2015 1339 2095 Prophetis
1396 2022 1643 2095 ponunt
1708 2014 2072 2094 hujusmodi

504 2108 721 2170 lumen
748 2109 1023 2171 infusum
1078 2109 1161 2169 ad
1194 2109 1513 2170 evidenter
1564 2108 2072 2189 cognoscendum

504 2201 955 2265 revelationem
998 2202 1131 2275 Dei,
1178 2208 1639 2281 consequenter
1677 2207 1923 2282 ponunt
1963 2219 2072 2263 eos

508 2296 833 2359 evidenter
890 2295 1256 2375 cognovisse
1290 2294 1567 2357 revelata
1592 2301 1661 2356 ut
1684 2314 1833 2357 vera
1860 2294 1927 2354 in
1950 2300 2073 2355 tes-

372 2384 379 2391 ’
502 2390 761 2451 timonio
788 2388 1023 2462 divino,
1076 2395 1147 2450 ut
1189 2389 1257 2448 in
1304 2388 1581 2449 secundo
1617 2395 1848 2468 puncto
1883 2388 2072 2467 hujus

505 2483 797 2545 sectionis
820 2483 1025 2543 visum
1057 2487 1172 2545 est.

586 2578 687 2638 25.
718 2576 881 2640 Esto
924 2576 1295 2641 {meroeniat
1342 2576 1840 2649 inconsideratio,
1878 2576 2074 2639 adhuc

499 2670 793 2753 probatm·
826 2669 1107 2733 assertio.
1151 2700 1235 2717 --
1276 2668 1402 2731 Sed
1444 2669 1863 2731 concedamus
1905 2668 2076 2728 illam

508 2761 993 2841 separationem,
1038 2780 1113 2823 ac
1152 2780 1271 2843 per
1305 2762 1521 2823 lumen
1558 2761 1715 2823 illud
1754 2762 2078 2823 evidenter

505 2856 823 2937 cognosci,
863 2856 1065 2917 Deum
1095 2856 1289 2935 loqui,
1332 2861 1393 2916 et
1424 2874 1555 2917 non
1601 2855 1885 2917 similiter
1905 2855 2078 2935 judi-

504 2952 633 3015 cari
674 2968 755 3011 an
794 2966 1015 3012 verum
1054 2949 1241 3021 dicat,
1298 2952 1362 3011 et
1400 2948 1631 3011 idcirco
1680 2948 1819 3011 dari
1860 2948 2072 3009 locum

504 3043 788 3105 assensui
822 3042 995 3116 fidei,
1022 3048 1084 3104 ct
1128 3042 1534 3105 nihilominus
1563 3043 1785 3123 probe,
1832 3048 1894 3103 et
1924 3046 2070 3103 tunc

504 3138 694 3199 etiam
718 3137 1005 3209 ostendo,
1032 3136 1227 3198 talem
1251 3154 1582 3198 assensum
1606 3136 1752 3197 fidei
1780 3155 1911 3197 non
1929 3135 2072 3195 fun-

502 3232 637 3293 dari
652 3250 769 3315 per
791 3249 855 3295 se
879 3232 949 3291 in
980 3230 1087 3291 illa
1113 3230 1449 3292 evidentia.
1486 3230 1713 3304 Primo,
1742 3230 1889 3309 quia
1912 3228 2072 3290 fides

500 3325 675 3387 illam
714 3344 843 3386 non
868 3323 1157 3404 requirit,
1202 3329 1274 3385 ut
1316 3341 1507 3402 supra
1553 3323 1887 3402 probatum
1926 3328 2021 3385 est
2049 3343 2066 3397 3

503 3436 655 3497 ergo
700 3418 985 3498 quamvis
1036 3436 1169 3479 non
1218 3421 1385 3479 esset
1430 3416 1573 3478 talis
1604 3416 1915 3478 evidentia
1952 3417 2066 3477 Dei

504 3509 912 3588 testificantiS,
936 3510 1049 3573 sed
1067 3511 1199 3571 sola
1216 3510 1534 3571 sufficiens
1558 3510 1901 3590 propositio
1922 3528 2067 3571 cum

502 3603 813 3666 evidentia
822 3604 1271 3680 credibilitatis,
1290 3603 1695 3664 nihilominus
1713 3604 2068 3665 intellectus

500 3703 933 3777 perseveraret
962 3696 1025 3758 in
1050 3696 1276 3759 eodem
1316 3714 1581 3759 assensu
1618 3696 1791 3769 fidei,
1824 3702 1887 3758 et
1922 3714 2068 3759 cum

500 3792 622 3853 hac
648 3791 969 3853 voluntate
1016 3809 1131 3853 seu
1180 3790 1371 3851 animi
1396 3789 1853 3870 praeparatione
1882 3790 2073 3851 debet

503 3885 665 3957 elici,
693 3893 767 3946 ut
791 3886 869 3949 sit
887 3902 1077 3947 verus
1100 3902 1395 3946 assensus
1422 3882 1604 3956 fidei;
1634 3900 1788 3964 ergo
1818 3882 2070 3962 signum

500 3986 599 4042 est
638 3998 768 4041 non
806 3978 1055 4041 fundari
1090 3996 1203 4061 per
1246 3996 1311 4042 u
1350 3978 1416 4039 in
1455 3976 1563 4039 illa
1597 3976 1931 4039 evidentia.
1965 3979 2072 4040 Se-

502 4074 735 4163 cundo,
796 4092 1091 4136 assensus
1152 4072 1394 4135 elicitus
1446 4088 1527 4133 ex
1588 4070 1696 4131 illo
1766 4070 2070 4151 principio

502 4169 828 4231 evidenter
854 4168 1128 4249 cognite,
1180 4172 1483 4245 tanquam
1528 4181 1603 4227 σω
1628 4182 1815 4228 cauea
1832 4182 1945 4247 per
1983 4182 2068 4239 ee,

502 4278 633 4323 non
659 4262 930 4325 habetur
958 4278 1035 4323 ex
1075 4259 1339 4340 simplici
1360 4258 1509 4332 fide,
1538 4258 1654 4320 sed
1680 4274 1793 4336 per
1836 4258 2074 4319 discur-

504 4370 645 4416 sum
698 4354 977 4417 alienum
1031 4358 1095 4431 et
1138 4358 1509 4416 extraneum
1558 4370 1597 4412 a
1630 4350 1781 4427 fide,
1824 4351 1888 4412 in
1943 4367 2072 4430 quo

504 4453 887 4510 concurrunt
934 4448 1061 4509 duo
1112 4462 1409 4508 assensus
1454 4444 1840 4506 diversarum
1884 4446 2074 4506 ratio-

502 4560 694 4615 num3
732 4560 883 4622 ergo
920 4560 999 4603 ex
1028 4541 1151 4602 illis
1178 4558 1308 4602 non
1348 4544 1555 4620 potest
1590 4538 1729 4600 elici
1775 4554 2074 4601 assensus

503 4634 677 4709 fidei,
706 4652 855 4695 nam
882 4636 1003 4695 hoc
1028 4638 1125 4695 est
1152 4639 1375 4713 praeter
1400 4638 1694 4694 naturam
1720 4630 1887 4711 ejus;
1918 4648 2074 4712 ergo

506 4735 573 4791 ut
596 4730 675 4790 sit
697 4744 991 4790 assensus
1014 4727 1186 4801 fidei,
1230 4726 1421 4789 debet
1444 4744 1575 4788 non
1608 4724 1857 4786 fundari
1882 4743 1994 4808 per
2009 4743 2074 4789 ευ

506 4824 571 4885 ἰιι
622 4822 727 4884 illa
761 4820 1095 4883 evidentia.
1145 4819 1324 4893 Quod
1352 4820 1533 4882 tertio
1580 4818 1770 4881 etiam
1816 4818 2070 4880 declaro

502 4916 745 4979 ratione
776 4934 967 4995 supra
1004 4914 1193 4987 facta,
1230 4914 1377 4994 quia
1423 4912 1531 4974 illa
1578 4911 1890 4974 evidentia
1938 4929 2070 4972 non

502 5009 878 5073 fundaturin
903 5008 1112 5069 divino
1126 5006 1480 5069 testimonio
1502 5026 1521 5080 ;
1542 5021 1694 5087 ergo
1718 5022 1847 5067 non
1866 5010 2074 5085 potest

502 5104 661 5167 fides
680 5122 795 5187 per
818 5119 883 5166 se
910 5101 973 5162 in
1017 5101 1123 5163 illa
1167 5100 1439 5173 fundari,
1478 5099 1634 5161 alias
1672 5116 1751 5161 ex
1776 5116 1853 5160 ea
1888 5103 2067 5179 parte

502 5217 631 5262 non
658 5196 1081 5260 resolveretur
1098 5195 1381 5257 ultimate
1392 5197 1458 5257 in
1479 5194 1757 5254 divinum
1784 5194 2069 5255 testimo-

503 5294 717 5367 nium3
748 5300 895 5354 tunc
938 5308 1087 5373 ergo
1133 5290 1241 5353 illa
1266 5288 1539 5369 cognitio
1570 5287 1827 5350 evidens
1850 5287 2066 5350 deser-

502 5387 592 5449 vit
608 5386 862 5465 quidem
887 5385 970 5447 ad
1004 5384 1196 5447 fldem
1220 5400 1297 5446 ex
1328 5382 1609 5464 generali
1632 5383 1901 5457 ratione,
1920 5384 2068 5463 quia

504 5480 885 5543 sufficienter
900 5478 1193 5559 proponit
1224 5477 1537 5558 objectum
1566 5476 1738 5556 ejus;
1766 5476 1935 5555 quod
1961 5496 2070 5539 au·

504 5578 631 5641 tem
674 5571 929 5635 evidens
956 5570 1055 5646 sit,
1087 5570 1575 5633 accidentarium
1606 5575 1703 5631 est
1751 5569 1832 5629 ad
1873 5570 2066 5634 fidem

986 418 1225 473 msrm.
1260 419 1329 473 111
1378 420 1459 473 DE
1488 418 1755 473 omento
1788 420 2060 473 tonnam
2093 419 2277 482 nom,
2314 420 2395 472 ΕΤ
2431 418 2724 483 Quonam
2755 418 2840 471 An
2873 418 3076 483 uum,
3106 419 3242 483 mo,

2233 524 2337 584 26.
2377 522 2614 587 Semne
2643 523 2802 585 alter
2817 522 3036 605 puncti
3054 523 3294 604 ponitur
3325 520 3396 583 in
3421 536 3587 583 num.
3625 524 3728 591 Π,

2145 616 2793 696 resolvitwr.--Atque
2821 618 2960 677 hinc
2979 615 3272 697 expedita
3291 620 3508 677 manet
3521 630 3735 695 quaes-

2152 710 2240 773 tio
2271 710 2330 771 in
2369 710 2564 771 altero
2594 727 2784 771 sensu
2813 708 2894 771 de
2919 708 3401 771 concomitantia
3432 722 3734 769 assensus

2153 804 2300 865 fidei
2341 822 2485 865 cnm
2531 801 2844 864 evidentia
2885 802 3312 875 testificantis;
3343 818 3492 861 nam
3517 801 3569 861 si
3593 801 3738 861 haec

2156 897 2466 959 evidentia
2493 896 2671 957 sistat
2701 897 2769 957 in
2793 894 3191 966 testificante,
3211 900 3272 956 et
3299 908 3432 955 non
3449 894 3742 955 transeat

2155 992 2236 1053 ad
2283 1008 2422 1053 rem
2469 987 2882 1063 testificatam,
2931 989 3064 1069 jam
3115 988 3354 1049 dictum
3379 993 3500 1049 est
3539 1002 3736 1068 posse

2155 1084 2506 1146 simulasse
2533 1101 2682 1145 cum
2723 1100 2992 1143 assensu
3031 1080 3204 1157 fidei,
3249 1096 3464 1160 neque
3497 1078 3740 1161 proba-

2153 1178 2349 1239 bilem
2374 1177 2680 1238 rationem
2723 1175 3158 1255 repugnantiae
3196 1176 3264 1235 in
3301 1174 3423 1235 hoc
3451 1173 3732 1234 invenio.

2154 1271 2335 1333 Addo
2358 1288 2534 1345 vero,
2575 1269 2818 1333 etiamsi
2849 1269 3164 1332 evidentia
3191 1270 3270 1331 sit
3287 1268 3369 1331 de
3403 1286 3474 1330 re
3501 1266 3738 1329 testifi-

2157 1370 2320 1441 cata,
2339 1382 2525 1445 posse
2545 1364 2887 1425 simulasse
2905 1380 3056 1423 cum
3071 1362 3196 1423 fide
3217 1362 3354 1423 sine
3365 1360 3742 1425 causalitate

2148 1475 2263 1540 per
2282 1476 2346 1520 so
2368 1456 2530 1519 inter
2551 1456 2712 1530 illae,
2736 1463 2808 1518 ut
2827 1456 3152 1536 explicavi.
3173 1454 3331 1527 Quia
3347 1472 3498 1517 vero
3517 1452 3740 1533 quoad

2155 1552 2276 1612 hoe
2309 1550 2536 1613 eadem
2559 1556 2654 1612 est
2682 1551 2841 1611 ratio
2867 1550 2950 1611 de
2977 1549 3098 1611 hac
3125 1548 3437 1611 evidentia
3465 1548 3531 1607 in
3558 1546 3742 1609 testi-

2153 1644 2404 1718 ficante,
2455 1652 2520 1707 et
2569 1644 2649 1705 de
2703 1661 3103 1725 quacumque
3153 1644 3276 1704 alia
3327 1640 3736 1711 abstractiva,

2154 1737 2300 1801 ideo
2347 1739 2411 1800 in
2455 1740 2800 1801 sectionem
2843 1743 3235 1818 sequentem,
3289 1736 3738 1816 probationem

2156 1834 2426 1895 remitto.

2235 1929 2336 1988 27.
2365 1926 2472 1991 Aa
2505 1928 2902 2005 fundamenta
2935 1926 3160 2009 primoe
3203 1926 3520 1989 ementita
3557 1922 3632 1985 in
3661 1938 3730 1983 n.

2156 2021 2256 2081 14.
2286 2050 2368 2065 -
2393 2018 2496 2082 Aa
2517 2021 2974 2097 fundamentum
3014 2019 3288 2082 socam
3324 2016 3640 2081 senentia-
3663 2013 3740 2075 in

2154 2131 2322 2175 nam.
2351 2114 2447 2174 ⁴5.
2481 2142 2562 2159 --
2585 2112 2690 2174 Ad
2707 2112 3162 2189 fundamentum
3185 2110 3390 2175 tertioe
3415 2109 3742 2173 samtioe

2151 2204 2220 2266 in.
2264 2224 2458 2279 amn„
2505 2207 2570 2267 6.
2611 2206 3013 2285 —Superest
3059 2210 3130 2265 ut
3182 2203 3264 2265 ad
3313 2204 3740 2265 fundamenta.

2155 2300 2417 2360 aliarum
2445 2299 2831 2379 opinionum,
2855 2304 3166 2379 quatenus
3185 2296 3556 2360 resolutioni
3579 2312 3742 2356 nos-

2153 2398 2262 2454 trae
2299 2392 2548 2453 obstare
2588 2397 2886 2473 possunt,
2929 2393 3204 2454 breviter
3243 2390 3730 2453 satisfaciamus,

2155 2488 2242 2547 Ex
2269 2485 2516 2547 duabus
2549 2504 2699 2565 ergo
2729 2485 3077 2548 rationibus
3107 2486 3329 2564 primae
3359 2483 3688 2546 sententiae
3709 2527 3731 2553 ,

2156 2579 2498 2641 secundam
2539 2578 2924 2640 admittimus
2957 2625 2975 2653 ‚
3024 2578 3248 2659 probat
3295 2576 3465 2639 enim
3515 2592 3738 2637 assen-

2158 2690 2302 2735 sum
2347 2672 2725 2746 evidentem,
2763 2672 2868 2733 vel
2909 2690 3026 2752 per
3051 2690 3119 2732 se
3148 2670 3484 2731 fundatum
3509 2668 3576 2729 in
3601 2668 3738 2728 dis-

2159 2784 2347 2829 cursu
2385 2785 2461 2827 ex
2487 2765 2790 2846 principio
2833 2766 3148 2839 evidente,
3173 2782 3306 2825 non
3329 2782 3474 2825 esse
3503 2779 3740 2823 assen-

2155 2879 2298 2922 sum
2312 2860 2485 2932 fidei,
2515 2858 2685 2938 quod
2709 2876 2826 2920 nos
2855 2858 3150 2919 diximus.
3179 2858 3358 2919 Prior
3381 2874 3554 2929 vero,
3579 2872 3734 2935 quae

2153 2953 2438 3036 procedit
2453 2957 2670 3013 contra
2687 2952 3234 3014 concomitantiam
3258 2957 3536 3023 actuum,
3551 2968 3629 3030 pa
3639 2948 3738 3010 rvi

2151 3047 2452 3109 momenti
2495 3050 2610 3119 est,
2669 3044 2817 3125 quia
2865 3046 3134 3107 liberum
3185 3051 3250 3107 et
3297 3043 3734 3107 necessarium

2151 3142 2296 3203 licet
2319 3144 2674 3221 repugnent
2697 3140 2763 3200 in
2793 3140 3016 3201 eodem
3047 3146 3214 3214 actu,
3248 3156 3378 3201 non
3417 3145 3636 3200 tamen
3665 3137 3731 3197 in

2153 3236 2435 3309 diversis,
2457 3235 2702 3296 etiamsi
2725 3234 2910 3294 simul
2935 3234 3142 3295 sintin
3157 3235 3383 3294 eadam
3418 3230 3726 3311 potentia,

2152 3329 2496 3409 praesertim
2543 3328 2691 3407 quia
2743 3334 2918 3389 actus
2967 3326 3228 3389 evidens
3277 3326 3468 3388 ctiam
3519 3329 3736 3404 potest

2151 3440 2289 3484 esse
2335 3422 2698 3503 simpliciter
2747 3421 2908 3483 liber
2955 3421 3168 3501 quoad
3199 3420 3582 3482 exercitium.
3631 3416 3736 3477 Ad

2148 3516 2627 3578 fundamentum
2673 3532 2824 3576 vero
2871 3514 3164 3577 secundae
3225 3510 3552 3576 sententiae
3596 3528 3740 3572 res-

2148 3609 2483 3690 pondetur,
2507 3624 2835 3669 assensum
2867 3608 3222 3669 evidentem
3251 3624 3382 3669 non
3415 3618 3554 3667 esse
3579 3604 3737 3663 sim-

2150 3703 2392 3783 pliciter
2437 3702 2516 3764 de
2563 3718 2634 3763 re
2678 3720 2800 3765 non
2839 3706 3191 3785 apparente,
3241 3700 3391 3779 quia
3417 3714 3531 3779 por
3559 3697 3736 3758 hane

2149 3796 2519 3877 particulam
2563 3812 2694 3857 non
2747 3796 2953 3857 solum
3006 3794 3360 3857 >excluditur
3401 3791 3574 3872 quod
3621 3808 3738 3853 res

2151 3889 2385 3951 credita
2411 3906 2541 3949 nou
2567 3888 2646 3951 sit
2672 3888 2804 3949 visa
2831 3888 3136 3963 intuitive‚
3177 3887 3292 3949 sed
3327 3882 3522 3949 etiam
3545 3884 3738 3965 quod

2151 4000 2279 4043 non
2320 3982 2400 4043 sit
2437 3982 2610 4055 scita,
2660 4000 2776 4044 seu
2820 3981 3146 4044 evidenter
3185 3980 3460 4061 cognita,
3499 3980 3736 4042 saltem

2151 4094 2270 4156 per
2290 4076 2493 4156 ipsam
2511 4074 2732 4150 fidem3
2763 4092 2974 4155 neque
2999 4076 3189 4137 etiam
3217 4074 3426 4135 solum
3451 4072 3740 4135 excludit

2153 4168 2326 4248 quod
2355 4186 2460 4231 res
2487 4168 2591 4230 illa
2621 4186 2752 4230 non
2799 4170 2880 4231 sit
2909 4168 3231 4231 evidenter
3251 4168 3504 4249 cognita
3533 4167 3596 4226 in
3625 4182 3732 4241 se,

2153 4262 2264 4323 sed
2292 4262 2481 4323 etiam
2512 4262 2580 4322 in
2609 4262 2858 4333 effectu,
2900 4262 3000 4324 vel
3040 4262 3105 4323 in
3155 4278 3556 4341 quocumque
3597 4258 3733 4320 alio

2153 4354 2400 4429 medio,
2448 4354 2620 4434 quod
2674 4355 2998 4416 evidenter
3047 4354 3344 4417 ostendat
3393 4353 3735 4415 veritatem

2155 4449 2594 4530 propositionis
2659 4448 2948 4528 cognitae.
2995 4448 3258 4520 Quando
3315 4452 3528 4508 autem
3569 4446 3742 4526 petit

2155 4545 2336 4623 cujus
2363 4541 2607 4603 virtutis
2657 4542 2735 4603 sit
2784 4541 2890 4602 ille
2940 4560 3260 4615 assensus,
3311 4539 3746 4621 respondetur

2154 4636 2356 4717 primo
2378 4679 2395 4709 ,
2427 4635 2482 4695 si
2508 4634 2588 4697 sit
2613 4635 2918 4697 naturalis
2943 4678 2960 4709 ,
3014 4634 3230 4697 reduci
3274 4633 3358 4695 ad
3406 4633 3744 4695 scientiam

2154 4730 2304 4811 quia
2331 4728 2702 4808 acquisitam
2733 4747 2750 4802 3
2783 4727 2836 4789 si
2879 4746 3032 4791 vero
3083 4728 3163 4789 sit
3208 4726 3740 4808 supet-naturalis,

2154 4822 2468 4902 pertinere
2495 4823 2596 4885 vel
2629 4821 2710 4883 ad
2747 4822 2962 4883 lumen
2990 4821 3452 4902 propheticum,
3491 4820 3592 4881 vel
3643 4819 3736 4881 ad

2152 4916 2494 4995 quamdam
2521 4915 2849 4979 scientiam
2875 4914 3170 4989 infusam,
3189 4920 3258 4977 ut
3281 4915 3440 4976 alias
3451 4912 3735 4975 diximus

2153 5007 2234 5069 de
2263 5009 2522 5071 scientia
2549 5009 2776 5071 animae
2801 5008 3024 5071 Christi
3071 5014 3114 5071 ¹.
3147 5008 3388 5071 Deinde
3427 5006 3570 5070 dico
3605 5008 3735 5069 tol-

2152 5101 2406 5164 leudam
2462 5121 2600 5165 esse
2644 5102 3054 5182 quaestionem
3101 5102 3180 5165 de
3231 5101 3492 5164 nomine
3504 5123 3524 5177 3
3573 5119 3734 5163 nam

2149 5196 2200 5257 si
2232 5195 2374 5275 quis
2411 5197 2560 5259 velit
2607 5194 2784 5257 illum
2837 5211 3168 5259 assensum
3222 5212 3450 5257 vocare
3499 5192 3727 5271 fidem,

2151 5290 2300 5369 quia
2327 5289 2688 5351 immediate
2711 5288 3012 5351 fundatur
3029 5289 3092 5351 in
3119 5288 3480 5351 testimonio
3510 5288 3736 5351 dicen-

2149 5384 2251 5459 tis,
2281 5382 2688 5445 nihilominus
2724 5383 2932 5445 dicere
2960 5382 3149 5445 debet
3199 5388 3340 5444 esse
3385 5398 3736 5445 assensum

2234 5576 2248 5611 ¹
2283 5572 2522 5652 Disput.
2555 5572 2656 5633 29.
2689 5570 2768 5633 de
2793 5572 3039 5634 Incarn.
