3900 6217
837 328 1010 380 ster.
1043 329 1125 381 lv,
1161 328 1418 390 Qunam!
1447 327 1662 380 RERUM
1691 326 1866 380 noas
1899 325 2229 378 Exl’ucm
2259 325 2673 390 REQUmATUR.
2710 328 2847 380 mc.

197 426 362 487 fides
389 425 721 488 Trinitatis
738 434 802 489 et
849 427 1294 490 iucarnationis
1335 429 1403 488 in
1445 427 1553 488 illo
1593 429 1774 510 Sym·

199 520 371 588 bolo,
421 537 614 600 quam
655 523 738 582 sit
787 522 1073 583 omnibus
1115 521 1192 582 ad
1243 520 1508 582 salutem
1561 539 1773 582 neces·

202 613 464 673 sarium.
497 611 908 691 intelligenda
937 620 1082 674 sunt
1102 631 1253 692 ergo
1281 613 1388 673 illa
1419 613 1608 674 verba
1629 630 1773 675 cum

203 705 546 783 partitione
589 707 1092 778 accommodata3
1130 724 1279 766 nam
1330 705 1643 780 Ecclesiae,
1697 712 1760 767 et

201 798 586 878 pastoribus,
629 817 702 859 ac
739 800 1092 860 doctoribus
1117 801 1256 880 ejus
1293 800 1632 860 necessaria
1675 806 1770 861 est

197 891 353 952 fides
383 893 550 954 adeo
577 893 870 972 explicita
885 909 906 970 3
939 893 1078 954 aliis
1105 895 1294 954 etiam
1340 893 1628 953 omnibus
1663 911 1772 954 ne·

199 985 546 1044 eessarium
595 992 712 1060 ost,
771 991 842 1046 ut
895 986 1052 1046 nihil
1117 1004 1332 1047 eorum
1379 986 1770 1060 discredent3

197 1077 472 1155 positive
520 1085 736 1140 autem
769 1079 1072 1141 credendo
1119 1080 1344 1140 sufficit
1390 1078 1772 1159 simplicibus

195 1188 266 1229 ea
317 1176 542 1232 tenere
601 1172 914 1250 explicite,
967 1191 1106 1252 quae
1163 1173 1244 1233 ad
1301 1191 1482 1232 suum
1541 1178 1772 1232 statum

195 1263 544 1340 pertinent,
585 1265 829 1344 reliqua
889 1272 1100 1326 autem
1155 1266 1474 1345 implicite,
1521 1265 1592 1326 in
1650 1265 1774 1326 fide

195 1357 516 1420 Ecclesiae.
577 1359 674 1418 Ad
729 1360 867 1419 loca
912 1363 1166 1420 Petrum
1218 1367 1280 1419 et
1339 1361 1777 1438 congruentias

191 1454 340 1508 satis
369 1468 454 1510 ex
473 1451 662 1510 dictis
685 1467 1042 1528 responsum
1079 1457 1188 1512 est.
1233 1450 1402 1525 Quod
1459 1469 1606 1512 vero
1635 1457 1776 1512 tan-

193 1542 340 1602 dem
363 1543 649 1618 additur,
690 1545 844 1622 quia
889 1548 1068 1606 satra
1115 1544 1462 1608 Ecclesiam
1515 1562 1636 1607 non
1687 1551 1776 1608 eet

191 1636 392 1709 salus,
413 1635 638 1715 aliqui,
677 1643 746 1696 ιιι
768 1637 978 1698 videre
999 1638 1148 1699 licet
1173 1639 1238 1698 in
1267 1639 1458 1712 Cane,
1485 1639 1560 1698 de
1576 1638 1772 1711 Locis,

193 1729 397 1807 eapite
437 1731 520 1804 3,
553 1730 776 1790 dicunt
810 1731 1288 1810 propositionem
1327 1733 1498 1793 illam
1549 1732 1776 1792 intelli-

197 1823 482 1899 gendum
509 1840 648 1883 esse
687 1823 764 1884 de
803 1825 1082 1902 generali
1129 1825 1422 1899 Ecclesia,
1451 1833 1638 1904 prout
1658 1825 1778 1886 fuit

197 1933 474 1994 semper,
517 1923 584 1976 et
617 1935 746 1976 non
785 1917 864 1977 d‘c
906 1917 1037 1978 sola
1081 1916 1376 1990 Ecclesia,
1419 1925 1600 1998 prout
1641 1937 1778 1998 spe-

197 2009 442 2070 cialiter
469 2015 574 2070 est
596 2029 635 2070 a
659 2011 905 2071 Christo
927 2012 1246 2086 instituta3
1279 2013 1384 2072 sed
1411 2031 1538 2074 non
1577 2012 1776 2092 placet

198 2103 554 2179 responsio,
611 2109 748 2164 tum
810 2104 958 2183 quia
1027 2105 1300 2166 Ecclesia
1368 2124 1612 2185 semper
1683 2111 1778 2167 est

201 2211 370 2272 nua3
404 2202 550 2256 tum
583 2197 772 2258 etiam
803 2199 952 2277 quia
975 2198 1246 2260 Conc‘ilia
1271 2218 1487 2261 revera
1517 2199 1780 2278 loquun-

199 2293 308 2347 tur
331 2290 414 2349 de
446 2289 568 2350 hac
597 2290 872 2351 Ecclesia
913 2291 1158 2368 Christi,
1203 2299 1266 2353 ει
1309 2293 1386 2354 de
1445 2293 1552 2353 illa
1599 2310 1780 2372 opor·

199 2387 292 2440 tet
351 2383 422 2442 in
482 2384 700 2464 aliquo
757 2403 944 2445 sensu
991 2385 1334 2461 verificari,
1390 2386 1554 2466 quod
1608 2393 1783 2447 extra

203 2474 380 2534 illam
409 2494 605 2537 nemo
638 2478 928 2539 salvetur.
958 2478 1173 2540 Melius
1213 2497 1362 2558 ergo
1405 2479 1782 2560 responden-

209 2569 356 2628 dum
379 2570 578 2646 juxta
619 2571 1086 2634 distinctionem
1135 2572 1344 2634 datam
1393 2576 1470 2635 de
1522 2574 1784 2634 necessi-

209 2668 330 2722 tate
359 2663 436 2723 in
464 2683 536 2724 re
569 2665 670 2726 vel
701 2667 768 2725 iu
801 2673 946 2726 voto
979 2689 994 2740 3
1031 2667 1116 2726 ita
1143 2668 1310 2728 enim
1335 2687 1520 2729 nemo
1547 2668 1774 2730 salvari

209 2761 428 2832 potest,
451 2757 581 2818 nisi
606 2757 770 2818 hauc
792 2758 1016 2819 Christi
1052 2758 1384 2822 Ecclesiam
1415 2761 1512 2822 vel
1558 2763 1626 2822 in
1677 2780 1768 2835 re,

211 2848 300 2910 vel
327 2851 400 2910 in
443 2859 596 2912 voto
623 2851 844 2912 saltem
898 2859 962 2912 et
1013 2852 1318 2914 desiderio
1361 2855 1770 2932 ingrediatur.

219 2940 292 3000 lta
327 2943 676 3020 respondet
722 2943 792 3004 in
839 2943 1030 3004 simili
1079 2945 1509 3022 Bellarminus,
1567 2946 1675 3008 lib.
1734 2949 1773 3008 3

219 3035 282 3094 de
309 3035 620 3110 Ecclesia,
645 3055 702 3096 c.
758 3040 816 3100 3.
877 3039 1102 3116 Estque
1149 3039 1572 3114 manifestum,
1627 3042 1776 3120 quia

211 3128 420 3190 nullus
449 3137 548 3190 est
584 3130 648 3190 in
699 3149 769 3191 re
821 3131 954 3210 ipsa
1003 3132 1170 3192 intra
1213 3131 1376 3192 hanc
1413 3133 1772 3210 Ecclesiam,

209 3223 328 3282 nisi
351 3221 712 3301 baptizatus
755 3225 858 3300 sit,
907 3231 968 3285 ει
1007 3231 1220 3285 tamen
1271 3225 1492 3288 salvari
1548 3233 1772 3307 potest,

211 3317 356 3394 quia
407 3316 576 3377 sicut
624 3317 718 3377 illi
761 3317 988 3378 sufficit
1050 3323 1265 3378 votum
1328 3318 1641 3400 baptismi,
1689 3323 1778 3382 ita

209 3410 400 3470 etiam
457 3416 680 3471 votum
741 3411 1132 3489 ingrediendi
1187 3412 1558 3486 Ecclesiam3
1611 3415 1778 3476 idem

209 3521 358 3579 ergo
397 3521 518 3564 nos
566 3504 829 3564 dicimus
873 3505 954 3566 de
993 3524 1386 3586 quocumque
1431 3506 1600 3568 fideli
1635 3525 1780 3570 vere

211 3597 574 3673 poenitente,
605 3597 718 3676 qui
765 3597 1106 3677 baptizatus
1137 3616 1264 3659 non
1313 3600 1415 3675 sit,
1467 3601 1596 3661 sive
1641 3619 1782 3682 per-

211 3689 456 3749 venerit
491 3689 572 3749 ad
619 3688 1191 3769 fidemexplicitam
1223 3691 1466 3768 Christi,
1494 3693 1620 3754 sive
1643 3700 1784 3754 tan-

213 3787 344 3841 tum
386 3783 466 3842 ad
517 3782 887 3862 implicitam
922 3805 939 3858 ;
987 3801 1138 3844 nam
1186 3803 1298 3864 per
1341 3785 1514 3846 illam
1553 3786 1784 3850 habere

219 3881 412 3953 potest
488 3883 706 3936 votum
769 3876 988 3936 saltem
1041 3876 1438 3956 implicitum,
1473 3880 1636 3958 quod
1683 3900 1777 3941 sa-

219 3969 294 4028 tis
335 3980 430 4030 est
469 3977 752 4049 respectu
808 3969 1122 4050 baptismi,
1161 3976 1234 4031 ιιι
1281 3971 1348 4032 Ι).
1405 3971 1672 4033 Thomas
1709 3975 1778 4034 in

221 4063 359 4122 locis
384 4081 570 4142 supra
599 4063 880 4142 allegatis
906 4063 1106 4124 docet.

295 4159 392 4217 23.
433 4157 542 4218 Aa
573 4156 1040 4233 fundamentum
1064 4161 1338 4222 secunde
1369 4162 1684 4224 sententia·
1711 4160 1779 4222 in

221 4269 280 4310 n.
309 4249 580 4311 9.-Ad
607 4248 1086 4310 fundamentum
1133 4251 1390 4313 alterius
1428 4257 1773 4316 sententiae.

225 4343 376 4421 quod
413 4342 723 4423 praecipue
767 4343 1128 4406 sumebatur
1166 4363 1243 4406 ex
1283 4345 1446 4407 facto
1486 4348 1776 4423 Cornelii,

225 4435 658 4514 respondemus
683 4435 753 4495 in
792 4436 1010 4514 primis
1051 4454 1070 4498 t
1098 4438 1146 4498 si
1179 4457 1328 4500 vera
1349 4447 1504 4502 essct
1542 4441 1784 4520 aliquo-

227 4547 352 4589 rum
401 4529 716 4590 sententia
739 4576 752 4598 ,
818 4529 1160 4592 «licentium
1224 4531 1577 4594 Cornelium
1652 4553 1780 4594 non

225 4625 396 4684 fnisse
453 4622 892 4703 justificatum,
947 4624 1308 4704 priusquam
1350 4626 1592 4687 audiret
1633 4645 1784 4706 prae-

227 4717 590 4779 dicationem
628 4718 816 4790 Petri,
847 4735 1034 4796 quam
1060 4719 1444 4796 Augustinus
1481 4725 1542 4780 et
1587 4719 1786 4798 Chry-

223 4819 516 4873 sostomus
542 4811 612 4871 in
642 4810 793 4872 locis
820 4830 1012 4890 supra
1045 4813 1246 4872 citatis
1278 4813 1620 4888 insinuaut,
1640 4815 1787 4893 jux-

225 4909 280 4963 ta
317 4905 494 4966 illam
539 4922 732 4966 ruere
781 4904 1296 4980 fundamentum,
1353 4906 1502 4984 quia
1553 4925 1628 4966 ex
1670 4907 1776 4967 illo

223 4999 372 5057 facto
427 5017 562 5058 non
615 4995 939 5076 probatur,
981 4997 1146 5076 quod
1217 4997 1406 5057 fuerit
1463 4997 1778 5060 Cornelius

217 5091 578 5166 justificatus
629 5108 745 5169 per
811 5089 998 5150 fidem
1077 5087 1444 5169 implicitam
1515 5091 1736 5152 Christi
1755 5107 1776 5167 3

226 5182 624 5244 nihilomiuus
651 5189 862 5244 tamen
885 5190 957 5244 ιιι
985 5184 1052 5244 ιιι
1075 5182 1184 5244 lib.
1220 5186 1246 5242 1
1279 5182 1356 5242 de
1371 5183 1602 5258 Gratia,
1635 5202 1769 5262 cap.

225 5277 282 5346 t,
313 5293 350 5337 a
391 5293 572 5337 num.
613 5277 681 5351 9,
704 5275 901 5336 latius
933 5276 1086 5350 dixi,
1114 5274 1496 5354 probabilius
1518 5282 1610 5336 est
1632 5277 1774 5337 Cor-

231 5367 451 5428 nelium
487 5369 684 5430 fuisse
735 5367 994 5449 justum,
1040 5367 1291 5449 quando
1319 5369 1556 5449 accepit
1603 5387 1776 5432 reve-

235 5459 508 5524 lationem
539 5467 615 5524 ut
657 5461 956 5525 nuncium
1005 5461 1088 5522 ad
1142 5462 1394 5524 Petrum
1453 5462 1727 5524 mitteret
1754 5483 1775 5537 ;

3299 323 3417 384 359

1851 427 1917 488 id
1948 427 2119 488 enim
2146 444 2273 487 non
2302 426 2558 488 obscure
2606 426 2919 504 colligitur
2972 444 3047 488 ex
3095 431 3294 503 textu,
3356 437 3421 490 ει

1852 527 1944 582 est
1964 521 2357 581 communior
2388 521 2697 582 sententia
2710 521 2983 582 Patrum.
3021 521 3153 594 Quo
3191 522 3413 598 posite,

1853 613 2297 693 respondemus
2320 631 2443 674 non
2476 613 2613 674 ideo
2644 614 2897 676 Petrum
2920 613 3109 674 fuisse
3157 616 3417 676 missum

1852 706 1932 766 ad
1957 705 2350 780 Cornelium,
2382 705 2530 784 quia
2574 724 2714 766 cnm
2762 705 2871 766 illa
2920 703 3041 766 fide
3079 713 3143 766 et
3182 707 3423 786 justitia

1849 817 2039 878 quam
2060 799 2193 878 jam
2236 798 2524 872 babebat,
2580 798 2752 860 nullo
2803 799 2989 860 modo
3040 799 3263 862 salvari
3310 819 3419 880 po-

1850 895 2093 967 tuisset,
2124 893 2227 954 sed
2256 893 2563 971 imprimis
2610 893 2760 972 quia
2812 893 2921 954 illa
2944 891 3095 954 fides
3140 899 3273 954 erat
3309 912 3419 972 per

1853 1005 1920 1048 se
1945 986 2262 1066 loquendo
2303 986 2433 1065 jam
2477 987 2838 1062 necessaria,
2896 993 2958 1050 ει
2996 994 3067 1049 ιιι
3117 987 3421 1068 baptizari

1855 1087 2084 1161 posset,
2119 1098 2245 1141 non
2275 1086 2513 1140 tantum
2546 1087 2715 1154 vote,
2756 1081 2861 1142 sed
2898 1099 2963 1142 re
2999 1082 3155 1161 ipsa,
3202 1087 3272 1142 ιιι
3324 1087 3419 1140 est

1852 1192 1963 1253 per
2007 1192 2073 1234 se
2137 1172 2445 1251 loquendo
2519 1174 2955 1248 necessarium,
3017 1175 3176 1235 sicut
3224 1193 3414 1254 supra

1852 1267 2125 1328 diximus
2166 1267 2328 1328 circa
2364 1267 2786 1328 testimoninm
2834 1268 3189 1346 Augustini.
3242 1269 3421 1329 Dein-

1853 1359 1952 1434 de,
1985 1377 2341 1439 quanquam
2371 1377 2495 1420 nou
2519 1368 2675 1419 esset
2704 1366 2879 1420 tauta
2912 1362 3259 1434 necessitas,
3286 1380 3421 1422 cer-

1853 1459 1913 1514 te
1956 1458 2207 1530 propter
2239 1469 2533 1526 magnam
2588 1453 2921 1514 utilitatem
2970 1459 3031 1514 et
3080 1455 3420 1514 sanctitatis

1852 1552 2285 1624 augmentum,
2327 1551 2389 1605 et
2439 1551 2509 1605 ιιι
2548 1543 2725 1606 fieret
2770 1563 2961 1624 capax
3012 1545 3273 1606 aliorum
3322 1565 3422 1606 sa·

1854 1643 2339 1710 eramentorum,
2390 1638 2609 1698 merito
2676 1637 2767 1698 illi
2814 1637 2949 1698 fieri
3001 1645 3240 1717 poterat
3286 1646 3422 1698 tan-

1856 1739 1993 1791 tum
2039 1731 2429 1792 beneficium.
2487 1733 2574 1790 Ac
2630 1731 2898 1810 denique
2940 1731 3195 1791 adverto
3244 1733 3419 1792 illam

1853 1824 2299 1886 revelationem
2334 1843 2459 1884 non
2510 1825 2699 1884 fuisse
2746 1825 2973 1886 factam
3032 1826 3211 1885 Petro
3251 1827 3422 1904 prin.-

1853 1918 2134 1998 ripaliter
2163 1927 2413 1998 propter
2442 1919 2819 1992 Cornelium,
2863 1921 2969 1978 sed
3031 1925 3281 1998 propter
3326 1927 3420 1980 to-

1853 2017 1985 2072 tam
2024 2011 2460 2088 gentilitatem.
2495 2011 2847 2072 Advenerat
2874 2016 3043 2072 enim
3086 2013 3215 2091 jam
3260 2019 3423 2074 tem·-

1855 2121 1971 2182 pus
1998 2121 2037 2164 a
2070 2104 2190 2164 Deo
2218 2103 2568 2180 delinitum,
2608 2111 2681 2165 ιιι
2730 2117 2943 2182 gentes
2970 2105 3049 2165 ad
3090 2106 3419 2168 Ecclesiam

1858 2197 2083 2257 Christi
2110 2197 2355 2276 publice
2378 2207 2770 2272 vocarentur,
2790 2198 2955 2277 quod
2972 2205 3158 2260 autea
3188 2199 3421 2260 iactum

1859 2307 1988 2350 non
2012 2297 2173 2367 erat3
2206 2290 2402 2351 voluit
2430 2297 2641 2352 autem
2670 2291 2829 2352 Deus
2858 2298 2927 2353 ιιι
2980 2292 3082 2353 illa
3134 2293 3422 2371 praedica-

1861 2384 1948 2442 tio
1972 2383 2275 2462 inciperet
2324 2403 2363 2444 a
2418 2384 2689 2463 quodam
2716 2384 2968 2445 homine
2998 2387 3190 2464 justo,
3240 2392 3301 2446 ct
3352 2385 3421 2446 in

1859 2494 1984 2556 quo
2030 2477 2145 2536 sibi
2192 2477 2349 2538 bene
2396 2477 2749 2557 placuerat3
2784 2477 2962 2538 illum
3010 2478 3179 2538 enim
3216 2477 3419 2555 elege-

1862 2576 1959 2630 rat
1983 2579 2055 2630 ut
2082 2577 2239 2630 esset
2264 2570 2439 2650 quasi
2472 2570 2761 2648 primitiae
2794 2571 3073 2648 gentium
3093 2578 3231 2652 post
3249 2571 3421 2632 Chri·

1851 2663 1932 2724 sti
1959 2671 2245 2725 mortem.

1933 2759 2036 2818 24.
2080 2754 2179 2818 Ad
2202 2757 2605 2836 conjecturam
2640 2756 2787 2818 ibid.
2816 2791 2895 2802 —
2914 2755 3101 2820 Fides
3134 2757 3423 2839 exeplicita

1857 2849 2089 2914 Christi
2112 2848 2293 2913 etiam
2317 2854 2726 2929 postmortem
2740 2866 2851 2927 per
2874 2866 2937 2911 eo
2954 2866 3068 2912 non
3087 2851 3421 2930 requireba-

1854 2949 1959 3006 tm·
1984 2947 2121 3006 ante
2163 2943 2338 3004 illiue
2364 2941 2705 3006 adventum.
2732 2973 2815 2988 -—
2832 2941 2925 3004 Ad
2950 2961 3127 3021 congi
3143 2946 3420 3004 neutiam

1855 3054 2043 3115 quam
2078 3036 2312 3114 exlege
2331 3035 2525 3096 veteri
2572 3035 2683 3096 illa
2718 3036 2929 3113 opinio
2956 3035 3262 3110 sumebat,
3292 3055 3421 3098 res·

1854 3130 2096 3210 pondeo
2115 3131 2293 3208 parvi
2314 3149 2445 3190 esse
2468 3131 2793 3203 momenti,
2814 3130 3047 3209 alioqui
3075 3129 3261 3192 simili
3289 3149 3422 3192 mo-

1855 3225 1936 3282 do
1965 3221 2213 3302 probari
2250 3229 2455 3303 posset
2476 3223 2767 3295 infantae,
2801 3223 2913 3302 qui
2944 3241 3107 3284 nunc
3146 3224 3421 3285 moriun-

1856 3323 1962 3376 tur
1990 3333 2131 3376 cum
2162 3316 2290 3376 solo
2316 3317 2645 3396 baptismO,
2680 3315 3044 3377 detinendos
3066 3334 3195 3378 esse
3212 3317 3421 3398 aliquo

1857 3414 2137 3489 tempore
2164 3416 2309 3469 ante
2340 3411 2689 3487 ingressum
2732 3408 2967 3487 gloriae,
3005 3418 3075 3470 ut
3110 3412 3282 3491 prius
3314 3429 3422 3472 ex·

1859 3504 2067 3584 plicite
2098 3503 2166 3564 iu
2194 3505 2507 3566 Christum
2545 3505 2821 3580 credant,
2853 3503 3000 3583 quia
3042 3505 3229 3566 etiam
3283 3505 3423 3584 lege

1863 3602 2107 3658 naturae
2136 3597 2235 3660 vel
2262 3597 2492 3677 scripta
2534 3598 2744 3658 nullus
2770 3598 2977 3660 infans
3004 3598 3071 3658 iu
3110 3599 3313 3676 gratia
3362 3603 3427 3660 ει

1858 3691 2097 3768 justitia
2148 3690 2479 3750 defunctus
2528 3690 2685 3750 vidit
2732 3691 2927 3752 Deum
2960 3733 2980 3764 ,
3056 3691 3423 3771 priusquam

1862 3789 2136 3862 speraret
2187 3784 2251 3843 iu
2302 3782 2520 3859 limbo,
2566 3788 2629 3844 et
2656 3789 3101 3864 consequenter
3148 3784 3427 3846 crederet

1863 3878 2053 3938 etiam
2076 3877 2144 3937 in
2168 3876 2498 3938 Christum.
2535 3877 2682 3938 Dico
2706 3894 2855 3954 ergo
2883 3876 3094 3952 fidem,
3117 3895 3255 3956 quae
3276 3883 3427 3938 tuuc

1857 3975 2279 4050 postmortem
2300 3969 2559 4030 durabat
2576 3977 2639 4031 et
2666 3969 3092 4045 exercebatur,
3114 3970 3211 4031 vel
3234 3969 3425 4031 etiam

1857 4062 2201 4141 augebatur
2240 4062 2443 4142 quoad
2484 4069 2713 4137 actum,
2758 4081 2884 4123 non
2914 4062 3103 4124 fuisse
3130 4081 3241 4142 per
3268 4081 3333 4124 se
3360 4070 3425 4123 et

1857 4157 1937 4217 ob
1966 4156 2389 4217 necessitatem
2435 4155 2605 4230 fidei,
2636 4157 2744 4218 se'd
2775 4157 2952 4236 quasi
2990 4155 3427 4218 consecutione

1859 4250 2131 4330 quadam
2177 4248 2257 4308 ob
2301 4248 2831 4328 imperfectionem
2878 4249 3045 4310 illins
3088 4255 3304 4324 stante,
3360 4250 3429 4308 in

1859 4360 1983 4422 quo
2016 4342 2299 4404 nondum
2350 4341 2553 4403 fuerat
2596 4343 2792 4422 janua
2836 4342 3014 4421 regni
3060 4348 3273 4421 aperta
3318 4359 3431 4420 per

1859 4437 2081 4500 Christi
2111 4445 2396 4499 mortem.
2423 4438 2533 4498 illa
2552 4456 2698 4499 vero
2720 4437 3103 4516 imperfectio
3110 4438 3243 4514 jam
3261 4455 3429 4498 nunc

1863 4530 2147 4606 cessavit,
2182 4537 2243 4593 ει
2284 4530 2424 4590 ideo
2452 4530 2603 4591 fides
2630 4530 2883 4592 alterius
2918 4530 3062 4590 vitm
3090 4547 3202 4609 per
3228 4548 3293 4591 se
3321 4547 3432 4590 ne-

1864 4625 2127 4686 cessaria
2172 4642 2299 4686 non
2328 4631 2443 4698 est,
2492 4624 2599 4686 sed
2629 4643 2740 4704 per
2784 4624 3068 4686 accidens
3094 4623 3295 4684 solum
3348 4621 3429 4684 ob

1864 4719 2378 4799 impedimentum
2404 4763 2423 4793 ,
2483 4724 2733 4800 propter
2788 4717 2954 4796 quod
3020 4718 3211 4779 etiam
3261 4735 3432 4777 nunc

1864 4812 2049 4891 pauci
2076 4817 2223 4871 sunt
2245 4812 2466 4883 adulti,
2502 4813 2607 4892 qui
2638 4818 2774 4891 post
2802 4818 3068 4873 mortem
3095 4811 3283 4872 fidem
3309 4829 3437 4872 nou

1857 4911 2183 4966 exerceant
2206 4905 2273 4964 in
2296 4905 2511 4984 aliquo
2539 4912 2843 4985 tempore,
2868 4905 3169 4966 nimirum
3192 4904 3257 4964 in
3284 4923 3439 4990 pur:

1861 4997 2121 5076 gatori0,
2170 4998 2321 5076 quia
2366 4997 2605 5058 habent
2663 4999 2983 5078 personale
3024 4997 3439 5078 impedimen-

1859 5097 2021 5164 tum,
2049 5096 2120 5150 ut
2146 5109 2275 5150 non
2300 5091 2534 5170 possint
2562 5091 2773 5150 statim
2815 5092 2881 5150 ιιι
2908 5091 3134 5152 coelum
3162 5089 3429 5150 evolare.

1862 5185 1938 5244 Et
1970 5202 2047 5246 ex
2074 5183 2189 5244 hac
2218 5191 2391 5264 parte
2435 5182 2703 5244 multum
2754 5183 3095 5244 verisimile
3148 5189 3264 5256 est,
3298 5182 3437 5242 nul·

1859 5277 1991 5338 lum
2008 5276 2292 5338 adultum
2334 5277 2671 5338 habentem
2714 5279 2907 5338 solam
2960 5275 3149 5336 fidem
3174 5274 3441 5355 implici-

1857 5377 1991 5431 tam
2019 5369 2239 5430 Christi
2259 5371 2522 5432 transire
2579 5369 2943 5431 immediate
2999 5368 3081 5429 ab
3125 5373 3291 5428 statu
3318 5367 3437 5429 hu-

1859 5463 1957 5543 jus
1984 5465 2131 5524 vitae
2165 5465 2243 5524 ai
2268 5469 2501 5524 statum
2540 5463 2781 5544 gloriae,
2816 5463 2971 5544 quia
2997 5462 3102 5522 vix
3142 5461 3283 5524 fieri
3332 5480 3445 5544 po-
