<?xml version="1.0" encoding="UTF-8"?>
<!DOCTYPE html PUBLIC "-//W3C//DTD XHTML 1.0 Transitional//EN"
    "http://www.w3.org/TR/xhtml1/DTD/xhtml1-transitional.dtd">
<html xmlns="http://www.w3.org/1999/xhtml" xml:lang="en" lang="en">
 <head>
  <title>
</title>
<meta http-equiv="Content-Type" content="text/html;charset=utf-8" />
  <meta name='ocr-system' content='tesseract 3.04.00' />
  <meta name='ocr-capabilities' content='ocr_page ocr_carea ocr_par ocr_line ocrx_word'/>
</head>
<body>
  <div class='ocr_page' id='page_1' title='image "./rpfranciscisuar00duvagoog_0244.png"; bbox 0 0 3900 6217; ppageno 0'>
   <div class='ocr_carea' id='block_1_1' title="bbox 522 295 642 358">
    <p class='ocr_par' dir='ltr' id='par_1_1' title="bbox 522 295 642 358">
     <span class='ocr_line' id='line_1_1' title="bbox 522 295 642 358; baseline 0 0"><span class='ocrx_word' id='word_1_1' title='bbox 522 295 642 358; x_wconf 70' lang='lat'><strong>226</strong></span> 
     </span>
    </p>
   </div>
   <div class='ocr_carea' id='block_1_2' title="bbox 934 299 3317 362">
    <p class='ocr_par' dir='ltr' id='par_1_2' title="bbox 934 299 3317 362">
     <span class='ocr_line' id='line_1_2' title="bbox 934 299 3317 362; baseline -0.001 -8"><span class='ocrx_word' id='word_1_2' title='bbox 934 300 1173 354; x_wconf 78' lang='lat' dir='ltr'><strong>msPUT.</strong></span> <span class='ocrx_word' id='word_1_3' title='bbox 1210 301 1333 354; x_wconf 82' lang='lat' dir='ltr'><strong>vul.</strong></span> <span class='ocrx_word' id='word_1_4' title='bbox 1372 301 1452 356; x_wconf 74' lang='grc' dir='ltr'><strong>ΒΕ</strong></span> <span class='ocrx_word' id='word_1_5' title='bbox 1483 300 1911 356; x_wconf 70' lang='grc' dir='ltr'><strong>ΒΙὲΤΙΝὓΤΙΟΝΕ</strong></span> <span class='ocrx_word' id='word_1_6' title='bbox 1942 301 2109 358; x_wconf 72' lang='lat' dir='ltr'>FIDE!</span> <span class='ocrx_word' id='word_1_7' title='bbox 2141 303 2226 356; x_wconf 75' lang='lat' dir='ltr'><strong>AB</strong></span> <span class='ocrx_word' id='word_1_8' title='bbox 2255 303 2522 360; x_wconf 68' lang='lat' dir='ltr'><strong>ominus</strong></span> <span class='ocrx_word' id='word_1_9' title='bbox 2555 302 2738 359; x_wconf 69' lang='lat' dir='ltr'><strong>BONIS</strong></span> <span class='ocrx_word' id='word_1_10' title='bbox 2769 301 2850 354; x_wconf 77' lang='lat' dir='ltr'><strong>ET</strong></span> <span class='ocrx_word' id='word_1_11' title='bbox 2877 299 3147 362; x_wconf 61' lang='lat' dir='ltr'><strong>Gnarus.</strong></span> <span class='ocrx_word' id='word_1_12' title='bbox 3181 301 3317 356; x_wconf 71' lang='lat' dir='ltr'><strong>mc.</strong></span> 
     </span>
    </p>
   </div>
   <div class='ocr_carea' id='block_1_3' title="bbox 522 400 3743 582">
    <p class='ocr_par' dir='ltr' id='par_1_3' title="bbox 522 400 3743 582">
     <span class='ocr_line' id='line_1_3' title="bbox 522 400 3743 484; baseline 0 -22"><span class='ocrx_word' id='word_1_13' title='bbox 522 403 727 484; x_wconf 83' lang='lat' dir='ltr'><strong>gratia</strong></span> <span class='ocrx_word' id='word_1_14' title='bbox 772 401 906 464; x_wconf 84' lang='lat' dir='ltr'><strong>haec</strong></span> <span class='ocrx_word' id='word_1_15' title='bbox 943 400 1345 482; x_wconf 76' lang='lat' dir='ltr'><strong>distinguitur</strong></span> <span class='ocrx_word' id='word_1_16' title='bbox 1373 420 1412 463; x_wconf 92' lang='lat' dir='ltr'><strong>a</strong></span> <span class='ocrx_word' id='word_1_17' title='bbox 1450 401 1655 484; x_wconf 86' lang='lat' dir='ltr'><strong>gratia</strong></span> <span class='ocrx_word' id='word_1_18' title='bbox 1693 401 2080 482; x_wconf 87' lang='lat' dir='ltr'><strong>linguarum,</strong></span> <span class='ocrx_word' id='word_1_19' title='bbox 2163 403 2230 466; x_wconf 89' lang='lat' dir='ltr'><strong>in</strong></span> <span class='ocrx_word' id='word_1_20' title='bbox 2259 405 2464 466; x_wconf 89' lang='lat' dir='ltr'><strong>modo.</strong></span> <span class='ocrx_word' id='word_1_21' title='bbox 2498 403 2730 468; x_wconf 87' lang='lat' dir='ltr'><strong>Ultimo</strong></span> <span class='ocrx_word' id='word_1_22' title='bbox 2747 401 2998 464; x_wconf 90' lang='lat' dir='ltr'><strong>tandem</strong></span> <span class='ocrx_word' id='word_1_23' title='bbox 3027 400 3378 478; x_wconf 83' lang='lat' dir='ltr'><strong>resolvitur,</strong></span> <span class='ocrx_word' id='word_1_24' title='bbox 3407 418 3486 466; x_wconf 83' lang='lat' dir='ltr'><strong>ex</strong></span> <span class='ocrx_word' id='word_1_25' title='bbox 3515 417 3743 462; x_wconf 74' lang='lat' dir='ltr'><strong>novem</strong></span> 
     </span>
     <span class='ocr_line' id='line_1_4' title="bbox 524 493 3742 582; baseline -0.002 -22"><span class='ocrx_word' id='word_1_26' title='bbox 524 503 586 560; x_wconf 88' lang='lat' dir='ltr'><strong>et</strong></span> <span class='ocrx_word' id='word_1_27' title='bbox 612 497 749 558; x_wconf 86' lang='lat' dir='ltr'><strong>aliis</strong></span> <span class='ocrx_word' id='word_1_28' title='bbox 770 496 1170 557; x_wconf 81' lang='lat' dir='ltr'><strong>enumeratis.</strong></span> <span class='ocrx_word' id='word_1_29' title='bbox 1202 493 1477 557; x_wconf 83' lang='lat' dir='ltr'><strong>Tandem</strong></span> <span class='ocrx_word' id='word_1_30' title='bbox 1502 495 1727 556; x_wconf 83' lang='lat' dir='ltr'><strong>addere</strong></span> <span class='ocrx_word' id='word_1_31' title='bbox 1760 514 2087 577; x_wconf 77' lang='lat' dir='ltr'><strong>possumus</strong></span> <span class='ocrx_word' id='word_1_32' title='bbox 2163 499 2394 582; x_wconf 65' lang='lat' dir='ltr'><strong>pretiis</strong></span> <span class='ocrx_word' id='word_1_33' title='bbox 2419 499 2630 580; x_wconf 66' lang='lat' dir='ltr'><strong>pratis,</strong></span> <span class='ocrx_word' id='word_1_34' title='bbox 2665 497 2850 571; x_wconf 75' lang='lat' dir='ltr'><strong>datis,</strong></span> <span class='ocrx_word' id='word_1_35' title='bbox 2893 495 3194 575; x_wconf 88' lang='lat' dir='ltr'><strong>quinque,</strong></span> <span class='ocrx_word' id='word_1_36' title='bbox 3247 513 3402 576; x_wconf 81' lang='lat' dir='ltr'><strong>quas</strong></span> <span class='ocrx_word' id='word_1_37' title='bbox 3449 494 3742 574; x_wconf 80' lang='lat' dir='ltr'><strong>exposui-</strong></span> 
     </span>
    </p>
   </div>
   <div class='ocr_carea' id='block_1_4' title="bbox 479 589 2102 5251">
    <p class='ocr_par' dir='ltr' id='par_1_4' title="bbox 522 589 2093 1230">
     <span class='ocr_line' id='line_1_5' title="bbox 524 589 2086 670; baseline -0.001 -18"><span class='ocrx_word' id='word_1_38' title='bbox 524 591 806 652; x_wconf 86' lang='lat' dir='ltr'><strong>eamdem</strong></span> <span class='ocrx_word' id='word_1_39' title='bbox 832 591 1097 670; x_wconf 83' lang='lat' dir='ltr'><strong>gratiam</strong></span> <span class='ocrx_word' id='word_1_40' title='bbox 1114 589 1631 670; x_wconf 76' lang='lat' dir='ltr'><strong>interpretationis</strong></span> <span class='ocrx_word' id='word_1_41' title='bbox 1653 590 1968 652; x_wconf 89' lang='lat' dir='ltr'><strong>interdum</strong></span> <span class='ocrx_word' id='word_1_42' title='bbox 1980 591 2086 650; x_wconf 88' lang='lat' dir='ltr'><strong>da-</strong></span> 
     </span>
     <span class='ocr_line' id='line_1_6' title="bbox 522 683 2086 764; baseline 0 -18"><span class='ocrx_word' id='word_1_43' title='bbox 522 685 603 758; x_wconf 85' lang='lat' dir='ltr'><strong>ri,</strong></span> <span class='ocrx_word' id='word_1_44' title='bbox 641 691 712 745; x_wconf 84' lang='lat' dir='ltr'><strong>ut</strong></span> <span class='ocrx_word' id='word_1_45' title='bbox 739 684 875 764; x_wconf 88' lang='lat' dir='ltr'><strong>quis</strong></span> <span class='ocrx_word' id='word_1_46' title='bbox 909 683 1097 764; x_wconf 79' lang='lat' dir='ltr'><strong>possit</strong></span> <span class='ocrx_word' id='word_1_47' title='bbox 1140 689 1332 759; x_wconf 88' lang='lat' dir='ltr'><strong>recte,</strong></span> <span class='ocrx_word' id='word_1_48' title='bbox 1378 701 1451 744; x_wconf 90' lang='lat' dir='ltr'><strong>ac</strong></span> <span class='ocrx_word' id='word_1_49' title='bbox 1490 689 1676 764; x_wconf 87' lang='lat' dir='ltr'><strong>prout</strong></span> <span class='ocrx_word' id='word_1_50' title='bbox 1715 683 1968 764; x_wconf 82' lang='lat' dir='ltr'><strong>expedit</strong></span> <span class='ocrx_word' id='word_1_51' title='bbox 2007 683 2086 746; x_wconf 85' lang='lat' dir='ltr'><strong>ad</strong></span> 
     </span>
     <span class='ocr_line' id='line_1_7' title="bbox 523 774 2090 849; baseline 0.001 -13"><span class='ocrx_word' id='word_1_52' title='bbox 523 777 858 837; x_wconf 81' lang='lat' dir='ltr'><strong>utilitatem</strong></span> <span class='ocrx_word' id='word_1_53' title='bbox 921 774 1210 836; x_wconf 84' lang='lat' dir='ltr'><strong>Ecclesiae</strong></span> <span class='ocrx_word' id='word_1_54' title='bbox 1240 821 1259 849; x_wconf 85' lang='lat'><strong>,</strong></span> <span class='ocrx_word' id='word_1_55' title='bbox 1324 793 1563 838; x_wconf 88' lang='lat' dir='ltr'><strong>sacram</strong></span> <span class='ocrx_word' id='word_1_56' title='bbox 1620 776 1971 838; x_wconf 77' lang='lat' dir='ltr'><strong>doctrinam</strong></span> <span class='ocrx_word' id='word_1_57' title='bbox 2027 784 2090 839; x_wconf 88' lang='lat' dir='ltr'><strong>et</strong></span> 
     </span>
     <span class='ocr_line' id='line_1_8' title="bbox 526 867 2084 948; baseline 0.001 -18"><span class='ocrx_word' id='word_1_58' title='bbox 526 869 905 948; x_wconf 85' lang='lat' dir='ltr'><strong>Scripturam</strong></span> <span class='ocrx_word' id='word_1_59' title='bbox 932 886 1008 930; x_wconf 84' lang='lat' dir='ltr'><strong>ex</strong></span> <span class='ocrx_word' id='word_1_60' title='bbox 1034 885 1161 928; x_wconf 86' lang='lat' dir='ltr'><strong>una</strong></span> <span class='ocrx_word' id='word_1_61' title='bbox 1181 867 1399 946; x_wconf 87' lang='lat' dir='ltr'><strong>lingua</strong></span> <span class='ocrx_word' id='word_1_62' title='bbox 1422 869 1489 930; x_wconf 89' lang='lat' dir='ltr'><strong>in</strong></span> <span class='ocrx_word' id='word_1_63' title='bbox 1518 868 1706 932; x_wconf 91' lang='lat' dir='ltr'><strong>aliam</strong></span> <span class='ocrx_word' id='word_1_64' title='bbox 1730 871 2084 933; x_wconf 76' lang='lat' dir='ltr'><strong>transterre.</strong></span> 
     </span>
     <span class='ocr_line' id='line_1_9' title="bbox 526 962 2093 1045; baseline 0.002 -22"><span class='ocrx_word' id='word_1_65' title='bbox 526 964 653 1023; x_wconf 90' lang='lat' dir='ltr'><strong>Hoc</strong></span> <span class='ocrx_word' id='word_1_66' title='bbox 676 962 839 1024; x_wconf 86' lang='lat' dir='ltr'><strong>enim</strong></span> <span class='ocrx_word' id='word_1_67' title='bbox 875 981 1003 1023; x_wconf 89' lang='lat' dir='ltr'><strong>non</strong></span> <span class='ocrx_word' id='word_1_68' title='bbox 1028 979 1273 1042; x_wconf 84' lang='lat' dir='ltr'><strong>semper</strong></span> <span class='ocrx_word' id='word_1_69' title='bbox 1298 968 1713 1042; x_wconf 85' lang='lat' dir='ltr'><strong>assequuntur</strong></span> <span class='ocrx_word' id='word_1_70' title='bbox 1740 981 1956 1026; x_wconf 87' lang='lat' dir='ltr'><strong>omnes</strong></span> <span class='ocrx_word' id='word_1_71' title='bbox 1983 964 2093 1045; x_wconf 84' lang='lat' dir='ltr'><strong>qui</strong></span> 
     </span>
     <span class='ocr_line' id='line_1_10' title="bbox 525 1053 2093 1137; baseline 0.002 -21"><span class='ocrx_word' id='word_1_72' title='bbox 525 1053 806 1133; x_wconf 88' lang='lat' dir='ltr'><strong>linguam</strong></span> <span class='ocrx_word' id='word_1_73' title='bbox 836 1054 1107 1134; x_wconf 80' lang='lat' dir='ltr'><strong>aliquam</strong></span> <span class='ocrx_word' id='word_1_74' title='bbox 1143 1054 1521 1134; x_wconf 86' lang='lat' dir='ltr'><strong>intelligunt,</strong></span> <span class='ocrx_word' id='word_1_75' title='bbox 1556 1063 1619 1118; x_wconf 88' lang='lat' dir='ltr'><strong>et</strong></span> <span class='ocrx_word' id='word_1_76' title='bbox 1642 1056 1731 1118; x_wconf 89' lang='lat' dir='ltr'><strong>ita</strong></span> <span class='ocrx_word' id='word_1_77' title='bbox 1761 1062 1931 1137; x_wconf 87' lang='lat' dir='ltr'><strong>patet</strong></span> <span class='ocrx_word' id='word_1_78' title='bbox 1967 1075 2093 1120; x_wconf 86' lang='lat' dir='ltr'><strong>res·</strong></span> 
     </span>
     <span class='ocr_line' id='line_1_11' title="bbox 526 1148 1970 1230; baseline 0.001 -22"><span class='ocrx_word' id='word_1_79' title='bbox 526 1149 741 1230; x_wconf 85' lang='lat' dir='ltr'><strong>ponsio</strong></span> <span class='ocrx_word' id='word_1_80' title='bbox 782 1148 861 1208; x_wconf 89' lang='lat' dir='ltr'><strong>ad</strong></span> <span class='ocrx_word' id='word_1_81' title='bbox 887 1148 1145 1209; x_wconf 89' lang='lat' dir='ltr'><strong>dubium</strong></span> <span class='ocrx_word' id='word_1_82' title='bbox 1186 1149 1569 1228; x_wconf 86' lang='lat' dir='ltr'><strong>propositum</strong></span> <span class='ocrx_word' id='word_1_83' title='bbox 1603 1151 1671 1212; x_wconf 89' lang='lat' dir='ltr'><strong>in</strong></span> <span class='ocrx_word' id='word_1_84' title='bbox 1698 1169 1874 1212; x_wconf 86' lang='lat' dir='ltr'><strong>num.</strong></span> <span class='ocrx_word' id='word_1_85' title='bbox 1907 1152 1970 1212; x_wconf 85' lang='lat'><strong>9.</strong></span> 
     </span>
    </p>

    <p class='ocr_par' dir='ltr' id='par_1_5' title="bbox 479 1241 2102 4110">
     <span class='ocr_line' id='line_1_12' title="bbox 608 1241 2094 1327; baseline 0.001 -25"><span class='ocrx_word' id='word_1_86' title='bbox 608 1245 705 1302; x_wconf 83' lang='lat'><strong>11.</strong></span> <span class='ocrx_word' id='word_1_87' title='bbox 759 1242 1023 1304; x_wconf 79' lang='lat' dir='ltr'><strong>Dubium</strong></span> <span class='ocrx_word' id='word_1_88' title='bbox 1078 1243 1401 1305; x_wconf 74' lang='lat' dir='ltr'><strong>secundum</strong></span> <span class='ocrx_word' id='word_1_89' title='bbox 1440 1241 1805 1327; x_wconf 77' lang='lat' dir='ltr'><strong>principale.</strong></span> <span class='ocrx_word' id='word_1_90' title='bbox 1856 1273 1929 1290; x_wconf 92' lang='lat'><strong>·—-</strong></span> <span class='ocrx_word' id='word_1_91' title='bbox 1987 1244 2094 1304; x_wconf 89' lang='lat' dir='ltr'><strong>Est</strong></span> 
     </span>
     <span class='ocr_line' id='line_1_13' title="bbox 526 1333 2096 1417; baseline 0.003 -22"><span class='ocrx_word' id='word_1_92' title='bbox 526 1333 695 1395; x_wconf 86' lang='lat' dir='ltr'><strong>aliud</strong></span> <span class='ocrx_word' id='word_1_93' title='bbox 748 1333 1005 1396; x_wconf 89' lang='lat' dir='ltr'><strong>dubium</strong></span> <span class='ocrx_word' id='word_1_94' title='bbox 1031 1379 1053 1412; x_wconf 89' lang='lat'>‚</span> <span class='ocrx_word' id='word_1_95' title='bbox 1096 1355 1176 1398; x_wconf 91' lang='lat' dir='ltr'><strong>an</strong></span> <span class='ocrx_word' id='word_1_96' title='bbox 1224 1336 1401 1397; x_wconf 72' lang='lat' dir='ltr'><strong>dietae</strong></span> <span class='ocrx_word' id='word_1_97' title='bbox 1450 1340 1665 1416; x_wconf 68' lang='lat' dir='ltr'><strong>gratiae</strong></span> <span class='ocrx_word' id='word_1_98' title='bbox 1712 1337 1939 1399; x_wconf 84' lang='lat' dir='ltr'><strong>dentur</strong></span> <span class='ocrx_word' id='word_1_99' title='bbox 1981 1357 2096 1417; x_wconf 82' lang='lat' dir='ltr'><strong>per</strong></span> 
     </span>
     <span class='ocr_line' id='line_1_14' title="bbox 526 1429 2089 1512; baseline 0.001 -22"><span class='ocrx_word' id='word_1_100' title='bbox 526 1429 781 1490; x_wconf 89' lang='lat' dir='ltr'><strong>modum</strong></span> <span class='ocrx_word' id='word_1_101' title='bbox 812 1437 1007 1506; x_wconf 86' lang='lat' dir='ltr'><strong>actus,</strong></span> <span class='ocrx_word' id='word_1_102' title='bbox 1052 1449 1134 1491; x_wconf 88' lang='lat' dir='ltr'><strong>an</strong></span> <span class='ocrx_word' id='word_1_103' title='bbox 1168 1431 1354 1492; x_wconf 86' lang='lat' dir='ltr'><strong>ctiam</strong></span> <span class='ocrx_word' id='word_1_104' title='bbox 1384 1451 1497 1512; x_wconf 90' lang='lat' dir='ltr'><strong>per</strong></span> <span class='ocrx_word' id='word_1_105' title='bbox 1542 1431 1794 1494; x_wconf 89' lang='lat' dir='ltr'><strong>modum</strong></span> <span class='ocrx_word' id='word_1_106' title='bbox 1816 1430 2089 1492; x_wconf 87' lang='lat' dir='ltr'><strong>habitus.</strong></span> 
     </span>
     <span class='ocr_line' id='line_1_15' title="bbox 527 1522 2095 1605; baseline 0.003 -23"><span class='ocrx_word' id='word_1_107' title='bbox 527 1523 681 1583; x_wconf 89' lang='lat' dir='ltr'><strong>Nam</strong></span> <span class='ocrx_word' id='word_1_108' title='bbox 702 1524 769 1582; x_wconf 91' lang='lat' dir='ltr'><strong>D.</strong></span> <span class='ocrx_word' id='word_1_109' title='bbox 786 1522 1073 1598; x_wconf 90' lang='lat' dir='ltr'><strong>Thomas,</strong></span> <span class='ocrx_word' id='word_1_110' title='bbox 1096 1524 1474 1604; x_wconf 88' lang='lat' dir='ltr'><strong>ubicumque</strong></span> <span class='ocrx_word' id='word_1_111' title='bbox 1490 1525 1553 1586; x_wconf 87' lang='lat' dir='ltr'><strong>in</strong></span> <span class='ocrx_word' id='word_1_112' title='bbox 1570 1543 1801 1604; x_wconf 79' lang='lat' dir='ltr'><strong>genere</strong></span> <span class='ocrx_word' id='word_1_113' title='bbox 1821 1525 2095 1605; x_wconf 84' lang='lat' dir='ltr'><strong>loquitur</strong></span> 
     </span>
     <span class='ocr_line' id='line_1_16' title="bbox 528 1616 2092 1699; baseline 0.003 -23"><span class='ocrx_word' id='word_1_114' title='bbox 528 1616 605 1678; x_wconf 89' lang='lat' dir='ltr'><strong>de</strong></span> <span class='ocrx_word' id='word_1_115' title='bbox 631 1617 841 1698; x_wconf 71' lang='lat' dir='ltr'><strong>qratia</strong></span> <span class='ocrx_word' id='word_1_116' title='bbox 878 1618 1080 1698; x_wconf 69' lang='lat' dir='ltr'><strong>qratia</strong></span> <span class='ocrx_word' id='word_1_117' title='bbox 1105 1618 1273 1692; x_wconf 85' lang='lat' dir='ltr'><strong>data,</strong></span> <span class='ocrx_word' id='word_1_118' title='bbox 1299 1618 1545 1697; x_wconf 87' lang='lat' dir='ltr'><strong>judicat</strong></span> <span class='ocrx_word' id='word_1_119' title='bbox 1572 1618 1777 1680; x_wconf 88' lang='lat' dir='ltr'><strong>solum</strong></span> <span class='ocrx_word' id='word_1_120' title='bbox 1808 1618 1943 1680; x_wconf 88' lang='lat' dir='ltr'><strong>dari</strong></span> <span class='ocrx_word' id='word_1_121' title='bbox 1979 1636 2092 1699; x_wconf 87' lang='lat' dir='ltr'><strong>per</strong></span> 
     </span>
     <span class='ocr_line' id='line_1_17' title="bbox 529 1711 2090 1792; baseline 0.001 -20"><span class='ocrx_word' id='word_1_122' title='bbox 529 1713 784 1772; x_wconf 81' lang='lat' dir='ltr'><strong>modum</strong></span> <span class='ocrx_word' id='word_1_123' title='bbox 814 1718 1007 1788; x_wconf 72' lang='lat' dir='ltr'><strong>actus,</strong></span> <span class='ocrx_word' id='word_1_124' title='bbox 1039 1717 1101 1772; x_wconf 89' lang='lat' dir='ltr'><strong>et</strong></span> <span class='ocrx_word' id='word_1_125' title='bbox 1128 1711 1382 1774; x_wconf 81' lang='lat' dir='ltr'><strong>fortasse</strong></span> <span class='ocrx_word' id='word_1_126' title='bbox 1408 1711 1763 1792; x_wconf 85' lang='lat' dir='ltr'><strong>frequenter</strong></span> <span class='ocrx_word' id='word_1_127' title='bbox 1802 1713 1890 1774; x_wconf 85' lang='lat' dir='ltr'><strong>ita</strong></span> <span class='ocrx_word' id='word_1_128' title='bbox 1930 1713 2090 1774; x_wconf 87' lang='lat' dir='ltr'><strong>acci-</strong></span> 
     </span>
     <span class='ocr_line' id='line_1_18' title="bbox 528 1803 2088 1886; baseline 0.002 -22"><span class='ocrx_word' id='word_1_129' title='bbox 528 1803 643 1864; x_wconf 85' lang='lat' dir='ltr'><strong>dit.</strong></span> <span class='ocrx_word' id='word_1_130' title='bbox 707 1805 879 1866; x_wconf 86' lang='lat' dir='ltr'><strong>Unde</strong></span> <span class='ocrx_word' id='word_1_131' title='bbox 930 1804 1211 1883; x_wconf 82' lang='lat' dir='ltr'><strong>quaedam</strong></span> <span class='ocrx_word' id='word_1_132' title='bbox 1270 1805 1528 1880; x_wconf 85' lang='lat' dir='ltr'><strong>auxilia,</strong></span> <span class='ocrx_word' id='word_1_133' title='bbox 1584 1823 1722 1886; x_wconf 80' lang='lat' dir='ltr'><strong>quae</strong></span> <span class='ocrx_word' id='word_1_134' title='bbox 1776 1806 2088 1870; x_wconf 84' lang='lat' dir='ltr'><strong>interdum</strong></span> 
     </span>
     <span class='ocr_line' id='line_1_19' title="bbox 530 1898 2092 1981; baseline 0.001 -21"><span class='ocrx_word' id='word_1_135' title='bbox 530 1899 757 1960; x_wconf 85' lang='lat' dir='ltr'><strong>dantur</strong></span> <span class='ocrx_word' id='word_1_136' title='bbox 795 1898 1352 1974; x_wconf 73' lang='lat' dir='ltr'><strong>concionatoribuS,</strong></span> <span class='ocrx_word' id='word_1_137' title='bbox 1402 1899 1501 1960; x_wconf 71' lang='lat' dir='ltr'><strong>vel</strong></span> <span class='ocrx_word' id='word_1_138' title='bbox 1537 1900 1725 1961; x_wconf 86' lang='lat' dir='ltr'><strong>etiam</strong></span> <span class='ocrx_word' id='word_1_139' title='bbox 1760 1907 2092 1981; x_wconf 69' lang='lat' dir='ltr'><strong>praecepto·</strong></span> 
     </span>
     <span class='ocr_line' id='line_1_20' title="bbox 526 1991 2094 2064; baseline 0.001 -12"><span class='ocrx_word' id='word_1_140' title='bbox 526 1992 697 2052; x_wconf 88' lang='lat' dir='ltr'><strong>ribus</strong></span> <span class='ocrx_word' id='word_1_141' title='bbox 734 2009 920 2052; x_wconf 81' lang='lat' dir='ltr'><strong>sacroe</strong></span> <span class='ocrx_word' id='word_1_142' title='bbox 966 1991 1263 2052; x_wconf 78' lang='lat' dir='ltr'><strong>doctrinae</strong></span> <span class='ocrx_word' id='word_1_143' title='bbox 1284 2035 1307 2064; x_wconf 92' lang='lat'>‚</span> <span class='ocrx_word' id='word_1_144' title='bbox 1362 1997 1431 2052; x_wconf 87' lang='lat' dir='ltr'><strong>ut</strong></span> <span class='ocrx_word' id='word_1_145' title='bbox 1480 1993 1920 2054; x_wconf 84' lang='lat' dir='ltr'><strong>convenienter</strong></span> <span class='ocrx_word' id='word_1_146' title='bbox 1969 1993 2094 2054; x_wconf 86' lang='lat' dir='ltr'><strong>suis</strong></span> 
     </span>
     <span class='ocr_line' id='line_1_21' title="bbox 530 2083 2090 2166; baseline 0 -21"><span class='ocrx_word' id='word_1_147' title='bbox 530 2083 897 2146; x_wconf 87' lang='lat' dir='ltr'><strong>muneribus</strong></span> <span class='ocrx_word' id='word_1_148' title='bbox 928 2089 1201 2158; x_wconf 83' lang='lat' dir='ltr'><strong>utantur,</strong></span> <span class='ocrx_word' id='word_1_149' title='bbox 1246 2084 1326 2146; x_wconf 90' lang='lat' dir='ltr'><strong>ad</strong></span> <span class='ocrx_word' id='word_1_150' title='bbox 1377 2085 1489 2146; x_wconf 88' lang='lat' dir='ltr'><strong>has</strong></span> <span class='ocrx_word' id='word_1_151' title='bbox 1522 2086 1755 2164; x_wconf 86' lang='lat' dir='ltr'><strong>gratias</strong></span> <span class='ocrx_word' id='word_1_152' title='bbox 1788 2091 2090 2166; x_wconf 83' lang='lat' dir='ltr'><strong>spectant,</strong></span> 
     </span>
     <span class='ocr_line' id='line_1_22' title="bbox 530 2177 2096 2258; baseline 0.001 -20"><span class='ocrx_word' id='word_1_153' title='bbox 530 2184 593 2239; x_wconf 91' lang='lat' dir='ltr'><strong>et</strong></span> <span class='ocrx_word' id='word_1_154' title='bbox 623 2184 827 2238; x_wconf 87' lang='lat' dir='ltr'><strong>tamen</strong></span> <span class='ocrx_word' id='word_1_155' title='bbox 855 2195 980 2238; x_wconf 84' lang='lat' dir='ltr'><strong>non</strong></span> <span class='ocrx_word' id='word_1_156' title='bbox 1012 2194 1255 2256; x_wconf 85' lang='lat' dir='ltr'><strong>semper</strong></span> <span class='ocrx_word' id='word_1_157' title='bbox 1283 2195 1357 2238; x_wconf 90' lang='lat' dir='ltr'><strong>ea</strong></span> <span class='ocrx_word' id='word_1_158' title='bbox 1398 2177 1650 2254; x_wconf 88' lang='lat' dir='ltr'><strong>dantur,</strong></span> <span class='ocrx_word' id='word_1_159' title='bbox 1695 2196 1898 2258; x_wconf 87' lang='lat' dir='ltr'><strong>neque</strong></span> <span class='ocrx_word' id='word_1_160' title='bbox 1932 2197 2096 2240; x_wconf 87' lang='lat' dir='ltr'><strong>sem-</strong></span> 
     </span>
     <span class='ocr_line' id='line_1_23' title="bbox 530 2270 2094 2352; baseline 0.001 -19"><span class='ocrx_word' id='word_1_161' title='bbox 530 2289 639 2350; x_wconf 85' lang='lat' dir='ltr'><strong>per</strong></span> <span class='ocrx_word' id='word_1_162' title='bbox 662 2273 726 2332; x_wconf 90' lang='lat' dir='ltr'><strong>in</strong></span> <span class='ocrx_word' id='word_1_163' title='bbox 750 2276 1051 2352; x_wconf 73' lang='lat' dir='ltr'><strong>potestate</strong></span> <span class='ocrx_word' id='word_1_164' title='bbox 1073 2270 1344 2332; x_wconf 86' lang='lat' dir='ltr'><strong>hominis</strong></span> <span class='ocrx_word' id='word_1_165' title='bbox 1362 2277 1453 2333; x_wconf 88' lang='lat' dir='ltr'><strong>est</strong></span> <span class='ocrx_word' id='word_1_166' title='bbox 1480 2273 1569 2332; x_wconf 88' lang='lat' dir='ltr'><strong>uti</strong></span> <span class='ocrx_word' id='word_1_167' title='bbox 1598 2272 1782 2334; x_wconf 89' lang='lat' dir='ltr'><strong>modo</strong></span> <span class='ocrx_word' id='word_1_168' title='bbox 1808 2271 1917 2334; x_wconf 90' lang='lat' dir='ltr'><strong>illo</strong></span> <span class='ocrx_word' id='word_1_169' title='bbox 1943 2292 2094 2334; x_wconf 84' lang='lat' dir='ltr'><strong>cou-</strong></span> 
     </span>
     <span class='ocr_line' id='line_1_24' title="bbox 530 2363 2095 2444; baseline 0.001 -20"><span class='ocrx_word' id='word_1_170' title='bbox 530 2366 826 2426; x_wconf 80' lang='lat' dir='ltr'><strong>venienti.</strong></span> <span class='ocrx_word' id='word_1_171' title='bbox 852 2364 996 2424; x_wconf 87' lang='lat' dir='ltr'><strong>Dico</strong></span> <span class='ocrx_word' id='word_1_172' title='bbox 1016 2363 1421 2424; x_wconf 87' lang='lat' dir='ltr'><strong>nihilominus</strong></span> <span class='ocrx_word' id='word_1_173' title='bbox 1450 2383 1577 2426; x_wconf 88' lang='lat' dir='ltr'><strong>non</strong></span> <span class='ocrx_word' id='word_1_174' title='bbox 1604 2383 1951 2444; x_wconf 86' lang='lat' dir='ltr'><strong>repugnare</strong></span> <span class='ocrx_word' id='word_1_175' title='bbox 1981 2366 2095 2426; x_wconf 89' lang='lat' dir='ltr'><strong>has</strong></span> 
     </span>
     <span class='ocr_line' id='line_1_25' title="bbox 532 2457 2097 2538; baseline 0.001 -20"><span class='ocrx_word' id='word_1_176' title='bbox 532 2459 760 2538; x_wconf 82' lang='lat' dir='ltr'><strong>gratias</strong></span> <span class='ocrx_word' id='word_1_177' title='bbox 784 2457 1049 2518; x_wconf 84' lang='lat' dir='ltr'><strong>conferri</strong></span> <span class='ocrx_word' id='word_1_178' title='bbox 1077 2475 1190 2538; x_wconf 91' lang='lat' dir='ltr'><strong>per</strong></span> <span class='ocrx_word' id='word_1_179' title='bbox 1216 2457 1471 2520; x_wconf 88' lang='lat' dir='ltr'><strong>modum</strong></span> <span class='ocrx_word' id='word_1_180' title='bbox 1489 2458 1759 2520; x_wconf 83' lang='lat' dir='ltr'><strong>habitus.</strong></span> <span class='ocrx_word' id='word_1_181' title='bbox 1794 2460 1950 2520; x_wconf 89' lang='lat' dir='ltr'><strong>Nam</strong></span> <span class='ocrx_word' id='word_1_182' title='bbox 1981 2459 2097 2520; x_wconf 89' lang='lat' dir='ltr'><strong>im·-</strong></span> 
     </span>
     <span class='ocr_line' id='line_1_26' title="bbox 527 2541 2097 2634; baseline -0.001 -22"><span class='ocrx_word' id='word_1_183' title='bbox 527 2552 747 2634; x_wconf 89' lang='lat' dir='ltr'><strong>primis</strong></span> <span class='ocrx_word' id='word_1_184' title='bbox 801 2541 1038 2614; x_wconf 77' lang='lat' dir='ltr'><strong>certum</strong></span> <span class='ocrx_word' id='word_1_185' title='bbox 1092 2558 1184 2612; x_wconf 88' lang='lat' dir='ltr'><strong>est</strong></span> <span class='ocrx_word' id='word_1_186' title='bbox 1224 2551 1533 2613; x_wconf 83' lang='lat' dir='ltr'><strong>Christum</strong></span> <span class='ocrx_word' id='word_1_187' title='bbox 1584 2553 1919 2613; x_wconf 89' lang='lat' dir='ltr'><strong>Dominum</strong></span> <span class='ocrx_word' id='word_1_188' title='bbox 1961 2550 2097 2612; x_wconf 89' lang='lat' dir='ltr'><strong>illas</strong></span> 
     </span>
     <span class='ocr_line' id='line_1_27' title="bbox 528 2644 2102 2726; baseline 0.002 -20"><span class='ocrx_word' id='word_1_189' title='bbox 528 2644 817 2708; x_wconf 87' lang='lat' dir='ltr'><strong>habuisse</strong></span> <span class='ocrx_word' id='word_1_190' title='bbox 850 2645 1251 2706; x_wconf 86' lang='lat' dir='ltr'><strong>habitualiter</strong></span> <span class='ocrx_word' id='word_1_191' title='bbox 1284 2650 1326 2707; x_wconf 90' lang='lat'><strong>¹.</strong></span> <span class='ocrx_word' id='word_1_192' title='bbox 1359 2647 1436 2706; x_wconf 89' lang='lat' dir='ltr'><strong>Et</strong></span> <span class='ocrx_word' id='word_1_193' title='bbox 1476 2647 1552 2708; x_wconf 84' lang='lat' dir='ltr'><strong>de</strong></span> <span class='ocrx_word' id='word_1_194' title='bbox 1580 2645 1889 2726; x_wconf 86' lang='lat' dir='ltr'><strong>Apostolis·</strong></span> <span class='ocrx_word' id='word_1_195' title='bbox 1934 2646 2102 2708; x_wconf 88' lang='lat' dir='ltr'><strong>idem</strong></span> 
     </span>
     <span class='ocr_line' id='line_1_28' title="bbox 530 2738 2102 2819; baseline 0.001 -21"><span class='ocrx_word' id='word_1_196' title='bbox 530 2755 746 2798; x_wconf 85' lang='lat' dir='ltr'><strong>censeo</strong></span> <span class='ocrx_word' id='word_1_197' title='bbox 788 2739 985 2818; x_wconf 80' lang='lat' dir='ltr'><strong>quoad</strong></span> <span class='ocrx_word' id='word_1_198' title='bbox 1031 2738 1355 2818; x_wconf 65' lang='lat' dir='ltr'><strong>praedictas</strong></span> <span class='ocrx_word' id='word_1_199' title='bbox 1386 2741 1665 2818; x_wconf 87' lang='lat' dir='ltr'><strong>quinque</strong></span> <span class='ocrx_word' id='word_1_200' title='bbox 1709 2739 1962 2819; x_wconf 80' lang='lat' dir='ltr'><strong>gratias.</strong></span> <span class='ocrx_word' id='word_1_201' title='bbox 2014 2738 2102 2800; x_wconf 78' lang='lat' dir='ltr'><strong>Ac</strong></span> 
     </span>
     <span class='ocr_line' id='line_1_29' title="bbox 528 2831 2099 2911; baseline 0.003 -21"><span class='ocrx_word' id='word_1_202' title='bbox 528 2831 607 2892; x_wconf 88' lang='lat' dir='ltr'><strong>de</strong></span> <span class='ocrx_word' id='word_1_203' title='bbox 635 2831 797 2891; x_wconf 89' lang='lat' dir='ltr'><strong>dono</strong></span> <span class='ocrx_word' id='word_1_204' title='bbox 828 2832 1185 2911; x_wconf 81' lang='lat' dir='ltr'><strong>linguarum</strong></span> <span class='ocrx_word' id='word_1_205' title='bbox 1217 2850 1346 2894; x_wconf 87' lang='lat' dir='ltr'><strong>non</strong></span> <span class='ocrx_word' id='word_1_206' title='bbox 1380 2832 1623 2893; x_wconf 77' lang='lat' dir='ltr'><strong>videtur</strong></span> <span class='ocrx_word' id='word_1_207' title='bbox 1656 2832 1939 2892; x_wconf 84' lang='lat' dir='ltr'><strong>dubium.</strong></span> <span class='ocrx_word' id='word_1_208' title='bbox 1983 2833 2099 2894; x_wconf 84' lang='lat' dir='ltr'><strong>Ea·</strong></span> 
     </span>
     <span class='ocr_line' id='line_1_30' title="bbox 529 2923 2092 3006; baseline 0.003 -22"><span class='ocrx_word' id='word_1_209' title='bbox 529 2923 671 2986; x_wconf 91' lang='lat' dir='ltr'><strong>dem</strong></span> <span class='ocrx_word' id='word_1_210' title='bbox 702 2931 911 2986; x_wconf 74' lang='lat' dir='ltr'><strong>antem</strong></span> <span class='ocrx_word' id='word_1_211' title='bbox 943 2931 1035 2986; x_wconf 89' lang='lat' dir='ltr'><strong>est</strong></span> <span class='ocrx_word' id='word_1_212' title='bbox 1052 2925 1213 2986; x_wconf 88' lang='lat' dir='ltr'><strong>ratio</strong></span> <span class='ocrx_word' id='word_1_213' title='bbox 1243 2925 1319 2988; x_wconf 88' lang='lat' dir='ltr'><strong>de</strong></span> <span class='ocrx_word' id='word_1_214' title='bbox 1345 2925 1504 3001; x_wconf 80' lang='lat' dir='ltr'><strong>aliia,</strong></span> <span class='ocrx_word' id='word_1_215' title='bbox 1538 2925 1685 3006; x_wconf 90' lang='lat' dir='ltr'><strong>qnia</strong></span> <span class='ocrx_word' id='word_1_216' title='bbox 1714 2926 1931 2987; x_wconf 85' lang='lat' dir='ltr'><strong>eadem</strong></span> <span class='ocrx_word' id='word_1_217' title='bbox 1959 2925 2092 2988; x_wconf 79' lang='lat' dir='ltr'><strong>fere</strong></span> 
     </span>
     <span class='ocr_line' id='line_1_31' title="bbox 528 3017 2094 3098; baseline 0.001 -22"><span class='ocrx_word' id='word_1_218' title='bbox 528 3022 681 3078; x_wconf 85' lang='lat' dir='ltr'><strong>tunc</strong></span> <span class='ocrx_word' id='word_1_219' title='bbox 710 3025 841 3078; x_wconf 86' lang='lat' dir='ltr'><strong>erat</strong></span> <span class='ocrx_word' id='word_1_220' title='bbox 871 3017 1156 3080; x_wconf 91' lang='lat' dir='ltr'><strong>omnium</strong></span> <span class='ocrx_word' id='word_1_221' title='bbox 1185 3018 1541 3080; x_wconf 81' lang='lat' dir='ltr'><strong>necessitaS.</strong></span> <span class='ocrx_word' id='word_1_222' title='bbox 1576 3018 1749 3094; x_wconf 89' lang='lat' dir='ltr'><strong>Quod</strong></span> <span class='ocrx_word' id='word_1_223' title='bbox 1776 3017 1831 3078; x_wconf 88' lang='lat' dir='ltr'><strong>si</strong></span> <span class='ocrx_word' id='word_1_224' title='bbox 1854 3035 2094 3098; x_wconf 60' lang='lat' dir='ltr'><strong>quaeras</strong></span> 
     </span>
     <span class='ocr_line' id='line_1_32' title="bbox 528 3110 2090 3192; baseline 0.002 -22"><span class='ocrx_word' id='word_1_225' title='bbox 528 3110 679 3192; x_wconf 85' lang='lat' dir='ltr'><strong>quid</strong></span> <span class='ocrx_word' id='word_1_226' title='bbox 728 3111 853 3172; x_wconf 88' lang='lat' dir='ltr'><strong>sint</strong></span> <span class='ocrx_word' id='word_1_227' title='bbox 902 3111 1055 3174; x_wconf 89' lang='lat' dir='ltr'><strong>tales</strong></span> <span class='ocrx_word' id='word_1_228' title='bbox 1106 3112 1327 3192; x_wconf 85' lang='lat' dir='ltr'><strong>gratiae</strong></span> <span class='ocrx_word' id='word_1_229' title='bbox 1370 3129 1479 3192; x_wconf 87' lang='lat' dir='ltr'><strong>per</strong></span> <span class='ocrx_word' id='word_1_230' title='bbox 1523 3111 1775 3173; x_wconf 89' lang='lat' dir='ltr'><strong>modum</strong></span> <span class='ocrx_word' id='word_1_231' title='bbox 1818 3111 2090 3188; x_wconf 87' lang='lat' dir='ltr'><strong>habitus,</strong></span> 
     </span>
     <span class='ocr_line' id='line_1_33' title="bbox 529 3205 2096 3286; baseline 0.003 -22"><span class='ocrx_word' id='word_1_232' title='bbox 529 3221 642 3284; x_wconf 90' lang='lat' dir='ltr'><strong>per</strong></span> <span class='ocrx_word' id='word_1_233' title='bbox 668 3205 926 3266; x_wconf 88' lang='lat' dir='ltr'><strong>modum</strong></span> <span class='ocrx_word' id='word_1_234' title='bbox 966 3223 1245 3286; x_wconf 82' lang='lat' dir='ltr'><strong>namque</strong></span> <span class='ocrx_word' id='word_1_235' title='bbox 1286 3212 1461 3267; x_wconf 87' lang='lat' dir='ltr'><strong>actus</strong></span> <span class='ocrx_word' id='word_1_236' title='bbox 1493 3206 1641 3266; x_wconf 89' lang='lat' dir='ltr'><strong>satis</strong></span> <span class='ocrx_word' id='word_1_237' title='bbox 1686 3212 1924 3269; x_wconf 82' lang='lat' dir='ltr'><strong>constat</strong></span> <span class='ocrx_word' id='word_1_238' title='bbox 1966 3223 2096 3268; x_wconf 85' lang='lat' dir='ltr'><strong>esse</strong></span> 
     </span>
     <span class='ocr_line' id='line_1_34' title="bbox 529 3297 2093 3380; baseline 0.001 -22"><span class='ocrx_word' id='word_1_239' title='bbox 529 3297 639 3358; x_wconf 85' lang='lat' dir='ltr'><strong>Dei</strong></span> <span class='ocrx_word' id='word_1_240' title='bbox 692 3299 998 3362; x_wconf 86' lang='lat' dir='ltr'><strong>motiones</strong></span> <span class='ocrx_word' id='word_1_241' title='bbox 1042 3298 1340 3377; x_wconf 82' lang='lat' dir='ltr'><strong>actuales,</strong></span> <span class='ocrx_word' id='word_1_242' title='bbox 1382 3297 1723 3380; x_wconf 87' lang='lat' dir='ltr'><strong>respondeo</strong></span> <span class='ocrx_word' id='word_1_243' title='bbox 1762 3299 1921 3362; x_wconf 88' lang='lat' dir='ltr'><strong>mihi</strong></span> <span class='ocrx_word' id='word_1_244' title='bbox 1966 3317 2093 3362; x_wconf 90' lang='lat' dir='ltr'><strong>non</strong></span> 
     </span>
     <span class='ocr_line' id='line_1_35' title="bbox 528 3389 2093 3478; baseline 0.002 -27"><span class='ocrx_word' id='word_1_245' title='bbox 528 3389 725 3478; x_wconf 61' lang='lat' dir='ltr'><strong>videri</strong></span> <span class='ocrx_word' id='word_1_246' title='bbox 753 3409 881 3454; x_wconf 88' lang='lat' dir='ltr'><strong>esse</strong></span> <span class='ocrx_word' id='word_1_247' title='bbox 912 3393 1193 3473; x_wconf 87' lang='lat' dir='ltr'><strong>proprios</strong></span> <span class='ocrx_word' id='word_1_248' title='bbox 1220 3393 1468 3454; x_wconf 87' lang='lat' dir='ltr'><strong>habitus</strong></span> <span class='ocrx_word' id='word_1_249' title='bbox 1499 3413 1537 3457; x_wconf 88' lang='lat' dir='ltr'><strong>a</strong></span> <span class='ocrx_word' id='word_1_250' title='bbox 1562 3393 1878 3474; x_wconf 79' lang='lat' dir='ltr'><strong>speciebus</strong></span> <span class='ocrx_word' id='word_1_251' title='bbox 1912 3393 2093 3454; x_wconf 88' lang='lat' dir='ltr'><strong>intel-</strong></span> 
     </span>
     <span class='ocr_line' id='line_1_36' title="bbox 526 3485 2092 3566; baseline 0.002 -19"><span class='ocrx_word' id='word_1_252' title='bbox 526 3485 867 3566; x_wconf 79' lang='lat' dir='ltr'><strong>ligibilibus</strong></span> <span class='ocrx_word' id='word_1_253' title='bbox 886 3487 1227 3566; x_wconf 88' lang='lat' dir='ltr'><strong>distinctos,</strong></span> <span class='ocrx_word' id='word_1_254' title='bbox 1252 3488 1359 3550; x_wconf 85' lang='lat' dir='ltr'><strong>sed</strong></span> <span class='ocrx_word' id='word_1_255' title='bbox 1375 3486 1474 3550; x_wconf 83' lang='lat' dir='ltr'><strong>vel</strong></span> <span class='ocrx_word' id='word_1_256' title='bbox 1488 3506 1723 3566; x_wconf 84' lang='lat' dir='ltr'><strong>rerum,</strong></span> <span class='ocrx_word' id='word_1_257' title='bbox 1741 3487 1839 3550; x_wconf 83' lang='lat' dir='ltr'><strong>vel</strong></span> <span class='ocrx_word' id='word_1_258' title='bbox 1864 3504 2092 3550; x_wconf 86' lang='lat' dir='ltr'><strong>vocum</strong></span> 
     </span>
     <span class='ocr_line' id='line_1_37' title="bbox 479 3579 2093 3661; baseline 0 -21"><span class='ocrx_word' id='word_1_259' title='bbox 479 3605 483 3610; x_wconf 94' lang='lat'>·</span> <span class='ocrx_word' id='word_1_260' title='bbox 528 3579 757 3659; x_wconf 82' lang='lat' dir='ltr'><strong>species</strong></span> <span class='ocrx_word' id='word_1_261' title='bbox 793 3579 1055 3656; x_wconf 73' lang='lat' dir='ltr'><strong>infusas„</strong></span> <span class='ocrx_word' id='word_1_262' title='bbox 1082 3585 1192 3642; x_wconf 88' lang='lat' dir='ltr'><strong>aut</strong></span> <span class='ocrx_word' id='word_1_263' title='bbox 1227 3581 1531 3661; x_wconf 81' lang='lat' dir='ltr'><strong>optimam</strong></span> <span class='ocrx_word' id='word_1_264' title='bbox 1580 3599 1790 3645; x_wconf 84' lang='lat' dir='ltr'><strong>earum</strong></span> <span class='ocrx_word' id='word_1_265' title='bbox 1832 3579 2093 3660; x_wconf 87' lang='lat' dir='ltr'><strong>disposi-</strong></span> 
     </span>
     <span class='ocr_line' id='line_1_38' title="bbox 526 3670 2095 3736; baseline 0 -2"><span class='ocrx_word' id='word_1_266' title='bbox 526 3670 765 3734; x_wconf 79' lang='lat' dir='ltr'><strong>tionem</strong></span> <span class='ocrx_word' id='word_1_267' title='bbox 808 3692 881 3734; x_wconf 91' lang='lat' dir='ltr'><strong>ac</strong></span> <span class='ocrx_word' id='word_1_268' title='bbox 924 3674 1381 3736; x_wconf 87' lang='lat' dir='ltr'><strong>ordinationem</strong></span> <span class='ocrx_word' id='word_1_269' title='bbox 1432 3674 1645 3736; x_wconf 83' lang='lat' dir='ltr'><strong>divina</strong></span> <span class='ocrx_word' id='word_1_270' title='bbox 1699 3675 1923 3736; x_wconf 86' lang='lat' dir='ltr'><strong>virtute</strong></span> <span class='ocrx_word' id='word_1_271' title='bbox 1969 3673 2095 3734; x_wconf 75' lang='lat' dir='ltr'><strong>fae-</strong></span> 
     </span>
     <span class='ocr_line' id='line_1_39' title="bbox 528 3765 2095 3849; baseline 0 -21"><span class='ocrx_word' id='word_1_272' title='bbox 528 3771 683 3828; x_wconf 87' lang='lat' dir='ltr'><strong>tam.</strong></span> <span class='ocrx_word' id='word_1_273' title='bbox 713 3766 1066 3849; x_wconf 86' lang='lat' dir='ltr'><strong>Adjungere</strong></span> <span class='ocrx_word' id='word_1_274' title='bbox 1104 3767 1295 3829; x_wconf 87' lang='lat' dir='ltr'><strong>etiam</strong></span> <span class='ocrx_word' id='word_1_275' title='bbox 1332 3785 1656 3847; x_wconf 86' lang='lat' dir='ltr'><strong>possumus</strong></span> <span class='ocrx_word' id='word_1_276' title='bbox 1698 3767 1877 3846; x_wconf 87' lang='lat' dir='ltr'><strong>quasi</strong></span> <span class='ocrx_word' id='word_1_277' title='bbox 1917 3765 2095 3830; x_wconf 88' lang='lat' dir='ltr'><strong>habi-</strong></span> 
     </span>
     <span class='ocr_line' id='line_1_40' title="bbox 530 3859 2093 3942; baseline 0.003 -22"><span class='ocrx_word' id='word_1_278' title='bbox 530 3859 760 3922; x_wconf 86' lang='lat' dir='ltr'><strong>tualem</strong></span> <span class='ocrx_word' id='word_1_279' title='bbox 798 3861 1207 3924; x_wconf 86' lang='lat' dir='ltr'><strong>assistentiam</strong></span> <span class='ocrx_word' id='word_1_280' title='bbox 1249 3861 1513 3940; x_wconf 86' lang='lat' dir='ltr'><strong>Spiritus</strong></span> <span class='ocrx_word' id='word_1_281' title='bbox 1540 3861 1771 3940; x_wconf 84' lang='lat' dir='ltr'><strong>Sancti,</strong></span> <span class='ocrx_word' id='word_1_282' title='bbox 1816 3860 1923 3942; x_wconf 89' lang='lat' dir='ltr'><strong>qui</strong></span> <span class='ocrx_word' id='word_1_283' title='bbox 1971 3867 2093 3924; x_wconf 79' lang='lat' dir='ltr'><strong>sla·</strong></span> 
     </span>
     <span class='ocr_line' id='line_1_41' title="bbox 530 3953 2094 4036; baseline 0.002 -23"><span class='ocrx_word' id='word_1_284' title='bbox 530 3953 651 4014; x_wconf 88' lang='lat' dir='ltr'><strong>tuit</strong></span> <span class='ocrx_word' id='word_1_285' title='bbox 676 3971 917 4034; x_wconf 88' lang='lat' dir='ltr'><strong>semper</strong></span> <span class='ocrx_word' id='word_1_286' title='bbox 948 3954 1267 4018; x_wconf 89' lang='lat' dir='ltr'><strong>hominem</strong></span> <span class='ocrx_word' id='word_1_287' title='bbox 1294 3973 1565 4032; x_wconf 84' lang='lat' dir='ltr'><strong>movere,</strong></span> <span class='ocrx_word' id='word_1_288' title='bbox 1608 3959 1798 4036; x_wconf 88' lang='lat' dir='ltr'><strong>prout</strong></span> <span class='ocrx_word' id='word_1_289' title='bbox 1842 3954 2094 4034; x_wconf 80' lang='lat' dir='ltr'><strong>expedit</strong></span> 
     </span>
     <span class='ocr_line' id='line_1_42' title="bbox 530 4047 1617 4110; baseline -0.001 -1"><span class='ocrx_word' id='word_1_290' title='bbox 530 4047 609 4110; x_wconf 91' lang='lat' dir='ltr'><strong>ad</strong></span> <span class='ocrx_word' id='word_1_291' title='bbox 640 4047 826 4109; x_wconf 88' lang='lat' dir='ltr'><strong>talem</strong></span> <span class='ocrx_word' id='word_1_292' title='bbox 858 4047 1135 4110; x_wconf 89' lang='lat' dir='ltr'><strong>muneris</strong></span> <span class='ocrx_word' id='word_1_293' title='bbox 1166 4049 1617 4110; x_wconf 80' lang='lat' dir='ltr'><strong>executionem.</strong></span> 
     </span>
    </p>

    <p class='ocr_par' dir='ltr' id='par_1_6' title="bbox 524 4140 2096 5251">
     <span class='ocr_line' id='line_1_43' title="bbox 612 4140 2096 4222; baseline 0.001 -21"><span class='ocrx_word' id='word_1_294' title='bbox 612 4141 711 4201; x_wconf 71' lang='lat'><strong>⁴2.</strong></span> <span class='ocrx_word' id='word_1_295' title='bbox 743 4141 1011 4202; x_wconf 74' lang='lat' dir='ltr'><strong>Dubium</strong></span> <span class='ocrx_word' id='word_1_296' title='bbox 1032 4141 1304 4204; x_wconf 76' lang='lat' dir='ltr'><strong>tertium.</strong></span> <span class='ocrx_word' id='word_1_297' title='bbox 1326 4173 1409 4188; x_wconf 90' lang='lat'>—</span> <span class='ocrx_word' id='word_1_298' title='bbox 1428 4141 1518 4202; x_wconf 84' lang='lat' dir='ltr'><strong>Ex</strong></span> <span class='ocrx_word' id='word_1_299' title='bbox 1540 4140 1771 4222; x_wconf 86' lang='lat' dir='ltr'><strong>quihus</strong></span> <span class='ocrx_word' id='word_1_300' title='bbox 1796 4145 2096 4221; x_wconf 81' lang='lat' dir='ltr'><strong>praeterea</strong></span> 
     </span>
     <span class='ocr_line' id='line_1_44' title="bbox 528 4232 2094 4310; baseline 0.002 -16"><span class='ocrx_word' id='word_1_301' title='bbox 528 4233 855 4294; x_wconf 86' lang='lat' dir='ltr'><strong>resolvitur</strong></span> <span class='ocrx_word' id='word_1_302' title='bbox 890 4232 1153 4294; x_wconf 90' lang='lat' dir='ltr'><strong>dubium</strong></span> <span class='ocrx_word' id='word_1_303' title='bbox 1188 4232 1383 4310; x_wconf 89' lang='lat' dir='ltr'><strong>aliud,</strong></span> <span class='ocrx_word' id='word_1_304' title='bbox 1418 4252 1559 4296; x_wconf 90' lang='lat' dir='ltr'><strong>cum</strong></span> <span class='ocrx_word' id='word_1_305' title='bbox 1600 4233 1731 4296; x_wconf 81' lang='lat' dir='ltr'><strong>haec</strong></span> <span class='ocrx_word' id='word_1_306' title='bbox 1772 4233 1990 4297; x_wconf 90' lang='lat' dir='ltr'><strong>omnia</strong></span> <span class='ocrx_word' id='word_1_307' title='bbox 2013 4233 2094 4296; x_wconf 85' lang='lat' dir='ltr'><strong>ad</strong></span> 
     </span>
     <span class='ocr_line' id='line_1_45' title="bbox 528 4326 2096 4406; baseline 0.002 -21"><span class='ocrx_word' id='word_1_308' title='bbox 528 4344 667 4406; x_wconf 83' lang='lat' dir='ltr'><strong>quae</strong></span> <span class='ocrx_word' id='word_1_309' title='bbox 685 4327 1055 4388; x_wconf 82' lang='lat' dir='ltr'><strong>ordinantur</strong></span> <span class='ocrx_word' id='word_1_310' title='bbox 1078 4326 1263 4390; x_wconf 81' lang='lat' dir='ltr'><strong>dictae</strong></span> <span class='ocrx_word' id='word_1_311' title='bbox 1286 4327 1528 4406; x_wconf 79' lang='lat' dir='ltr'><strong>gratiae,</strong></span> <span class='ocrx_word' id='word_1_312' title='bbox 1558 4327 1889 4389; x_wconf 82' lang='lat' dir='ltr'><strong>videantur</strong></span> <span class='ocrx_word' id='word_1_313' title='bbox 1916 4343 2096 4406; x_wconf 87' lang='lat' dir='ltr'><strong>posse</strong></span> 
     </span>
     <span class='ocr_line' id='line_1_46' title="bbox 528 4417 2096 4501; baseline -0.001 -19"><span class='ocrx_word' id='word_1_314' title='bbox 528 4417 664 4482; x_wconf 83' lang='lat' dir='ltr'><strong>fieri</strong></span> <span class='ocrx_word' id='word_1_315' title='bbox 694 4421 922 4482; x_wconf 81' lang='lat' dir='ltr'><strong>virtute</strong></span> <span class='ocrx_word' id='word_1_316' title='bbox 962 4421 1237 4482; x_wconf 89' lang='lat' dir='ltr'><strong>naturali</strong></span> <span class='ocrx_word' id='word_1_317' title='bbox 1270 4421 1509 4499; x_wconf 85' lang='lat' dir='ltr'><strong>ingenii</strong></span> <span class='ocrx_word' id='word_1_318' title='bbox 1552 4419 1838 4497; x_wconf 89' lang='lat' dir='ltr'><strong>humani,</strong></span> <span class='ocrx_word' id='word_1_319' title='bbox 1882 4419 2096 4501; x_wconf 84' lang='lat' dir='ltr'><strong>praeci-</strong></span> 
     </span>
     <span class='ocr_line' id='line_1_47' title="bbox 526 4514 2095 4595; baseline 0.002 -22"><span class='ocrx_word' id='word_1_320' title='bbox 526 4531 647 4594; x_wconf 88' lang='lat' dir='ltr'><strong>pue</strong></span> <span class='ocrx_word' id='word_1_321' title='bbox 674 4514 965 4575; x_wconf 79' lang='lat' dir='ltr'><strong>illustrati</strong></span> <span class='ocrx_word' id='word_1_322' title='bbox 990 4514 1111 4576; x_wconf 81' lang='lat' dir='ltr'><strong>fide</strong></span> <span class='ocrx_word' id='word_1_323' title='bbox 1134 4520 1199 4576; x_wconf 89' lang='lat' dir='ltr'><strong>et</strong></span> <span class='ocrx_word' id='word_1_324' title='bbox 1227 4515 1407 4576; x_wconf 87' lang='lat' dir='ltr'><strong>donis</strong></span> <span class='ocrx_word' id='word_1_325' title='bbox 1432 4515 1694 4595; x_wconf 80' lang='lat' dir='ltr'><strong>Spiritus</strong></span> <span class='ocrx_word' id='word_1_326' title='bbox 1713 4515 1949 4591; x_wconf 82' lang='lat' dir='ltr'><strong>Sancti,</strong></span> <span class='ocrx_word' id='word_1_327' title='bbox 1980 4514 2095 4576; x_wconf 88' lang='lat' dir='ltr'><strong>mi-</strong></span> 
     </span>
     <span class='ocr_line' id='line_1_48' title="bbox 530 4608 2094 4689; baseline 0 -21"><span class='ocrx_word' id='word_1_328' title='bbox 530 4609 701 4668; x_wconf 90' lang='lat' dir='ltr'><strong>nime</strong></span> <span class='ocrx_word' id='word_1_329' title='bbox 728 4609 1097 4670; x_wconf 88' lang='lat' dir='ltr'><strong>necessarias</strong></span> <span class='ocrx_word' id='word_1_330' title='bbox 1130 4625 1451 4689; x_wconf 84' lang='lat' dir='ltr'><strong>apparere.</strong></span> <span class='ocrx_word' id='word_1_331' title='bbox 1506 4608 1870 4689; x_wconf 89' lang='lat' dir='ltr'><strong>Respondeo</strong></span> <span class='ocrx_word' id='word_1_332' title='bbox 1922 4609 2094 4670; x_wconf 91' lang='lat' dir='ltr'><strong>enim</strong></span> 
     </span>
     <span class='ocr_line' id='line_1_49' title="bbox 530 4701 2088 4782; baseline -0.001 -20"><span class='ocrx_word' id='word_1_333' title='bbox 530 4719 607 4762; x_wconf 82' lang='lat' dir='ltr'><strong>ex</strong></span> <span class='ocrx_word' id='word_1_334' title='bbox 636 4701 837 4776; x_wconf 85' lang='lat' dir='ltr'><strong>dictis,</strong></span> <span class='ocrx_word' id='word_1_335' title='bbox 864 4709 927 4762; x_wconf 87' lang='lat' dir='ltr'><strong>et</strong></span> <span class='ocrx_word' id='word_1_336' title='bbox 955 4720 1031 4762; x_wconf 86' lang='lat' dir='ltr'><strong>ex</strong></span> <span class='ocrx_word' id='word_1_337' title='bbox 1053 4703 1122 4762; x_wconf 86' lang='lat' dir='ltr'><strong>D.</strong></span> <span class='ocrx_word' id='word_1_338' title='bbox 1155 4702 1395 4764; x_wconf 84' lang='lat' dir='ltr'><strong>Thema</strong></span> <span class='ocrx_word' id='word_1_339' title='bbox 1423 4704 1483 4765; x_wconf 70' lang='lat'><strong>2.</strong></span> <span class='ocrx_word' id='word_1_340' title='bbox 1511 4704 1573 4779; x_wconf 68' lang='grc' dir='ltr'><strong>Ξ,</strong></span> <span class='ocrx_word' id='word_1_341' title='bbox 1602 4719 1667 4782; x_wconf 90' lang='lat' dir='ltr'><strong>q.</strong></span> <span class='ocrx_word' id='word_1_342' title='bbox 1703 4705 1841 4778; x_wconf 67' lang='lat'><strong>477,</strong></span> <span class='ocrx_word' id='word_1_343' title='bbox 1872 4707 1993 4762; x_wconf 88' lang='lat' dir='ltr'><strong>art.</strong></span> <span class='ocrx_word' id='word_1_344' title='bbox 2030 4706 2088 4779; x_wconf 85' lang='grc'><strong>1,</strong></span> 
     </span>
     <span class='ocr_line' id='line_1_50' title="bbox 527 4794 2090 4876; baseline 0.001 -21"><span class='ocrx_word' id='word_1_345' title='bbox 527 4796 605 4856; x_wconf 92' lang='lat' dir='ltr'><strong>ad</strong></span> <span class='ocrx_word' id='word_1_346' title='bbox 648 4799 704 4868; x_wconf 89' lang='grc'><strong>1,</strong></span> <span class='ocrx_word' id='word_1_347' title='bbox 754 4797 967 4856; x_wconf 87' lang='lat' dir='ltr'><strong>omnia</strong></span> <span class='ocrx_word' id='word_1_348' title='bbox 1014 4794 1148 4857; x_wconf 79' lang='lat' dir='ltr'><strong>haec</strong></span> <span class='ocrx_word' id='word_1_349' title='bbox 1190 4795 1390 4858; x_wconf 88' lang='lat' dir='ltr'><strong>solum</strong></span> <span class='ocrx_word' id='word_1_350' title='bbox 1428 4797 1585 4872; x_wconf 85' lang='lat' dir='ltr'><strong>dari,</strong></span> <span class='ocrx_word' id='word_1_351' title='bbox 1628 4803 1699 4856; x_wconf 90' lang='lat' dir='ltr'><strong>ut</strong></span> <span class='ocrx_word' id='word_1_352' title='bbox 1740 4795 2090 4876; x_wconf 75' lang='lat' dir='ltr'><strong>perfectiori</strong></span> 
     </span>
     <span class='ocr_line' id='line_1_51' title="bbox 527 4886 2087 4968; baseline 0 -20"><span class='ocrx_word' id='word_1_353' title='bbox 527 4887 708 4948; x_wconf 78' lang='lat' dir='ltr'><strong>modo</strong></span> <span class='ocrx_word' id='word_1_354' title='bbox 733 4887 888 4948; x_wconf 85' lang='lat' dir='ltr'><strong>fiant</strong></span> <span class='ocrx_word' id='word_1_355' title='bbox 911 4907 999 4948; x_wconf 82' lang='lat' dir='ltr'><strong>eoe</strong></span> <span class='ocrx_word' id='word_1_356' title='bbox 1021 4891 1292 4948; x_wconf 84' lang='lat' dir='ltr'><strong>actiones</strong></span> <span class='ocrx_word' id='word_1_357' title='bbox 1312 4905 1454 4968; x_wconf 82' lang='lat' dir='ltr'><strong>quoe</strong></span> <span class='ocrx_word' id='word_1_358' title='bbox 1472 4889 1751 4950; x_wconf 87' lang='lat' dir='ltr'><strong>humana</strong></span> <span class='ocrx_word' id='word_1_359' title='bbox 1780 4886 2087 4948; x_wconf 83' lang='lat' dir='ltr'><strong>industria</strong></span> 
     </span>
     <span class='ocr_line' id='line_1_52' title="bbox 524 4980 2091 5062; baseline -0.001 -20"><span class='ocrx_word' id='word_1_360' title='bbox 524 4980 660 5042; x_wconf 81' lang='lat' dir='ltr'><strong>fieri</strong></span> <span class='ocrx_word' id='word_1_361' title='bbox 690 4987 967 5062; x_wconf 85' lang='lat' dir='ltr'><strong>possunt.</strong></span> <span class='ocrx_word' id='word_1_362' title='bbox 1010 4981 1185 5058; x_wconf 82' lang='lat' dir='ltr'><strong>Unde</strong></span> <span class='ocrx_word' id='word_1_363' title='bbox 1212 4999 1341 5042; x_wconf 91' lang='lat' dir='ltr'><strong>non</strong></span> <span class='ocrx_word' id='word_1_364' title='bbox 1368 4988 1608 5062; x_wconf 86' lang='lat' dir='ltr'><strong>oportet</strong></span> <span class='ocrx_word' id='word_1_365' title='bbox 1640 4984 1706 5044; x_wconf 90' lang='lat' dir='ltr'><strong>iu</strong></span> <span class='ocrx_word' id='word_1_366' title='bbox 1756 4981 1853 5042; x_wconf 87' lang='lat' dir='ltr'><strong>his</strong></span> <span class='ocrx_word' id='word_1_367' title='bbox 1894 4981 2091 5042; x_wconf 87' lang='lat' dir='ltr'><strong>iuter-</strong></span> 
     </span>
     <span class='ocr_line' id='line_1_53' title="bbox 525 5073 2088 5156; baseline -0.001 -21"><span class='ocrx_word' id='word_1_368' title='bbox 525 5077 738 5137; x_wconf 79' lang='lat' dir='ltr'><strong>vcnire</strong></span> <span class='ocrx_word' id='word_1_369' title='bbox 764 5082 936 5137; x_wconf 87' lang='lat' dir='ltr'><strong>actus</strong></span> <span class='ocrx_word' id='word_1_370' title='bbox 963 5076 1199 5156; x_wconf 86' lang='lat' dir='ltr'><strong>aliquos</strong></span> <span class='ocrx_word' id='word_1_371' title='bbox 1233 5076 1331 5136; x_wconf 84' lang='lat' dir='ltr'><strong>vel</strong></span> <span class='ocrx_word' id='word_1_372' title='bbox 1358 5075 1609 5137; x_wconf 78' lang='lat' dir='ltr'><strong>habitus</strong></span> <span class='ocrx_word' id='word_1_373' title='bbox 1632 5077 1700 5136; x_wconf 91' lang='lat' dir='ltr'><strong>in</strong></span> <span class='ocrx_word' id='word_1_374' title='bbox 1742 5073 2088 5136; x_wconf 84' lang='lat' dir='ltr'><strong>substantia</strong></span> 
     </span>
     <span class='ocr_line' id='line_1_54' title="bbox 524 5167 2086 5251; baseline 0.001 -23"><span class='ocrx_word' id='word_1_375' title='bbox 524 5169 1044 5250; x_wconf 83' lang='lat' dir='ltr'><strong>supernaturales,</strong></span> <span class='ocrx_word' id='word_1_376' title='bbox 1092 5170 1196 5231; x_wconf 89' lang='lat' dir='ltr'><strong>sed</strong></span> <span class='ocrx_word' id='word_1_377' title='bbox 1238 5171 1554 5232; x_wconf 88' lang='lat' dir='ltr'><strong>sufficiunt</strong></span> <span class='ocrx_word' id='word_1_378' title='bbox 1587 5167 2086 5251; x_wconf 83' lang='lat' dir='ltr'><strong>supernaturales</strong></span> 
     </span>
    </p>
   </div>
   <div class='ocr_carea' id='block_1_5' title="bbox 522 5355 2090 5532">
    <p class='ocr_par' dir='ltr' id='par_1_7' title="bbox 522 5355 2090 5532">
     <span class='ocr_line' id='line_1_55' title="bbox 606 5355 2090 5440; baseline -0.002 -18"><span class='ocrx_word' id='word_1_379' title='bbox 606 5364 622 5398; x_wconf 87' lang='lat'><strong>¹</strong></span> <span class='ocrx_word' id='word_1_380' title='bbox 658 5360 939 5422; x_wconf 85' lang='lat' dir='ltr'><strong>Concinit</strong></span> <span class='ocrx_word' id='word_1_381' title='bbox 997 5365 1211 5424; x_wconf 84' lang='lat' dir='ltr'><strong>auctor</strong></span> <span class='ocrx_word' id='word_1_382' title='bbox 1268 5359 1333 5421; x_wconf 88' lang='lat' dir='ltr'><strong>in</strong></span> <span class='ocrx_word' id='word_1_383' title='bbox 1380 5359 1537 5440; x_wconf 89' lang='lat' dir='ltr'><strong>disp.</strong></span> <span class='ocrx_word' id='word_1_384' title='bbox 1588 5361 1657 5422; x_wconf 77' lang='lat'><strong>21</strong></span> <span class='ocrx_word' id='word_1_385' title='bbox 1706 5357 1787 5422; x_wconf 85' lang='lat' dir='ltr'><strong>de</strong></span> <span class='ocrx_word' id='word_1_386' title='bbox 1816 5355 2090 5434; x_wconf 63' lang='lat' dir='ltr'><strong>lunarii„</strong></span> 
     </span>
     <span class='ocr_line' id='line_1_56' title="bbox 522 5453 1007 5532; baseline -0.002 -16"><span class='ocrx_word' id='word_1_387' title='bbox 522 5461 667 5516; x_wconf 83' lang='lat' dir='ltr'><strong>sec-t.</strong></span> <span class='ocrx_word' id='word_1_388' title='bbox 700 5457 758 5532; x_wconf 75' lang='lat'><strong>4,</strong></span> <span class='ocrx_word' id='word_1_389' title='bbox 808 5455 870 5514; x_wconf 90' lang='lat' dir='ltr'><strong>in</strong></span> <span class='ocrx_word' id='word_1_390' title='bbox 900 5453 1007 5515; x_wconf 83' lang='lat' dir='ltr'><strong>fin.</strong></span> 
     </span>
    </p>
   </div>
   <div class='ocr_carea' id='block_1_6' title="bbox 2167 587 3748 2714">
    <p class='ocr_par' dir='ltr' id='par_1_8' title="bbox 2167 587 3748 2714">
     <span class='ocr_line' id='line_1_57' title="bbox 2167 587 3742 666; baseline -0.002 -13"><span class='ocrx_word' id='word_1_391' title='bbox 2167 610 2328 666; x_wconf 88' lang='lat' dir='ltr'><strong>mus,</strong></span> <span class='ocrx_word' id='word_1_392' title='bbox 2359 591 2637 653; x_wconf 87' lang='lat' dir='ltr'><strong>ordinari</strong></span> <span class='ocrx_word' id='word_1_393' title='bbox 2667 590 2742 651; x_wconf 88' lang='lat' dir='ltr'><strong>ad</strong></span> <span class='ocrx_word' id='word_1_394' title='bbox 2771 589 3244 652; x_wconf 80' lang='lat' dir='ltr'><strong>convenientem</strong></span> <span class='ocrx_word' id='word_1_395' title='bbox 3267 590 3563 654; x_wconf 72' lang='lat' dir='ltr'><strong>doctrinae</strong></span> <span class='ocrx_word' id='word_1_396' title='bbox 3589 587 3742 651; x_wconf 82' lang='lat' dir='ltr'><strong>fidei</strong></span> 
     </span>
     <span class='ocr_line' id='line_1_58' title="bbox 2169 680 3740 764; baseline -0.005 -16"><span class='ocrx_word' id='word_1_397' title='bbox 2169 685 2650 764; x_wconf 79' lang='lat' dir='ltr'><strong>expositionem3</strong></span> <span class='ocrx_word' id='word_1_398' title='bbox 2701 689 2970 763; x_wconf 82' lang='lat' dir='ltr'><strong>quatuor</strong></span> <span class='ocrx_word' id='word_1_399' title='bbox 3005 700 3153 744; x_wconf 82' lang='lat' dir='ltr'><strong>vero</strong></span> <span class='ocrx_word' id='word_1_400' title='bbox 3204 682 3358 746; x_wconf 86' lang='lat' dir='ltr'><strong>alias</strong></span> <span class='ocrx_word' id='word_1_401' title='bbox 3415 683 3600 760; x_wconf 81' lang='lat' dir='ltr'><strong>dirigi</strong></span> <span class='ocrx_word' id='word_1_402' title='bbox 3657 680 3740 742; x_wconf 89' lang='lat' dir='ltr'><strong>ad</strong></span> 
     </span>
     <span class='ocr_line' id='line_1_59' title="bbox 2167 775 3746 856; baseline -0.003 -16"><span class='ocrx_word' id='word_1_403' title='bbox 2167 779 2314 840; x_wconf 87' lang='lat' dir='ltr'><strong>fidei</strong></span> <span class='ocrx_word' id='word_1_404' title='bbox 2363 777 2898 841; x_wconf 81' lang='lat' dir='ltr'><strong>confirmationem</strong></span> <span class='ocrx_word' id='word_1_405' title='bbox 2913 792 2934 854; x_wconf 91' lang='lat'>;</span> <span class='ocrx_word' id='word_1_406' title='bbox 2991 777 3146 838; x_wconf 89' lang='lat' dir='ltr'><strong>duas</strong></span> <span class='ocrx_word' id='word_1_407' title='bbox 3199 776 3452 856; x_wconf 88' lang='lat' dir='ltr'><strong>quidem</strong></span> <span class='ocrx_word' id='word_1_408' title='bbox 3511 775 3746 838; x_wconf 82' lang='lat' dir='ltr'><strong>confir-</strong></span> 
     </span>
     <span class='ocr_line' id='line_1_60' title="bbox 2169 871 3745 952; baseline -0.003 -18"><span class='ocrx_word' id='word_1_409' title='bbox 2169 891 2341 937; x_wconf 88' lang='lat' dir='ltr'><strong>mare</strong></span> <span class='ocrx_word' id='word_1_410' title='bbox 2369 872 2576 946; x_wconf 89' lang='lat' dir='ltr'><strong>fidem,</strong></span> <span class='ocrx_word' id='word_1_411' title='bbox 2605 871 2928 934; x_wconf 82' lang='lat' dir='ltr'><strong>efficiendo</strong></span> <span class='ocrx_word' id='word_1_412' title='bbox 2945 889 3134 952; x_wconf 87' lang='lat' dir='ltr'><strong>opera</strong></span> <span class='ocrx_word' id='word_1_413' title='bbox 3159 887 3298 950; x_wconf 84' lang='lat' dir='ltr'><strong>quae</strong></span> <span class='ocrx_word' id='word_1_414' title='bbox 3322 877 3614 934; x_wconf 84' lang='lat' dir='ltr'><strong>naturam</strong></span> <span class='ocrx_word' id='word_1_415' title='bbox 3639 888 3745 930; x_wconf 88' lang='lat' dir='ltr'><strong>su-</strong></span> 
     </span>
     <span class='ocr_line' id='line_1_61' title="bbox 2169 964 3746 1047; baseline -0.001 -19"><span class='ocrx_word' id='word_1_416' title='bbox 2169 972 2413 1047; x_wconf 83' lang='lat' dir='ltr'><strong>perant,</strong></span> <span class='ocrx_word' id='word_1_417' title='bbox 2445 964 2694 1042; x_wconf 83' lang='lat' dir='ltr'><strong>scilicet,</strong></span> <span class='ocrx_word' id='word_1_418' title='bbox 2737 966 3135 1046; x_wconf 63' lang='lat' dir='ltr'><strong>operationem</strong></span> <span class='ocrx_word' id='word_1_419' title='bbox 3161 967 3480 1038; x_wconf 70' lang='lat' dir='ltr'><strong>rirtetum,</strong></span> <span class='ocrx_word' id='word_1_420' title='bbox 3509 969 3566 1028; x_wconf 73' lang='lat' dir='ltr'><strong>et</strong></span> <span class='ocrx_word' id='word_1_421' title='bbox 3593 981 3746 1044; x_wconf 68' lang='lat' dir='ltr'><strong>ara-</strong></span> 
     </span>
     <span class='ocr_line' id='line_1_62' title="bbox 2175 1057 3745 1139; baseline -0.004 -16"><span class='ocrx_word' id='word_1_422' title='bbox 2175 1061 2327 1124; x_wconf 85' lang='lat' dir='ltr'><strong>tiam</strong></span> <span class='ocrx_word' id='word_1_423' title='bbox 2368 1061 2728 1135; x_wconf 75' lang='lat' dir='ltr'><strong>sanitatum,</strong></span> <span class='ocrx_word' id='word_1_424' title='bbox 2759 1077 2922 1139; x_wconf 78' lang='lat' dir='ltr'><strong>quae,</strong></span> <span class='ocrx_word' id='word_1_425' title='bbox 2960 1059 3141 1138; x_wconf 84' lang='lat' dir='ltr'><strong>juxta</strong></span> <span class='ocrx_word' id='word_1_426' title='bbox 3183 1075 3368 1138; x_wconf 79' lang='lat' dir='ltr'><strong>supra</strong></span> <span class='ocrx_word' id='word_1_427' title='bbox 3397 1057 3583 1132; x_wconf 87' lang='lat' dir='ltr'><strong>dicta,</strong></span> <span class='ocrx_word' id='word_1_428' title='bbox 3631 1075 3745 1136; x_wconf 87' lang='lat' dir='ltr'><strong>po-</strong></span> 
     </span>
     <span class='ocr_line' id='line_1_63' title="bbox 2172 1149 3740 1231; baseline -0.003 -17"><span class='ocrx_word' id='word_1_429' title='bbox 2172 1153 2296 1214; x_wconf 86' lang='lat' dir='ltr'><strong>tius</strong></span> <span class='ocrx_word' id='word_1_430' title='bbox 2346 1152 2752 1214; x_wconf 86' lang='lat' dir='ltr'><strong>materialiter</strong></span> <span class='ocrx_word' id='word_1_431' title='bbox 2793 1169 2982 1231; x_wconf 89' lang='lat' dir='ltr'><strong>quam</strong></span> <span class='ocrx_word' id='word_1_432' title='bbox 3033 1151 3376 1215; x_wconf 78' lang='lat' dir='ltr'><strong>formaliter</strong></span> <span class='ocrx_word' id='word_1_433' title='bbox 3415 1149 3740 1212; x_wconf 81' lang='lat' dir='ltr'><strong>differunt.</strong></span> 
     </span>
     <span class='ocr_line' id='line_1_64' title="bbox 2177 1243 3747 1328; baseline -0.004 -20"><span class='ocrx_word' id='word_1_434' title='bbox 2177 1248 2284 1326; x_wconf 85' lang='lat' dir='ltr'><strong>(De</strong></span> <span class='ocrx_word' id='word_1_435' title='bbox 2313 1265 2438 1328; x_wconf 87' lang='lat' dir='ltr'><strong>qua</strong></span> <span class='ocrx_word' id='word_1_436' title='bbox 2467 1245 2724 1326; x_wconf 83' lang='lat' dir='ltr'><strong>proinde</strong></span> <span class='ocrx_word' id='word_1_437' title='bbox 2756 1245 2955 1324; x_wconf 86' lang='lat' dir='ltr'><strong>gratia</strong></span> <span class='ocrx_word' id='word_1_438' title='bbox 2995 1245 3278 1313; x_wconf 70' lang='lat' dir='ltr'><strong>sanitatis</strong></span> <span class='ocrx_word' id='word_1_439' title='bbox 3315 1243 3476 1308; x_wconf 85' lang='lat' dir='ltr'><strong>nihil</strong></span> <span class='ocrx_word' id='word_1_440' title='bbox 3497 1247 3747 1323; x_wconf 84' lang='lat' dir='ltr'><strong>oportet</strong></span> 
     </span>
     <span class='ocr_line' id='line_1_65' title="bbox 2173 1335 3746 1421; baseline -0.004 -19"><span class='ocrx_word' id='word_1_441' title='bbox 2173 1340 2240 1402; x_wconf 88' lang='lat' dir='ltr'><strong>in</strong></span> <span class='ocrx_word' id='word_1_442' title='bbox 2269 1338 2561 1421; x_wconf 85' lang='lat' dir='ltr'><strong>praesenti</strong></span> <span class='ocrx_word' id='word_1_443' title='bbox 2590 1339 2850 1400; x_wconf 85' lang='lat' dir='ltr'><strong>materia</strong></span> <span class='ocrx_word' id='word_1_444' title='bbox 2877 1338 3103 1414; x_wconf 86' lang='lat' dir='ltr'><strong>dicere,</strong></span> <span class='ocrx_word' id='word_1_445' title='bbox 3137 1345 3362 1418; x_wconf 74' lang='lat' dir='ltr'><strong>proeter</strong></span> <span class='ocrx_word' id='word_1_446' title='bbox 3391 1356 3466 1400; x_wconf 89' lang='lat' dir='ltr'><strong>ea</strong></span> <span class='ocrx_word' id='word_1_447' title='bbox 3491 1355 3636 1416; x_wconf 76' lang='lat' dir='ltr'><strong>quae</strong></span> <span class='ocrx_word' id='word_1_448' title='bbox 3663 1335 3746 1397; x_wconf 81' lang='lat' dir='ltr'><strong>do</strong></span> 
     </span>
     <span class='ocr_line' id='line_1_66' title="bbox 2173 1429 3746 1510; baseline -0.003 -15"><span class='ocrx_word' id='word_1_449' title='bbox 2173 1432 2294 1496; x_wconf 85' lang='lat' dir='ltr'><strong>fide</strong></span> <span class='ocrx_word' id='word_1_450' title='bbox 2340 1431 2780 1497; x_wconf 83' lang='lat' dir='ltr'><strong>miraculorum</strong></span> <span class='ocrx_word' id='word_1_451' title='bbox 2826 1431 3096 1494; x_wconf 83' lang='lat' dir='ltr'><strong>diximus</strong></span> <span class='ocrx_word' id='word_1_452' title='bbox 3115 1477 3134 1508; x_wconf 88' lang='lat'>‚</span> <span class='ocrx_word' id='word_1_453' title='bbox 3185 1449 3332 1494; x_wconf 89' lang='lat' dir='ltr'><strong>nam</strong></span> <span class='ocrx_word' id='word_1_454' title='bbox 3381 1429 3548 1510; x_wconf 88' lang='lat' dir='ltr'><strong>quod</strong></span> <span class='ocrx_word' id='word_1_455' title='bbox 3597 1429 3746 1492; x_wconf 86' lang='lat' dir='ltr'><strong>reli-</strong></span> 
     </span>
     <span class='ocr_line' id='line_1_67' title="bbox 2173 1522 3746 1606; baseline -0.003 -18"><span class='ocrx_word' id='word_1_456' title='bbox 2173 1545 2370 1606; x_wconf 89' lang='lat' dir='ltr'><strong>quum</strong></span> <span class='ocrx_word' id='word_1_457' title='bbox 2397 1531 2552 1600; x_wconf 87' lang='lat' dir='ltr'><strong>erat,</strong></span> <span class='ocrx_word' id='word_1_458' title='bbox 2575 1525 2902 1600; x_wconf 86' lang='lat' dir='ltr'><strong>nimirum,</strong></span> <span class='ocrx_word' id='word_1_459' title='bbox 2923 1526 3062 1604; x_wconf 85' lang='lat' dir='ltr'><strong>quis</strong></span> <span class='ocrx_word' id='word_1_460' title='bbox 3085 1525 3166 1586; x_wconf 83' lang='lat' dir='ltr'><strong>sit</strong></span> <span class='ocrx_word' id='word_1_461' title='bbox 3187 1524 3408 1588; x_wconf 83' lang='lat' dir='ltr'><strong>modus</strong></span> <span class='ocrx_word' id='word_1_462' title='bbox 3432 1522 3746 1586; x_wconf 86' lang='lat' dir='ltr'><strong>efficiendi</strong></span> 
     </span>
     <span class='ocr_line' id='line_1_68' title="bbox 2173 1616 3747 1692; baseline 0 -12"><span class='ocrx_word' id='word_1_463' title='bbox 2173 1620 2309 1681; x_wconf 82' lang='lat' dir='ltr'><strong>haec</strong></span> <span class='ocrx_word' id='word_1_464' title='bbox 2339 1618 2664 1692; x_wconf 86' lang='lat' dir='ltr'><strong>miracula,</strong></span> <span class='ocrx_word' id='word_1_465' title='bbox 2689 1618 2756 1679; x_wconf 90' lang='lat' dir='ltr'><strong>in</strong></span> <span class='ocrx_word' id='word_1_466' title='bbox 2797 1619 3060 1682; x_wconf 83' lang='lat' dir='ltr'><strong>materia</strong></span> <span class='ocrx_word' id='word_1_467' title='bbox 3087 1618 3163 1680; x_wconf 92' lang='lat' dir='ltr'><strong>de</strong></span> <span class='ocrx_word' id='word_1_468' title='bbox 3194 1618 3497 1682; x_wconf 86' lang='lat' dir='ltr'><strong>lncaruat.</strong></span> <span class='ocrx_word' id='word_1_469' title='bbox 3529 1625 3594 1678; x_wconf 83' lang='lat' dir='ltr'><strong>et</strong></span> <span class='ocrx_word' id='word_1_470' title='bbox 3633 1616 3747 1680; x_wconf 84' lang='lat' dir='ltr'><strong>Sa·-</strong></span> 
     </span>
     <span class='ocr_line' id='line_1_69' title="bbox 2171 1708 3747 1792; baseline -0.004 -16"><span class='ocrx_word' id='word_1_471' title='bbox 2171 1713 2502 1784; x_wconf 84' lang='lat' dir='ltr'><strong>cramentis</strong></span> <span class='ocrx_word' id='word_1_472' title='bbox 2528 1711 2870 1792; x_wconf 82' lang='lat' dir='ltr'><strong>explicatur</strong></span> <span class='ocrx_word' id='word_1_473' title='bbox 2897 1711 3280 1774; x_wconf 86' lang='lat' dir='ltr'><strong>commodius</strong></span> <span class='ocrx_word' id='word_1_474' title='bbox 3303 1708 3368 1790; x_wconf 89' lang='lat'><strong>¹.)</strong></span> <span class='ocrx_word' id='word_1_475' title='bbox 3396 1708 3566 1772; x_wconf 83' lang='lat' dir='ltr'><strong>Alias</strong></span> <span class='ocrx_word' id='word_1_476' title='bbox 3594 1726 3747 1770; x_wconf 84' lang='lat' dir='ltr'><strong>vero</strong></span> 
     </span>
     <span class='ocr_line' id='line_1_70' title="bbox 2171 1801 3746 1885; baseline -0.003 -17"><span class='ocrx_word' id='word_1_477' title='bbox 2171 1806 2350 1881; x_wconf 88' lang='lat' dir='ltr'><strong>duas,</strong></span> <span class='ocrx_word' id='word_1_478' title='bbox 2383 1804 2632 1880; x_wconf 84' lang='lat' dir='ltr'><strong>scilicet,</strong></span> <span class='ocrx_word' id='word_1_479' title='bbox 2665 1804 3052 1885; x_wconf 83' lang='lat' dir='ltr'><strong>prophetiam</strong></span> <span class='ocrx_word' id='word_1_480' title='bbox 3076 1811 3142 1866; x_wconf 86' lang='lat' dir='ltr'><strong>et</strong></span> <span class='ocrx_word' id='word_1_481' title='bbox 3160 1804 3588 1866; x_wconf 84' lang='lat' dir='ltr'><strong>discretionem</strong></span> <span class='ocrx_word' id='word_1_482' title='bbox 3617 1801 3746 1882; x_wconf 82' lang='lat' dir='ltr'><strong>spi-</strong></span> 
     </span>
     <span class='ocr_line' id='line_1_71' title="bbox 2171 1895 3742 1974; baseline -0.003 -13"><span class='ocrx_word' id='word_1_483' title='bbox 2171 1900 2430 1974; x_wconf 88' lang='lat' dir='ltr'><strong>rituum,</strong></span> <span class='ocrx_word' id='word_1_484' title='bbox 2465 1897 2832 1960; x_wconf 85' lang='lat' dir='ltr'><strong>confirmare</strong></span> <span class='ocrx_word' id='word_1_485' title='bbox 2869 1896 3058 1958; x_wconf 85' lang='lat' dir='ltr'><strong>fidem</strong></span> <span class='ocrx_word' id='word_1_486' title='bbox 3103 1895 3430 1960; x_wconf 73' lang='lat' dir='ltr'><strong>revelando</strong></span> <span class='ocrx_word' id='word_1_487' title='bbox 3467 1895 3742 1970; x_wconf 82' lang='lat' dir='ltr'><strong>occulta,</strong></span> 
     </span>
     <span class='ocr_line' id='line_1_72' title="bbox 2171 1991 3740 2074; baseline -0.003 -21"><span class='ocrx_word' id='word_1_488' title='bbox 2171 2012 2311 2074; x_wconf 85' lang='lat' dir='ltr'><strong>quae</strong></span> <span class='ocrx_word' id='word_1_489' title='bbox 2336 1995 2576 2056; x_wconf 84' lang='lat' dir='ltr'><strong>ratione</strong></span> <span class='ocrx_word' id='word_1_490' title='bbox 2617 1991 2889 2054; x_wconf 89' lang='lat' dir='ltr'><strong>naturali</strong></span> <span class='ocrx_word' id='word_1_491' title='bbox 2927 1991 3214 2070; x_wconf 75' lang='lat' dir='ltr'><strong>cognosc-i</strong></span> <span class='ocrx_word' id='word_1_492' title='bbox 3257 2009 3382 2054; x_wconf 86' lang='lat' dir='ltr'><strong>uon</strong></span> <span class='ocrx_word' id='word_1_493' title='bbox 3429 1994 3688 2070; x_wconf 85' lang='lat' dir='ltr'><strong>possunt</strong></span> <span class='ocrx_word' id='word_1_494' title='bbox 3721 2003 3740 2048; x_wconf 70' lang='grc' dir='ltr'><strong><em>ε</em></strong></span> 
     </span>
     <span class='ocr_line' id='line_1_73' title="bbox 2173 2075 3744 2166; baseline -0.003 -17"><span class='ocrx_word' id='word_1_495' title='bbox 2173 2093 2238 2149; x_wconf 90' lang='lat' dir='ltr'><strong>et</strong></span> <span class='ocrx_word' id='word_1_496' title='bbox 2265 2088 2431 2149; x_wconf 89' lang='lat' dir='ltr'><strong>inter</strong></span> <span class='ocrx_word' id='word_1_497' title='bbox 2477 2105 2542 2148; x_wconf 90' lang='lat' dir='ltr'><strong>se</strong></span> <span class='ocrx_word' id='word_1_498' title='bbox 2581 2087 2772 2148; x_wconf 71' lang='lat' dir='ltr'><strong>etiam</strong></span> <span class='ocrx_word' id='word_1_499' title='bbox 2823 2087 3028 2166; x_wconf 88' lang='lat' dir='ltr'><strong>potius</strong></span> <span class='ocrx_word' id='word_1_500' title='bbox 3089 2075 3500 2146; x_wconf 76' lang='lat' dir='ltr'><strong>materialiter</strong></span> <span class='ocrx_word' id='word_1_501' title='bbox 3547 2101 3744 2162; x_wconf 83' lang='lat' dir='ltr'><strong>quam</strong></span> 
     </span>
     <span class='ocr_line' id='line_1_74' title="bbox 2173 2177 3742 2256; baseline -0.003 -13"><span class='ocrx_word' id='word_1_502' title='bbox 2173 2180 2514 2243; x_wconf 86' lang='lat' dir='ltr'><strong>formaliter</strong></span> <span class='ocrx_word' id='word_1_503' title='bbox 2543 2179 2869 2256; x_wconf 76' lang='lat' dir='ltr'><strong>differuut3</strong></span> <span class='ocrx_word' id='word_1_504' title='bbox 2914 2195 3060 2240; x_wconf 85' lang='lat' dir='ltr'><strong>uam</strong></span> <span class='ocrx_word' id='word_1_505' title='bbox 3095 2177 3382 2238; x_wconf 85' lang='lat' dir='ltr'><strong>discretio</strong></span> <span class='ocrx_word' id='word_1_506' title='bbox 3408 2178 3742 2256; x_wconf 82' lang='lat' dir='ltr'><strong>spirituum</strong></span> 
     </span>
     <span class='ocr_line' id='line_1_75' title="bbox 2175 2267 3744 2354; baseline -0.003 -20"><span class='ocrx_word' id='word_1_507' title='bbox 2175 2275 2488 2354; x_wconf 86' lang='lat' dir='ltr'><strong>quoddam</strong></span> <span class='ocrx_word' id='word_1_508' title='bbox 2515 2267 2712 2350; x_wconf 75' lang='lat' dir='ltr'><strong>gen&#39;us</strong></span> <span class='ocrx_word' id='word_1_509' title='bbox 2751 2272 3088 2354; x_wconf 74' lang='lat' dir='ltr'><strong>prophetiae</strong></span> <span class='ocrx_word' id='word_1_510' title='bbox 3123 2277 3240 2346; x_wconf 67' lang='lat' dir='ltr'><strong>est,</strong></span> <span class='ocrx_word' id='word_1_511' title='bbox 3273 2271 3353 2333; x_wconf 91' lang='lat' dir='ltr'><strong>de</strong></span> <span class='ocrx_word' id='word_1_512' title='bbox 3379 2288 3504 2350; x_wconf 84' lang='lat' dir='ltr'><strong>qua</strong></span> <span class='ocrx_word' id='word_1_513' title='bbox 3531 2287 3744 2332; x_wconf 81' lang='lat' dir='ltr'><strong>conse-</strong></span> 
     </span>
     <span class='ocr_line' id='line_1_76' title="bbox 2175 2365 3744 2450; baseline -0.001 -22"><span class='ocrx_word' id='word_1_514' title='bbox 2175 2373 2436 2450; x_wconf 88' lang='lat' dir='ltr'><strong>quenter</strong></span> <span class='ocrx_word' id='word_1_515' title='bbox 2463 2374 2623 2429; x_wconf 86' lang='lat' dir='ltr'><strong>esset</strong></span> <span class='ocrx_word' id='word_1_516' title='bbox 2643 2365 3114 2446; x_wconf 83' lang='lat' dir='ltr'><strong>disputandum,</strong></span> <span class='ocrx_word' id='word_1_517' title='bbox 3140 2365 3193 2426; x_wconf 93' lang='lat' dir='ltr'><strong>si</strong></span> <span class='ocrx_word' id='word_1_518' title='bbox 3225 2365 3435 2426; x_wconf 86' lang='lat' dir='ltr'><strong>liceret</strong></span> <span class='ocrx_word' id='word_1_519' title='bbox 3459 2383 3568 2442; x_wconf 86' lang='lat' dir='ltr'><strong>per</strong></span> <span class='ocrx_word' id='word_1_520' title='bbox 3587 2371 3744 2426; x_wconf 81' lang='lat' dir='ltr'><strong>tem·</strong></span> 
     </span>
     <span class='ocr_line' id='line_1_77' title="bbox 2175 2461 3745 2543; baseline 0 -21"><span class='ocrx_word' id='word_1_521' title='bbox 2175 2463 2355 2543; x_wconf 75' lang='lat' dir='ltr'><strong>pus‘2.</strong></span> <span class='ocrx_word' id='word_1_522' title='bbox 2387 2462 2476 2524; x_wconf 89' lang='lat' dir='ltr'><strong>Ne</strong></span> <span class='ocrx_word' id='word_1_523' title='bbox 2521 2468 2732 2524; x_wconf 85' lang='lat' dir='ltr'><strong>tamen</strong></span> <span class='ocrx_word' id='word_1_524' title='bbox 2765 2461 2979 2522; x_wconf 88' lang='lat' dir='ltr'><strong>omnia</strong></span> <span class='ocrx_word' id='word_1_525' title='bbox 3020 2461 3494 2540; x_wconf 57' lang='lat' dir='ltr'><strong>praetermittere</strong></span> <span class='ocrx_word' id='word_1_526' title='bbox 3533 2461 3745 2524; x_wconf 79' lang='lat' dir='ltr'><strong>videa·</strong></span> 
     </span>
     <span class='ocr_line' id='line_1_78' title="bbox 2175 2553 3748 2638; baseline -0.002 -20"><span class='ocrx_word' id='word_1_527' title='bbox 2175 2575 2344 2632; x_wconf 85' lang='lat' dir='ltr'><strong>mur,</strong></span> <span class='ocrx_word' id='word_1_528' title='bbox 2369 2556 2696 2633; x_wconf 87' lang='lat' dir='ltr'><strong>nonnulla,</strong></span> <span class='ocrx_word' id='word_1_529' title='bbox 2723 2555 2798 2618; x_wconf 89' lang='lat' dir='ltr'><strong>de</strong></span> <span class='ocrx_word' id='word_1_530' title='bbox 2825 2554 3150 2638; x_wconf 84' lang='lat' dir='ltr'><strong>prophetia</strong></span> <span class='ocrx_word' id='word_1_531' title='bbox 3169 2553 3564 2637; x_wconf 78' lang='lat' dir='ltr'><strong>disputando,</strong></span> <span class='ocrx_word' id='word_1_532' title='bbox 3583 2561 3748 2616; x_wconf 85' lang='lat' dir='ltr'><strong>trac-</strong></span> 
     </span>
     <span class='ocr_line' id='line_1_79' title="bbox 2182 2650 2475 2714; baseline 0.007 -2"><span class='ocrx_word' id='word_1_533' title='bbox 2182 2650 2475 2714; x_wconf 83' lang='lat' dir='ltr'><strong>tabimus.</strong></span> 
     </span>
    </p>
   </div>
   <div class='ocr_carea' id='block_1_7' title="bbox 2789 2787 3128 2876">
    <p class='ocr_par' dir='ltr' id='par_1_9' title="bbox 2789 2787 3128 2876">
     <span class='ocr_line' id='line_1_80' title="bbox 2789 2787 3128 2876; baseline -0.003 -2"><span class='ocrx_word' id='word_1_534' title='bbox 2789 2787 3004 2875; x_wconf 73' lang='lat' dir='ltr'><strong>sacrm</strong></span> <span class='ocrx_word' id='word_1_535' title='bbox 3046 2822 3128 2876; x_wconf 78' lang='grc' dir='ltr'>ιιι.</span> 
     </span>
    </p>
   </div>
   <div class='ocr_carea' id='block_1_8' title="bbox 2180 2967 3748 3168">
    <p class='ocr_par' dir='ltr' id='par_1_10' title="bbox 2180 2967 3748 3168">
     <span class='ocr_line' id='line_1_81' title="bbox 2180 2967 3748 3078; baseline 0 -22"><span class='ocrx_word' id='word_1_536' title='bbox 2180 2991 2350 3070; x_wconf 81' lang='lat' dir='ltr'><strong>Quod</strong></span> <span class='ocrx_word' id='word_1_537' title='bbox 2389 2995 2475 3060; x_wconf 79' lang='lat' dir='ltr'><strong>sit</strong></span> <span class='ocrx_word' id='word_1_538' title='bbox 2523 2993 2810 3068; x_wconf 68' lang='lat' dir='ltr'><strong>objectum</strong></span> <span class='ocrx_word' id='word_1_539' title='bbox 2864 2967 3224 3074; x_wconf 62' lang='lat' dir='ltr'><strong>prophetie</strong></span> <span class='ocrx_word' id='word_1_540' title='bbox 3251 2991 3478 3078; x_wconf 66' lang='lat' dir='ltr'><strong>aratia</strong></span> <span class='ocrx_word' id='word_1_541' title='bbox 3541 2994 3748 3074; x_wconf 57' lang='lat' dir='ltr'><strong>pratis</strong></span> 
     </span>
     <span class='ocr_line' id='line_1_82' title="bbox 2305 3086 3614 3168; baseline -0.002 -18"><span class='ocrx_word' id='word_1_542' title='bbox 2305 3087 2487 3164; x_wconf 84' lang='lat' dir='ltr'><strong>datoe,</strong></span> <span class='ocrx_word' id='word_1_543' title='bbox 2521 3093 2574 3152; x_wconf 79' lang='lat' dir='ltr'><strong>et</strong></span> <span class='ocrx_word' id='word_1_544' title='bbox 2601 3104 2732 3168; x_wconf 77' lang='lat' dir='ltr'><strong>quoe</strong></span> <span class='ocrx_word' id='word_1_545' title='bbox 2760 3087 2844 3151; x_wconf 73' lang='lat' dir='ltr'><strong>sit</strong></span> <span class='ocrx_word' id='word_1_546' title='bbox 2881 3086 3066 3168; x_wconf 73' lang='lat' dir='ltr'><strong>hujus</strong></span> <span class='ocrx_word' id='word_1_547' title='bbox 3088 3087 3352 3152; x_wconf 76' lang='lat' dir='ltr'><strong>nominis</strong></span> <span class='ocrx_word' id='word_1_548' title='bbox 3390 3089 3558 3150; x_wconf 83' lang='lat' dir='ltr'><strong>ratio</strong></span> <span class='ocrx_word' id='word_1_549' title='bbox 3585 3088 3614 3148; x_wconf 70' lang='grc' dir='ltr'><em>ἓ</em></span> 
     </span>
    </p>
   </div>
   <div class='ocr_carea' id='block_1_9' title="bbox 2171 3295 3757 5061">
    <p class='ocr_par' dir='ltr' id='par_1_11' title="bbox 2171 3295 3757 5061">
     <span class='ocr_line' id='line_1_83' title="bbox 2255 3295 3752 3380; baseline 0 -20"><span class='ocrx_word' id='word_1_550' title='bbox 2255 3301 2313 3360; x_wconf 90' lang='grc'><strong>1.</strong></span> <span class='ocrx_word' id='word_1_551' title='bbox 2343 3297 2533 3362; x_wconf 75' lang='lat' dir='ltr'><strong>Ratio</strong></span> <span class='ocrx_word' id='word_1_552' title='bbox 2559 3298 2820 3364; x_wconf 69' lang='lat' dir='ltr'><strong>nominis</strong></span> <span class='ocrx_word' id='word_1_553' title='bbox 2849 3297 3206 3380; x_wconf 63' lang='lat' dir='ltr'><strong>prophetia.</strong></span> <span class='ocrx_word' id='word_1_554' title='bbox 3236 3325 3318 3346; x_wconf 82' lang='lat'><strong>-·</strong></span> <span class='ocrx_word' id='word_1_555' title='bbox 3349 3295 3752 3376; x_wconf 62' lang='lat' dir='ltr'><strong>Etymolooia</strong></span> 
     </span>
     <span class='ocr_line' id='line_1_84' title="bbox 2171 3389 3752 3472; baseline 0 -18"><span class='ocrx_word' id='word_1_556' title='bbox 2171 3391 2408 3455; x_wconf 73' lang='lat' dir='ltr'><strong>Isidori</strong></span> <span class='ocrx_word' id='word_1_557' title='bbox 2431 3392 2840 3472; x_wconf 69' lang='lat' dir='ltr'><strong>postponitur.</strong></span> <span class='ocrx_word' id='word_1_558' title='bbox 2865 3425 2948 3440; x_wconf 89' lang='lat'>—</span> <span class='ocrx_word' id='word_1_559' title='bbox 2963 3391 3156 3468; x_wconf 78' lang='lat' dir='ltr'><strong>Quam</strong></span> <span class='ocrx_word' id='word_1_560' title='bbox 3183 3390 3306 3454; x_wconf 69' lang='lat' dir='ltr'><strong>zato</strong></span> <span class='ocrx_word' id='word_1_561' title='bbox 3322 3389 3752 3471; x_wconf 58' lang='lat' dir='ltr'><strong>potentiani-</strong></span> 
     </span>
     <span class='ocr_line' id='line_1_85' title="bbox 2171 3481 3754 3570; baseline -0.004 -20"><span class='ocrx_word' id='word_1_562' title='bbox 2171 3487 2422 3564; x_wconf 78' lang='lat' dir='ltr'><strong>stoatum</strong></span> <span class='ocrx_word' id='word_1_563' title='bbox 2463 3487 2821 3570; x_wconf 71' lang='lat' dir='ltr'><strong>prophetice.</strong></span> <span class='ocrx_word' id='word_1_564' title='bbox 2861 3519 2946 3534; x_wconf 92' lang='lat'><em>—</em></span> <span class='ocrx_word' id='word_1_565' title='bbox 2973 3487 3065 3548; x_wconf 84' lang='lat' dir='ltr'><strong>Ex</strong></span> <span class='ocrx_word' id='word_1_566' title='bbox 3103 3483 3398 3546; x_wconf 85' lang='lat' dir='ltr'><strong>omnibus</strong></span> <span class='ocrx_word' id='word_1_567' title='bbox 3438 3481 3754 3563; x_wconf 83' lang='lat' dir='ltr'><strong>ejusmodi</strong></span> 
     </span>
     <span class='ocr_line' id='line_1_86' title="bbox 2173 3575 3753 3661; baseline -0.001 -22"><span class='ocrx_word' id='word_1_568' title='bbox 2173 3580 2390 3658; x_wconf 85' lang='lat' dir='ltr'><strong>gratiis</strong></span> <span class='ocrx_word' id='word_1_569' title='bbox 2417 3597 2558 3661; x_wconf 78' lang='lat' dir='ltr'><strong>quae</strong></span> <span class='ocrx_word' id='word_1_570' title='bbox 2597 3597 2745 3642; x_wconf 87' lang='lat' dir='ltr'><strong>cum</strong></span> <span class='ocrx_word' id='word_1_571' title='bbox 2773 3579 2899 3642; x_wconf 86' lang='lat' dir='ltr'><strong>fide</strong></span> <span class='ocrx_word' id='word_1_572' title='bbox 2938 3578 3175 3643; x_wconf 86' lang='lat' dir='ltr'><strong>habent</strong></span> <span class='ocrx_word' id='word_1_573' title='bbox 3211 3576 3488 3658; x_wconf 84' lang='lat' dir='ltr'><strong>aliquam</strong></span> <span class='ocrx_word' id='word_1_574' title='bbox 3529 3575 3753 3641; x_wconf 81' lang='lat' dir='ltr'><strong>simili-</strong></span> 
     </span>
     <span class='ocr_line' id='line_1_87' title="bbox 2175 3669 3752 3754; baseline 0.001 -23"><span class='ocrx_word' id='word_1_575' title='bbox 2175 3673 2480 3750; x_wconf 90' lang='lat' dir='ltr'><strong>tudinem,</strong></span> <span class='ocrx_word' id='word_1_576' title='bbox 2533 3681 2810 3754; x_wconf 87' lang='lat' dir='ltr'><strong>superest</strong></span> <span class='ocrx_word' id='word_1_577' title='bbox 2857 3673 3056 3736; x_wconf 90' lang='lat' dir='ltr'><strong>solum</strong></span> <span class='ocrx_word' id='word_1_578' title='bbox 3113 3671 3454 3753; x_wconf 75' lang='lat' dir='ltr'><strong>prophetiae</strong></span> <span class='ocrx_word' id='word_1_579' title='bbox 3507 3669 3752 3734; x_wconf 80' lang='lat' dir='ltr'><strong>donum</strong></span> 
     </span>
     <span class='ocr_line' id='line_1_88' title="bbox 2173 3763 3754 3848; baseline -0.001 -20"><span class='ocrx_word' id='word_1_580' title='bbox 2173 3767 2636 3846; x_wconf 85' lang='lat' dir='ltr'><strong>explicandum,</strong></span> <span class='ocrx_word' id='word_1_581' title='bbox 2661 3777 2730 3829; x_wconf 86' lang='lat' dir='ltr'><strong>ut</strong></span> <span class='ocrx_word' id='word_1_582' title='bbox 2758 3785 2834 3830; x_wconf 88' lang='lat' dir='ltr'><strong>ex</strong></span> <span class='ocrx_word' id='word_1_583' title='bbox 2865 3767 2992 3830; x_wconf 88' lang='lat' dir='ltr'><strong>fine</strong></span> <span class='ocrx_word' id='word_1_584' title='bbox 3018 3766 3422 3848; x_wconf 73' lang='lat' dir='ltr'><strong>praecedentis</strong></span> <span class='ocrx_word' id='word_1_585' title='bbox 3459 3763 3754 3827; x_wconf 83' lang='lat' dir='ltr'><strong>sectionis</strong></span> 
     </span>
     <span class='ocr_line' id='line_1_89' title="bbox 2173 3857 3752 3941; baseline -0.002 -21"><span class='ocrx_word' id='word_1_586' title='bbox 2173 3866 2344 3940; x_wconf 85' lang='lat' dir='ltr'><strong>patet</strong></span> <span class='ocrx_word' id='word_1_587' title='bbox 2361 3906 2383 3937; x_wconf 92' lang='lat'><strong>,</strong></span> <span class='ocrx_word' id='word_1_588' title='bbox 2437 3861 2517 3921; x_wconf 88' lang='lat' dir='ltr'><strong>ad</strong></span> <span class='ocrx_word' id='word_1_589' title='bbox 2582 3861 2749 3941; x_wconf 91' lang='lat' dir='ltr'><strong>quod</strong></span> <span class='ocrx_word' id='word_1_590' title='bbox 2803 3863 2992 3922; x_wconf 91' lang='lat' dir='ltr'><strong>etiam</strong></span> <span class='ocrx_word' id='word_1_591' title='bbox 3045 3861 3310 3940; x_wconf 87' lang='lat' dir='ltr'><strong>gratiam</strong></span> <span class='ocrx_word' id='word_1_592' title='bbox 3359 3857 3752 3923; x_wconf 76' lang='lat' dir='ltr'><strong>discretionis</strong></span> 
     </span>
     <span class='ocr_line' id='line_1_90' title="bbox 2171 3951 3752 4032; baseline 0 -19"><span class='ocrx_word' id='word_1_593' title='bbox 2171 3953 2511 4032; x_wconf 85' lang='lat' dir='ltr'><strong>spirituum</strong></span> <span class='ocrx_word' id='word_1_594' title='bbox 2547 3973 2688 4016; x_wconf 86' lang='lat' dir='ltr'><strong>cum</strong></span> <span class='ocrx_word' id='word_1_595' title='bbox 2717 3954 2788 4016; x_wconf 91' lang='lat' dir='ltr'><strong>D.</strong></span> <span class='ocrx_word' id='word_1_596' title='bbox 2822 3954 3062 4016; x_wconf 89' lang='lat' dir='ltr'><strong>Thoma</strong></span> <span class='ocrx_word' id='word_1_597' title='bbox 3103 3951 3524 4017; x_wconf 79' lang='lat' dir='ltr'><strong>revocabimus</strong></span> <span class='ocrx_word' id='word_1_598' title='bbox 3539 3966 3562 4030; x_wconf 93' lang='lat'>;</span> <span class='ocrx_word' id='word_1_599' title='bbox 3603 3967 3752 4031; x_wconf 85' lang='lat' dir='ltr'><strong>pro-</strong></span> 
     </span>
     <span class='ocr_line' id='line_1_91' title="bbox 2175 4043 3748 4124; baseline -0.003 -16"><span class='ocrx_word' id='word_1_600' title='bbox 2175 4046 2463 4108; x_wconf 87' lang='lat' dir='ltr'><strong>cedemus</strong></span> <span class='ocrx_word' id='word_1_601' title='bbox 2499 4054 2710 4110; x_wconf 84' lang='lat' dir='ltr'><strong>autem</strong></span> <span class='ocrx_word' id='word_1_602' title='bbox 2757 4048 2827 4110; x_wconf 87' lang='lat' dir='ltr'><strong>in</strong></span> <span class='ocrx_word' id='word_1_603' title='bbox 2871 4045 2990 4124; x_wconf 76' lang='lat' dir='ltr'><strong>hac</strong></span> <span class='ocrx_word' id='word_1_604' title='bbox 3047 4065 3116 4110; x_wconf 88' lang='lat' dir='ltr'><strong>re</strong></span> <span class='ocrx_word' id='word_1_605' title='bbox 3161 4046 3378 4110; x_wconf 83' lang='lat' dir='ltr'><strong>eadem</strong></span> <span class='ocrx_word' id='word_1_606' title='bbox 3413 4043 3748 4117; x_wconf 69' lang='lat' dir='ltr'><strong>methodo,</strong></span> 
     </span>
     <span class='ocr_line' id='line_1_92' title="bbox 2173 4135 3754 4221; baseline -0.002 -21"><span class='ocrx_word' id='word_1_607' title='bbox 2173 4139 2332 4202; x_wconf 88' lang='lat' dir='ltr'><strong>sicut</strong></span> <span class='ocrx_word' id='word_1_608' title='bbox 2379 4141 2448 4202; x_wconf 90' lang='lat' dir='ltr'><strong>in</strong></span> <span class='ocrx_word' id='word_1_609' title='bbox 2499 4139 2643 4205; x_wconf 84' lang='lat' dir='ltr'><strong>fide.</strong></span> <span class='ocrx_word' id='word_1_610' title='bbox 2699 4142 2804 4202; x_wconf 84' lang='lat' dir='ltr'><strong>Est</strong></span> <span class='ocrx_word' id='word_1_611' title='bbox 2849 4139 3019 4202; x_wconf 90' lang='lat' dir='ltr'><strong>enim</strong></span> <span class='ocrx_word' id='word_1_612' title='bbox 3057 4137 3382 4221; x_wconf 86' lang='lat' dir='ltr'><strong>prophetia</strong></span> <span class='ocrx_word' id='word_1_613' title='bbox 3431 4135 3754 4217; x_wconf 83' lang='lat' dir='ltr'><strong>quoddam</strong></span> 
     </span>
     <span class='ocr_line' id='line_1_93' title="bbox 2175 4227 3757 4314; baseline -0.003 -20"><span class='ocrx_word' id='word_1_614' title='bbox 2175 4250 2376 4312; x_wconf 85' lang='lat' dir='ltr'><strong>genus</strong></span> <span class='ocrx_word' id='word_1_615' title='bbox 2401 4232 2776 4314; x_wconf 82' lang='lat' dir='ltr'><strong>cognitionis</strong></span> <span class='ocrx_word' id='word_1_616' title='bbox 2798 4233 3312 4314; x_wconf 82' lang='lat' dir='ltr'><strong>supernaturalis,</strong></span> <span class='ocrx_word' id='word_1_617' title='bbox 3343 4231 3522 4311; x_wconf 76' lang='lat' dir='ltr'><strong>cujus</strong></span> <span class='ocrx_word' id='word_1_618' title='bbox 3545 4227 3757 4308; x_wconf 74' lang='lat' dir='ltr'><strong>abjec-</strong></span> 
     </span>
     <span class='ocr_line' id='line_1_94' title="bbox 2175 4319 3754 4407; baseline -0.002 -21"><span class='ocrx_word' id='word_1_619' title='bbox 2175 4331 2311 4386; x_wconf 91' lang='lat' dir='ltr'><strong>tum</strong></span> <span class='ocrx_word' id='word_1_620' title='bbox 2366 4332 2430 4388; x_wconf 87' lang='lat' dir='ltr'><strong>et</strong></span> <span class='ocrx_word' id='word_1_621' title='bbox 2473 4326 2722 4388; x_wconf 86' lang='lat' dir='ltr'><strong>habitus</strong></span> <span class='ocrx_word' id='word_1_622' title='bbox 2763 4325 2943 4388; x_wconf 90' lang='lat' dir='ltr'><strong>nohis</strong></span> <span class='ocrx_word' id='word_1_623' title='bbox 2993 4324 3356 4407; x_wconf 80' lang='lat' dir='ltr'><strong>explicanda</strong></span> <span class='ocrx_word' id='word_1_624' title='bbox 3398 4329 3568 4388; x_wconf 71' lang='lat' dir='ltr'><strong>sunt.</strong></span> <span class='ocrx_word' id='word_1_625' title='bbox 3625 4319 3754 4384; x_wconf 86' lang='lat' dir='ltr'><strong>Sed</strong></span> 
     </span>
     <span class='ocr_line' id='line_1_95' title="bbox 2173 4412 3754 4500; baseline -0.004 -19"><span class='ocrx_word' id='word_1_626' title='bbox 2173 4420 2346 4500; x_wconf 90' lang='lat' dir='ltr'><strong>prius</strong></span> <span class='ocrx_word' id='word_1_627' title='bbox 2387 4420 2546 4482; x_wconf 83' lang='lat' dir='ltr'><strong>ratio</strong></span> <span class='ocrx_word' id='word_1_628' title='bbox 2587 4419 2886 4496; x_wconf 75' lang='lat' dir='ltr'><strong>neminie,</strong></span> <span class='ocrx_word' id='word_1_629' title='bbox 2915 4425 2980 4482; x_wconf 89' lang='lat' dir='ltr'><strong>et</strong></span> <span class='ocrx_word' id='word_1_630' title='bbox 3005 4417 3332 4500; x_wconf 83' lang='lat' dir='ltr'><strong>multiplex</strong></span> <span class='ocrx_word' id='word_1_631' title='bbox 3349 4417 3484 4498; x_wconf 83' lang='lat' dir='ltr'><strong>ejus</strong></span> <span class='ocrx_word' id='word_1_632' title='bbox 3508 4412 3754 4494; x_wconf 82' lang='lat' dir='ltr'><strong>signifi-—</strong></span> 
     </span>
     <span class='ocr_line' id='line_1_96' title="bbox 2175 4507 3754 4593; baseline -0.004 -19"><span class='ocrx_word' id='word_1_633' title='bbox 2175 4513 2334 4574; x_wconf 88' lang='lat' dir='ltr'><strong>catio</strong></span> <span class='ocrx_word' id='word_1_634' title='bbox 2361 4512 2732 4576; x_wconf 89' lang='lat' dir='ltr'><strong>declaranda</strong></span> <span class='ocrx_word' id='word_1_635' title='bbox 2765 4519 2880 4589; x_wconf 90' lang='lat' dir='ltr'><strong>est,</strong></span> <span class='ocrx_word' id='word_1_636' title='bbox 2907 4513 2985 4574; x_wconf 90' lang='lat' dir='ltr'><strong>de</strong></span> <span class='ocrx_word' id='word_1_637' title='bbox 3009 4529 3137 4593; x_wconf 86' lang='lat' dir='ltr'><strong>quo</strong></span> <span class='ocrx_word' id='word_1_638' title='bbox 3181 4510 3379 4572; x_wconf 84' lang='lat' dir='ltr'><strong>videri</strong></span> <span class='ocrx_word' id='word_1_639' title='bbox 3405 4514 3606 4589; x_wconf 86' lang='lat' dir='ltr'><strong>potest</strong></span> <span class='ocrx_word' id='word_1_640' title='bbox 3622 4507 3754 4568; x_wconf 78' lang='lat' dir='ltr'><strong>late</strong></span> 
     </span>
     <span class='ocr_line' id='line_1_97' title="bbox 2172 4595 3747 4686; baseline -0.005 -18"><span class='ocrx_word' id='word_1_641' title='bbox 2172 4605 2452 4683; x_wconf 67' lang='lat' dir='ltr'><strong>Jansen„</strong></span> <span class='ocrx_word' id='word_1_642' title='bbox 2487 4625 2623 4686; x_wconf 91' lang='lat' dir='ltr'><strong>cap.</strong></span> <span class='ocrx_word' id='word_1_643' title='bbox 2653 4607 2730 4667; x_wconf 68' lang='lat'><strong>47</strong></span> <span class='ocrx_word' id='word_1_644' title='bbox 2772 4605 3097 4682; x_wconf 90' lang='lat' dir='ltr'><strong>Concord.,</strong></span> <span class='ocrx_word' id='word_1_645' title='bbox 3123 4595 3206 4666; x_wconf 71' lang='lat' dir='ltr'><strong>et&#39;</strong></span> <span class='ocrx_word' id='word_1_646' title='bbox 3225 4603 3336 4666; x_wconf 89' lang='lat' dir='ltr'><strong>alii</strong></span> <span class='ocrx_word' id='word_1_647' title='bbox 3357 4603 3426 4664; x_wconf 86' lang='lat' dir='ltr'><strong>in</strong></span> <span class='ocrx_word' id='word_1_648' title='bbox 3473 4599 3683 4675; x_wconf 69' lang='lat' dir='ltr'><strong>Paul„</strong></span> <span class='ocrx_word' id='word_1_649' title='bbox 3715 4603 3747 4660; x_wconf 85' lang='grc'><strong>1</strong></span> 
     </span>
     <span class='ocr_line' id='line_1_98' title="bbox 2173 4699 3754 4782; baseline -0.001 -22"><span class='ocrx_word' id='word_1_650' title='bbox 2173 4699 2449 4774; x_wconf 77' lang='lat' dir='ltr'><strong>Corinth.</strong></span> <span class='ocrx_word' id='word_1_651' title='bbox 2503 4701 2600 4761; x_wconf 77' lang='lat'><strong>14.</strong></span> <span class='ocrx_word' id='word_1_652' title='bbox 2645 4699 2991 4782; x_wconf 66' lang='lat' dir='ltr'><strong>Prophetioe</strong></span> <span class='ocrx_word' id='word_1_653' title='bbox 3039 4715 3187 4778; x_wconf 88' lang='lat' dir='ltr'><strong>ergo</strong></span> <span class='ocrx_word' id='word_1_654' title='bbox 3215 4715 3446 4760; x_wconf 88' lang='lat' dir='ltr'><strong>nomen</strong></span> <span class='ocrx_word' id='word_1_655' title='bbox 3472 4703 3754 4775; x_wconf 79' lang='lat' dir='ltr'><strong>graecum</strong></span> 
     </span>
     <span class='ocr_line' id='line_1_99' title="bbox 2171 4785 3753 4868; baseline -0.004 -14"><span class='ocrx_word' id='word_1_656' title='bbox 2171 4799 2284 4868; x_wconf 87' lang='lat' dir='ltr'><strong>est,</strong></span> <span class='ocrx_word' id='word_1_657' title='bbox 2317 4812 2360 4854; x_wconf 90' lang='lat' dir='ltr'><strong>a</strong></span> <span class='ocrx_word' id='word_1_658' title='bbox 2384 4793 2572 4854; x_wconf 85' lang='lat' dir='ltr'><strong>verbo</strong></span> <span class='ocrx_word' id='word_1_659' title='bbox 2597 4803 2932 4868; x_wconf 75' lang='grc' dir='ltr'><strong>προφητέυειν,</strong></span> <span class='ocrx_word' id='word_1_660' title='bbox 2982 4791 3347 4865; x_wconf 85' lang='lat' dir='ltr'><strong>deductum,</strong></span> <span class='ocrx_word' id='word_1_661' title='bbox 3385 4788 3554 4868; x_wconf 87' lang='lat' dir='ltr'><strong>quod</strong></span> <span class='ocrx_word' id='word_1_662' title='bbox 3587 4785 3753 4851; x_wconf 87' lang='lat' dir='ltr'><strong>mul·</strong></span> 
     </span>
     <span class='ocr_line' id='line_1_100' title="bbox 2173 4880 3748 4966; baseline -0.003 -20"><span class='ocrx_word' id='word_1_663' title='bbox 2173 4892 2267 4948; x_wconf 87' lang='lat' dir='ltr'><strong>tas</strong></span> <span class='ocrx_word' id='word_1_664' title='bbox 2299 4885 2490 4949; x_wconf 86' lang='lat' dir='ltr'><strong>habet</strong></span> <span class='ocrx_word' id='word_1_665' title='bbox 2515 4885 3018 4966; x_wconf 83' lang='lat' dir='ltr'><strong>significationes.</strong></span> <span class='ocrx_word' id='word_1_666' title='bbox 3071 4886 3230 4946; x_wconf 83' lang='lat' dir='ltr'><strong>Nam</strong></span> <span class='ocrx_word' id='word_1_667' title='bbox 3279 4889 3344 4944; x_wconf 90' lang='lat' dir='ltr'><strong>et</strong></span> <span class='ocrx_word' id='word_1_668' title='bbox 3383 4880 3748 4954; x_wconf 81' lang='lat' dir='ltr'><strong>vaticinare,</strong></span> 
     </span>
     <span class='ocr_line' id='line_1_101' title="bbox 2172 4973 3754 5061; baseline -0.004 -20"><span class='ocrx_word' id='word_1_669' title='bbox 2172 4986 2234 5041; x_wconf 92' lang='lat' dir='ltr'><strong>et</strong></span> <span class='ocrx_word' id='word_1_670' title='bbox 2262 4983 2617 5061; x_wconf 60' lang='lat' dir='ltr'><strong>praesagire,</strong></span> <span class='ocrx_word' id='word_1_671' title='bbox 2652 4989 2714 5042; x_wconf 85' lang='lat' dir='ltr'><strong>et</strong></span> <span class='ocrx_word' id='word_1_672' title='bbox 2739 4979 3132 5060; x_wconf 86' lang='lat' dir='ltr'><strong>interpretari</strong></span> <span class='ocrx_word' id='word_1_673' title='bbox 3147 4975 3484 5057; x_wconf 80' lang='lat' dir='ltr'><strong>signifieat.</strong></span> <span class='ocrx_word' id='word_1_674' title='bbox 3511 4973 3754 5035; x_wconf 87' lang='lat' dir='ltr'><strong>Deduc-</strong></span> 
     </span>
    </p>
   </div>
   <div class='ocr_carea' id='block_1_10' title="bbox 2175 5159 3747 5513">
    <p class='ocr_par' dir='ltr' id='par_1_12' title="bbox 2175 5159 3747 5513">
     <span class='ocr_line' id='line_1_102' title="bbox 2261 5159 3746 5248; baseline -0.009 -17"><span class='ocrx_word' id='word_1_675' title='bbox 2261 5173 2276 5209; x_wconf 94' lang='lat'><strong>¹</strong></span> <span class='ocrx_word' id='word_1_676' title='bbox 2299 5169 2572 5232; x_wconf 87' lang='lat' dir='ltr'><strong>Habetur</strong></span> <span class='ocrx_word' id='word_1_677' title='bbox 2594 5170 2724 5248; x_wconf 82' lang='lat' dir='ltr'><strong>jam</strong></span> <span class='ocrx_word' id='word_1_678' title='bbox 2743 5169 2812 5230; x_wconf 89' lang='lat' dir='ltr'><strong>in</strong></span> <span class='ocrx_word' id='word_1_679' title='bbox 2831 5173 2985 5230; x_wconf 82' lang='lat' dir='ltr'><strong>tom.</strong></span> <span class='ocrx_word' id='word_1_680' title='bbox 3001 5167 3078 5230; x_wconf 84' lang='lat' dir='ltr'><strong>de</strong></span> <span class='ocrx_word' id='word_1_681' title='bbox 3096 5167 3367 5242; x_wconf 68' lang='lat' dir='ltr'><strong>incarn„</strong></span> <span class='ocrx_word' id='word_1_682' title='bbox 3381 5163 3617 5240; x_wconf 77' lang='lat' dir='ltr'><strong>disput.</strong></span> <span class='ocrx_word' id='word_1_683' title='bbox 3641 5159 3746 5234; x_wconf 71' lang='lat'><strong>31,</strong></span> 
     </span>
     <span class='ocr_line' id='line_1_103' title="bbox 2175 5262 2962 5344; baseline -0.005 -18"><span class='ocrx_word' id='word_1_684' title='bbox 2175 5269 2239 5326; x_wconf 88' lang='lat' dir='ltr'><strong>et</strong></span> <span class='ocrx_word' id='word_1_685' title='bbox 2265 5262 2344 5324; x_wconf 90' lang='lat' dir='ltr'><strong>de</strong></span> <span class='ocrx_word' id='word_1_686' title='bbox 2367 5264 2639 5325; x_wconf 82' lang='lat' dir='ltr'><strong>Sacram.</strong></span> <span class='ocrx_word' id='word_1_687' title='bbox 2647 5307 2672 5340; x_wconf 91' lang='lat'><strong>,</strong></span> <span class='ocrx_word' id='word_1_688' title='bbox 2699 5262 2859 5344; x_wconf 81' lang='lat' dir='ltr'><strong>disp.</strong></span> <span class='ocrx_word' id='word_1_689' title='bbox 2900 5264 2962 5329; x_wconf 76' lang='lat'><strong>9.</strong></span> 
     </span>
     <span class='ocr_line' id='line_1_104' title="bbox 2179 5348 3747 5513; baseline -0.006 -96"><span class='ocrx_word' id='word_1_690' title='bbox 2179 5357 2480 5513; x_wconf 48' lang='lat' dir='ltr'><strong>nuznhatg</strong></span> <span class='ocrx_word' id='word_1_691' title='bbox 2501 5358 2834 5437; x_wconf 80' lang='lat' dir='ltr'><strong>exponitur</strong></span> <span class='ocrx_word' id='word_1_692' title='bbox 2860 5355 2928 5418; x_wconf 90' lang='lat' dir='ltr'><strong>iu</strong></span> <span class='ocrx_word' id='word_1_693' title='bbox 2959 5351 3119 5418; x_wconf 78' lang='lat' dir='ltr'><strong>Ptol.</strong></span> <span class='ocrx_word' id='word_1_694' title='bbox 3161 5353 3201 5416; x_wconf 79' lang='lat'><strong>3</strong></span> <span class='ocrx_word' id='word_1_695' title='bbox 3237 5349 3316 5414; x_wconf 80' lang='lat' dir='ltr'><strong>dc</strong></span> <span class='ocrx_word' id='word_1_696' title='bbox 3341 5348 3542 5423; x_wconf 59' lang='lat' dir='ltr'><strong>Grac,</strong></span> <span class='ocrx_word' id='word_1_697' title='bbox 3571 5366 3626 5410; x_wconf 92' lang='lat' dir='ltr'><strong>c.</strong></span> <span class='ocrx_word' id='word_1_698' title='bbox 3677 5348 3747 5422; x_wconf 75' lang='lat'><strong>5,</strong></span> 
     </span>
    </p>
   </div>
   <div class='ocr_carea' id='block_1_11' title="bbox 2311 5633 2359 5676">
    <p class='ocr_par' dir='ltr' id='par_1_13' title="bbox 2311 5633 2359 5676">
     <span class='ocr_line' id='line_1_105' title="bbox 2311 5633 2359 5676; baseline 0 0"><span class='ocrx_word' id='word_1_699' title='bbox 2311 5633 2359 5676; x_wconf 61' lang='grc' dir='ltr'><em>Φ</em></span> 
     </span>
    </p>
   </div>
  </div>
 </body>
</html>
