3900 6217
781 424 951 479 sssc‘r.
989 426 1067 479 lv.
1105 424 1188 477 AN
1221 421 1496 480 HAERESIS
1527 420 1647 479 PER
1677 420 1965 481 Jumcmn
2006 424 2336 482 mitonem
2370 428 2841 483 consumimus.

201 530 445 602 catum,
473 524 636 606 quod
668 526 936 587 exterius
967 526 1396 605 committitur,
1425 534 1486 589 et
1521 544 1631 608 per
1663 547 1768 588 vo·

203 618 513 681 luntatem
571 620 936 700 imperatur,
993 618 1060 679 in
1112 619 1246 699 ipso
1287 620 1432 683 actu
1478 620 1768 684 exteriori

203 719 697 788 consummatur,
768 719 838 772 ut
889 710 1298 774 homicidium
1364 716 1428 774 iu
1501 714 1771 775 hominis

203 804 538 880 occisione,
568 806 805 866 furtum
837 806 904 866 in
948 806 1261 869 ablatione
1303 806 1392 869 rei
1433 808 1680 885 alienae,
1710 812 1774 868 et

203 900 296 959 sic
329 899 406 959 de
459 898 630 975 aliis3
678 916 826 977 ergo
855 899 1139 961 similiter
1190 900 1443 963 hoeresis
1493 919 1774 962 consum-

203 1000 425 1053 matur
444 992 509 1053 iu
545 992 899 1073 intellectu3
934 1013 1056 1054 non
1078 1002 1543 1056 consummatur
1565 1006 1771 1056 autem

203 1086 334 1145 nisi
381 1087 446 1146 in
480 1086 715 1164 judicio
757 1104 1051 1165 errone03
1083 1106 1231 1167 ergo
1259 1088 1410 1149 illud
1439 1093 1531 1151 est
1559 1088 1634 1151 de
1680 1108 1776 1151 ra-

201 1177 382 1241 tione
431 1180 684 1242 haeresis
725 1188 1192 1244 cousummatae.
1239 1182 1545 1259 Secundo,
1579 1181 1774 1243 decla-

205 1278 392 1333 ratur
433 1274 599 1335 idem
643 1291 680 1334 a
733 1273 1064 1350 contrario,
1119 1274 1348 1337 scilicet
1397 1294 1436 1336 a
1475 1274 1620 1351 fide,
1676 1276 1777 1337 cui

205 1366 470 1428 haeresis
499 1368 862 1447 opponitur;
918 1386 1064 1430 nam
1115 1368 1286 1444 fides,
1340 1367 1483 1431 licet
1525 1368 1777 1431 initium

205 1458 443 1521 habeat
489 1478 526 1521 a
579 1460 920 1536 voluntate,
973 1468 1440 1522 consummatur
1490 1461 1554 1522 in
1599 1460 1778 1522 intel-

206 1552 377 1613 lectu
417 1572 530 1632 per
575 1570 914 1629 assensum,
951 1570 1060 1615 seu
1094 1554 1408 1633 judicium
1468 1555 1740 1615 veritatis
1753 1571 1776 1633 3

205 1645 463 1707 haeresis
501 1652 708 1715 autem
753 1646 1086 1727 opponitur
1123 1646 1291 1724 fidei,
1341 1666 1468 1709 non
1533 1653 1778 1709 tantum

207 1732 544 1817 privative,
578 1739 682 1800 sed
715 1740 1040 1815 contrarie,
1073 1746 1142 1801 ut
1185 1740 1418 1802 dictum
1456 1746 1580 1817 est3
1629 1760 1778 1821 ergo

209 1830 490 1907 haeresis,
517 1832 659 1894 licet
677 1832 1004 1895 inchoetur
1029 1834 1094 1894 in
1124 1833 1464 1912 voluntate,
1495 1854 1779 1897 consum·

213 1930 430 1985 matur
482 1928 547 1986 in
591 1924 906 1987 intellectu
957 1944 1064 2005 per
1093 1926 1362 2007 aliquem
1389 1933 1598 1991 actum
1636 1926 1779 1991 fidei

213 2019 496 2079 assensui
523 2022 924 2094 contrarium,
972 2020 1080 2101 qui
1114 2038 1245 2081 esse
1279 2039 1404 2082 non
1433 2028 1630 2102 potest
1661 2022 1780 2083 nisi

213 2128 528 2189 assensus,
558 2130 664 2173 seu
709 2112 1014 2194 judicium
1064 2112 1311 2176 falsum.
1357 2115 1589 2190 Tertio,
1645 2116 1780 2176 aliae

207 2204 618 2267 infidelitates
673 2206 1020 2285 paganismi
1064 2206 1164 2267 vel
1209 2207 1502 2286 judaismi
1558 2208 1784 2269 consis-

211 2304 364 2359 tunt
407 2298 474 2358 in
500 2298 809 2360 erroribus
847 2298 1232 2378 intellectus3
1266 2318 1414 2379 ergo
1448 2300 1634 2363 etiam
1655 2298 1784 2361 11ae-

213 2391 410 2465 rcsis3
475 2409 624 2453 nam
680 2392 1077 2453 continentur
1121 2390 1236 2453 sub
1287 2393 1502 2453 eodem
1559 2410 1783 2471 genere

215 2485 502 2565 positivae
555 2484 960 2546 infidelitatis.
1021 2484 1296 2567 Denique
1358 2484 1476 2547 hac
1545 2487 1785 2547 ratione

220 2578 500 2639 diximus
542 2578 1022 2659 propositionem
1067 2578 1420 2641 haereticam
1479 2599 1608 2642 esse
1649 2598 1788 2660 pro-

213 2672 427 2751 priam
459 2672 785 2733 materiam
823 2672 1092 2747 haeresis,
1145 2672 1292 2753 quia
1336 2678 1428 2734 est
1471 2672 1787 2753 objectum

219 2764 391 2825 illius
436 2763 681 2844 judicii,
721 2764 789 2826 iu
840 2782 964 2845 quo
1003 2765 1252 2827 haeresis
1299 2771 1786 2829 consummatur.

219 2858 302 2919 Et
332 2878 410 2921 ex
451 2858 860 2921 solutionibus
888 2868 1401 2939 argumentorum
1440 2860 1556 2922 hoc
1596 2859 1792 2939 magis

233 2952 653 3014 declarabitur
675 2958 738 3014 et
761 2952 1141 3034 probabitur.

319 3046 380 3109 4.
428 3046 712 3110 Secunda
739 3048 1018 3109 asserti&
1035 3080 1110 3091 —
1133 3046 1497 3109 Addenclum
1524 3047 1794 3109 secundo

227 3144 346 3217 est,
401 3136 547 3201 licet
590 3146 908 3221 peccatum
957 3140 1227 3216 haeresis,
1275 3140 1476 3221 quoad
1517 3141 1797 3203 substau-

226 3234 414 3311 tiam,
457 3238 530 3295 ut
555 3234 641 3294 sic
678 3232 904 3305 dicam,
944 3232 1009 3293 in
1041 3231 1358 3294 intellectu
1406 3252 1444 3295 a
1480 3232 1795 3295 voluntate

221 3336 405 3389 moto
453 3333 940 3402 consummetur,
994 3324 1402 3388 nihilominus
1457 3328 1640 3389 etiam
1695 3348 1796 3388 ex-

227 3420 410 3481 tendi
453 3421 533 3482 ad
567 3419 868 3481 exteriora
899 3420 1076 3498 signa
1112 3436 1222 3499 per
1266 3418 1454 3481 verba
1481 3420 1582 3481 vel
1611 3420 1797 3480 actio·

229 3534 367 3591 nes,
400 3520 464 3577 et
487 3518 634 3589 tunc
673 3513 796 3575 alio
815 3514 997 3575 modo
1020 3514 1436 3574 consummari
1468 3514 1666 3593 quoad
1691 3514 1800 3575 Ec·

231 3608 518 3682 clesiam,
544 3624 652 3667 seu
680 3606 832 3668 alios
871 3605 1178 3681 homines,
1203 3606 1300 3667 vel
1339 3607 1542 3685 quoad
1574 3606 1802 3686 profes-

235 3704 480 3764 sionem
505 3702 644 3763 talis
677 3702 841 3763 falsae
871 3702 1038 3763 fidei.
1087 3700 1228 3765 Haec
1251 3703 1503 3763 assertio
1550 3702 1679 3765 fere
1726 3720 1802 3763 ex

233 3794 525 3857 terminis
579 3794 905 3856 manifesta
954 3800 1047 3857 est
1069 3840 1084 3867 ‚
1135 3800 1198 3855 et
1249 3792 1550 3855 declarari
1603 3800 1802 3875 potest

235 3906 312 3952 cx
357 3888 540 3949 dictis
574 3905 758 3968 supra
787 3889 864 3948 de
894 3886 1052 3959 fide;
1087 3884 1355 3948 diximus
1382 3886 1552 3948 enim
1579 3895 1804 3969 proeter

237 3982 627 4043 voluntatem
659 3978 971 4055 credendi,
1005 3985 1066 4040 et
1089 3996 1432 4056 assensum,
1462 3981 1529 4041 in
1576 3981 1803 4059 quibus

235 4076 588 4137 substantia
636 4074 780 4136 fidei
822 4073 1115 4146 consistit,
1160 4072 1295 4135 dari
1332 4075 1519 4135 etiam
1572 4074 1805 4135 confes-

239 4172 483 4231 sionem
507 4168 676 4245 fldei,
715 4185 853 4248 quae
883 4167 1076 4249 signis
1115 4166 1214 4229 vel
1255 4166 1599 4229 actionibus
1636 4174 1807 4229 exte-

240 4262 512 4325 rioribus
561 4261 654 4337 fit,
703 4266 763 4321 et
793 4260 1130 4323 necessaria
1160 4266 1250 4321 est
1286 4258 1364 4321 acl
1403 4259 1689 4337 salutem,
1735 4268 1808 4322 ut

241 4356 410 4419 dixit
457 4352 682 4416 Paulus
709 4353 788 4415 ad
825 4352 1088 4415 Roman.
1125 4352 1383 4414 decimo.
1430 4354 1522 4414 Ita
1549 4372 1697 4433 ergo
1739 4354 1807 4414 in

241 4449 489 4525 hoeresi,
515 4452 736 4529 praeter
764 4446 1188 4525 pertinaciam,
1225 4452 1288 4507 et
1311 4446 1614 4527 judicium
1646 4466 1810 4508 erro-

243 4560 464 4617 neum,
505 4540 649 4603 addi
697 4540 850 4601 solet
874 4541 1162 4601 ‘exterior
1199 4540 1491 4619 professio
1531 4539 1807 4614 haeresiS,

246 4656 386 4717 quas
420 4653 598 4698 suam
627 4636 816 4697 ctiam
871 4632 1057 4693 habet
1085 4632 1412 4708 malitiam,
1444 4638 1508 4694 et
1545 4632 1806 4693 damna-

249 4732 490 4792 tionem
523 4735 707 4809 auget
752 4726 955 4808 quoad
981 4726 1174 4787 Deum
1192 4742 1213 4804 ;
1248 4726 1324 4787 ad
1355 4744 1570 4808 poenas
1603 4731 1810 4786 autem

245 4824 536 4886 Ecclesiae
567 4820 964 4885 incurrendas
1007 4822 1350 4883 necessaria
1380 4827 1492 4899 est,
1536 4826 1606 4880 ut
1653 4819 1814 4879 infra

245 4916 623 4980 videbimus.

333 5014 410 5093 5..
442 5010 686 5075 Divisio
717 5007 965 5072 lacereris
994 5024 1067 5070 ea:
1097 5006 1306 5089 prima
1333 5012 1389 5071 et
1410 5008 1672 5070 secunda
1719 5024 1818 5069 as-

251 5106 518 5169 sertione
540 5102 882 5175 remelium,
931 5100 996 5161 in
1028 5100 1331 5163 internam
1371 5104 1429 5163 et
1481 5102 1812 5162 eoeternam.

249 5234 332 5247 -
365 5198 572 5278 Atque
603 5196 751 5257 hinc
798 5194 996 5256 solent
1035 5200 1312 5253 auctores
1345 5190 1653 5273 duplicem
1696 5192 1820 5252 11oe-

251 5291 443 5355 resim
499 5290 925 5367 distinguere:
989 5304 1182 5349 unam
1243 5304 1411 5348 mere
1470 5286 1817 5362 internam,

255 5401 446 5467 quam
505 5380 844 5444 mentalem
905 5386 1172 5455 vocant,
1225 5380 1411 5440 aliam
1472 5384 1812 5439 externam.

252 5480 465 5541 Prima
491 5481 608 5551 est,
634 5492 772 5555 quae
803 5474 870 5535 in
893 5472 1210 5536 voluntate
1237 5480 1298 5533 et
1321 5470 1637 5533 intellectu
1677 5490 1820 5531 cou-

257 5576 610 5636 summatur
635 5613 658 5645 ,
690 5568 958 5630 exterius
985 5584 1130 5628 vero
1155 5582 1266 5647 per
1291 5564 1468 5627 nulla
1509 5562 1822 5625 sensibilia

581 5690 685 5737 111.

1849 528 2029 607 signa
2057 530 2508 592 manifestatur.
2542 532 2697 591 Nam
2740 530 2888 591 licet
2926 530 3267 591 dixerimus
3312 550 3409 593 as·

1851 639 2101 681 sensum
2131 622 2475 685 intellectus
2497 626 2853 702 comparari„
2866 624 2941 685 ad
2974 632 3177 684 actum
3199 623 3415 686 volun-

1853 713 2019 788 tatis,
2046 720 2344 793 tanquam
2372 723 2580 777 actum
2612 722 2935 777 externum
2966 716 3043 776 ad
3072 718 3411 783 internum.

1854 809 2201 869 secundum
2228 810 3079 889 quamdamproportionem,
3106 810 3415 872 nihilomi-

1858 918 1979 961 nus
2015 902 2429 981 comparando
2457 902 2739 963 haeresim
2770 903 3117 965 intellectus
3148 905 3221 965 ad
3251 911 3417 967 exte-

1857 994 2029 1056 riora
2054 996 2255 1074 sigua,
2282 996 2509 1055 dicitur
2538 1000 2598 1054 et
2625 1002 2719 1055 cst
2756 1002 3074 1074 peccatum
3098 997 3414 1057 internum

1857 1097 1918 1149 et
1947 1089 2239 1163 mentale,
2269 1088 2417 1167 quia
2462 1088 2530 1147 in
2578 1092 2785 1149 mente
2818 1095 3061 1163 manet,
3106 1094 3169 1150 et
3216 1089 3417 1151 homi·

1853 1201 2009 1243 num
2046 1182 2386 1263 cognitioni
2430 1200 2557 1242 non
2608 1182 2885 1263 subjacet
2900 1198 2921 1260 3
2970 1180 3219 1244 haeresis
3269 1202 3417 1263 ergo

1857 1284 2113 1337 externa
2147 1276 2373 1335 dicitur
2400 1274 2527 1349 illa,
2568 1292 2713 1355 quae
2760 1294 2871 1355 per
2914 1278 3184 1337 actiones
3219 1286 3283 1337 et
3336 1280 3419 1337 si·-

1859 1388 1984 1449 gna
2008 1368 2319 1430 sensibilia
2348 1366 2720 1430 sufficienter
2745 1368 3121 1443 ostenditur3
3139 1387 3279 1449 quoe
3311 1388 3422 1431 au-

1857 1469 1987 1524 tem
2018 1464 2143 1523 sint
2180 1463 2293 1522 istu
2346 1462 2547 1540 sigua,
2598 1468 2658 1523 et
2705 1462 2953 1543 quando
2981 1462 3291 1524 sufficiant
3340 1462 3419 1524 ad

1860 1554 2354 1617 constituendam
2434 1553 2723 1615 haeresim
2779 1561 3096 1616 externam
3122 1601 3142 1630 ,
3218 1556 3421 1617 dicam

1861 1647 2244 1709 commodius
2288 1646 2486 1722 infra,
2526 1646 2844 1709 tractando
2887 1647 2963 1709 de
2997 1650 3421 1711 excommuni-

1859 1740 2098 1802 catione
2132 1758 2269 1821 quae
2298 1746 2547 1819 propter
2568 1739 2851 1801 hoeresim
2876 1739 3233 1805 incurritur.

1941 1834 2002 1895 6.
2048 1832 2329 1896 Hoeresis
2360 1850 2514 1917 prm
2558 1838 2803 1896 externa
2828 1850 2971 1895 vera
3019 1834 3266 1899 Jaoeresis
3308 1854 3424 1903 nou

1862 1933 1974 1989 est.
1996 1958 2077 1973 -·
2096 1927 2269 1988 Nunc
2297 1927 2495 1988 solum
2524 1926 2777 1987 adverto
2802 1925 2964 1987 hanc
3004 1927 3292 1990 hoeresim
3320 1950 3424 1991 ex-

1861 2026 2106 2082 ternam
2130 2019 2328 2082 solere
2354 2019 2807 2099 subdistingui;
2840 2038 2987 2081 nam
3016 2020 3305 2100 quaedam
3334 2030 3427 2085 est

1863 2114 2194 2193 conjuncta
2234 2114 2529 2187 internae,
2578 2120 2642 2175 et
2690 2112 2769 2173 ab
2807 2111 2914 2174 illa
2958 2114 3321 2194 procedenS,
3367 2122 3427 2179 et

1860 2206 1997 2269 haec
2041 2207 2169 2268 sola
2218 2213 2311 2269 est
2359 2226 2507 2269 vera
2552 2206 2803 2269 haeresis
2833 2213 3129 2284 externa,
3159 2210 3305 2289 quia
3338 2217 3429 2273 est

1862 2320 2083 2362 verum
2118 2300 2365 2381 signum
2401 2300 2683 2377 internae,
2714 2318 2753 2361 a
2780 2318 2905 2379 qua
2934 2298 3123 2363 habet
3154 2308 3215 2363 et
3246 2304 3426 2365 mali·

1861 2394 2051 2471 tiam,
2100 2400 2163 2454 et
2200 2393 2511 2474 propriam
2540 2392 2791 2454 haeresis
2833 2393 3422 2471 denominationem,

1865 2492 1927 2548 et
1963 2486 2100 2547 ideo
2135 2506 2241 2565 per
2286 2486 2459 2548 illam
2500 2484 2693 2547 solam
2746 2502 2945 2565 poenae
2996 2485 3429 2550 haereticorum

1866 2580 2299 2655 incurruntur,
2329 2585 2399 2639 ut
2426 2585 2640 2659 postea
2670 2577 2932 2640 dicetur.
2960 2578 3098 2641 Alia
3127 2598 3271 2642 vero
3301 2578 3430 2643 hoe-

1866 2672 2021 2734 resis
2051 2672 2275 2734 dicitur
2316 2692 2471 2753 pure
2512 2678 2793 2747 externa,
2824 2670 2971 2751 q‘uia
2999 2674 3269 2735 externis
3298 2678 3432 2755 qui·

1871 2766 2014 2826 dem
2075 2764 2265 2843 signis
2313 2765 2687 2840 exhibetur3
2736 2784 2804 2839 re
2845 2772 3057 2829 tamen
3105 2785 3251 2828 vera
3305 2787 3433 2830 non

1872 2858 2149 2937 procedit
2178 2858 2257 2918 ab
2302 2858 2524 2920 haeresi
2561 2859 2772 2919 animo
2816 2865 3147 2939 concepta,
3198 2861 3305 2923 sed
3347 2868 3436 2923 est

1873 2956 2116 3011 tantum
2157 2950 2379 3012 fulsum
2422 2958 2483 3013 et
2522 2970 2825 3033 apparens
2873 2951 3168 3031 signum3
3197 2960 3258 3015 et
3296 2972 3436 3034 pro·

1874 3051 2087 3123 pterea
2117 3044 2249 3105 haec
2274 3064 2401 3106 non
2428 3050 2521 3107 est
2548 3063 2717 3122 vcra,
2761 3044 2867 3106 sed
2895 3045 3039 3107 ficta
3072 3045 3339 3121 haeresiS,
3376 3052 3437 3109 et

1875 3156 1987 3217 per
2022 3137 2193 3199 illam
2234 3137 2299 3198 in
2334 3138 2533 3217 rigore
2581 3156 2708 3199 non
2748 3138 3155 3200 incurruntur
3196 3136 3440 3201 haereti-

1876 3248 2093 3291 corum
2141 3249 2342 3311 poenae
2364 3276 2385 3307 ,
2440 3236 2511 3293 ut
2566 3231 2868 3313 superiori
2918 3232 3330 3312 disputatione
3375 3234 3435 3311 3,

1877 3330 2021 3387 sect.
2056 3327 2118 3401 6,
2147 3325 2425 3405 probavi.

1961 3423 2019 3479 7.
2070 3416 2326 3498 objectio
2362 3437 2436 3481 em
2470 3417 2786 3501 proloquio
2826 3418 3195 3499 Hieronymi
3232 3425 3442 3484 contra

1873 3512 2151 3595 pro-xime
2181 3514 2366 3574 dicta.
2396 3512 2829 3595 —Responsio
2868 3512 3018 3575 Cani
3052 3532 3171 3575 non
3197 3515 3443 3589 satisfa-

1882 3606 1985 3669 cit.
2018 3638 2101 3651 -
2125 3603 2451 3685 Εωροείιίο
2476 3604 2783 3687 proloquii
2821 3606 3083 3669 adducta
3118 3624 3158 3668 a
3203 3604 3446 3669 Banne·

1879 3702 1973 3763 sio
2023 3703 2091 3761 in
2120 3717 2183 3762 se
2216 3696 2630 3763 verca—Non
2670 3706 2865 3761 tamon
2908 3699 2991 3761 ad
3020 3705 3267 3762 mentem
3292 3698 3445 3761 Hie-

1881 3792 2146 3871 ronymi.
2166 3825 2245 3835 ——
2283 3790 2652 3869 Verifioatur
2668 3790 3055 3873 proloquium
3092 3790 3438 3875 dupliciter.

1882 3918 1965 3931 -
1992 3882 2189 3964 Objici
2218 3902 2363 3945 vero
2389 3890 2586 3964 potest
2612 3890 2823 3945 contra
2857 3882 3021 3945 lianc
3045 3884 3443 3965 posteriorem

1885 3984 2126 4058 partem
2172 3976 2325 4037 illud
2380 3975 2702 4055 vulgatum
2752 3975 3016 4051 dic-tum,
3064 3974 3445 4054 Hieronymo

1884 4068 2285 4132 attributum:
2317 4070 2425 4133 Ea:
2451 4070 2644 4133 verbis
2671 4069 3011 4133 inordinate
3049 4067 3312 4150 prolatis
3352 4068 3446 4129 in-

1887 4162 2165 4228 curritur
2210 4164 2457 4227 Itoeresis
2486 4187 2511 4234 ,·
2560 4168 2623 4224 et
2675 4162 2837 4243 quod
2890 4162 3170 4223 similiter
3209 4162 3448 4242 scripsit

1885 4256 2238 4335 Gregorius,
2284 4256 2444 4317 libro
2490 4257 2691 4335 primo
2732 4253 3041 4336 epistolar.
3064 4300 3086 4333 ,
3130 4256 3327 4335 capite
3362 4254 3449 4315 vi-

1890 4350 2127 4430 gesimo
2177 4354 2399 4429 quarto
2445 4367 2459 4408 :
2498 4348 2763 4412 Incauca
2804 4348 3025 4411 locutio
3074 4350 3142 4409 in
3192 4365 3449 4411 errorem

1881 4446 2215 4526 pertrahit.
2247 4444 2402 4504 Nam
2422 4441 2567 4503 inde
2594 4441 2766 4521 sequi
2796 4442 3039 4503 videtur
3064 4442 3142 4502 ad
3166 4440 3449 4502 haeresim

1893 4537 2173 4599 sufficere
2200 4536 2580 4598 voluntatem
2614 4534 2967 4615 proferendi
3006 4538 3273 4597 exterius
3319 4552 3452 4595 ver-

1895 4630 1976 4691 ba
2016 4630 2325 4690 hoeretica.
2353 4629 2448 4691 Ad
2476 4628 2593 4689 hoc
2618 4628 2808 4704 Cano,
2839 4630 2914 4689 12
2944 4628 3020 4690 de
3038 4628 3232 4702 Loris,
3257 4628 3453 4707 capite

1893 4740 2085 4798 nono,
2118 4722 2198 4783 ad
2248 4722 2526 4799 tertium,
2570 4722 2879 4801 imprimis
2909 4729 3096 4799 negat
3138 4720 3291 4780 illud
3329 4720 3455 4780 dic-

1892 4823 2029 4876 tum
2077 4834 2206 4877 esse
2255 4815 2640 4894 Hieronymi,
2683 4813 2792 4874 sed
2833 4813 3109 4893 Magistri
3148 4814 3453 4887 Senteut.,

1897 4909 2222 4970 insinuans
2271 4908 2449 4969 fac-ile
2504 4926 2676 4987 posse
2732 4908 2971 4987 negari.
3014 4906 3457 4967 Verumtamen

1895 5002 2172 5081 Magist.‚
2197 5000 2263 5062 in
2292 5002 2356 5075 4,
2383 4998 2776 5061 distinctione
2812 5001 2912 5075 13,
2948 5000 3016 5059 in
3050 4996 3195 5074 fine,
3226 5016 3353 5060 non
3382 4992 3484 5059 de'

1899 5112 2012 5155 suo
2038 5094 2269 5174 profert
2298 5092 2468 5153 illam
2499 5093 2893 5169 sententiam,
2925 5090 3028 5153 sed
3060 5110 3137 5153 ex
3161 5091 3462 5169 Hierony-

1899 5204 2028 5264 m0,
2082 5194 2145 5248 et
2189 5188 2280 5247 ita
2319 5184 2493 5246 illam
2535 5191 2810 5265 acceptat
2842 5186 2913 5246 D.
2958 5186 3266 5261 Thomas,
3311 5182 3456 5245 dict.

1902 5282 2236 5361 quoestione
2268 5282 2367 5355 11,
2399 5279 2661 5341 articulo
2686 5280 2746 5340 2.
2784 5277 2960 5341 Unde
2988 5279 3128 5340 licet
3156 5297 3271 5356 ego
3294 5276 3461 5357 apud

1899 5374 2353 5453 Hieronymum
2382 5372 2552 5434 illam
2582 5390 2707 5433 non
2739 5373 3106 5449 invenerim,
3128 5370 3463 5432 verisimile

1899 5475 1995 5529 est
2010 5466 2197 5529 fuisse
2225 5466 2291 5527 in
2318 5466 2525 5545 aliquo
2550 5482 2733 5545 opere
2764 5466 2921 5542 ejus,
2951 5464 3114 5543 quod
3144 5481 3311 5523 nunc
3334 5481 3462 5523 non

1897 5560 2222 5623 habemus.
2264 5558 2439 5619 Unde
2467 5558 2852 5621 admittendo
2903 5558 3096 5631 illam,
3136 5554 3465 5636 respondet

3066 5665 3133 5723 31
