3900 6217
508 368 589 433 88

511 477 663 539 mihi
692 478 1023 543 verisimile
1052 488 1171 552 est,
1209 499 1287 543 ex
1314 490 1535 545 natura
1564 486 1683 558 rei,
1710 502 1821 545 seu
1846 502 2072 545 secun-

512 570 663 631 dnm
692 572 1077 635 ordinarium
1098 594 1375 652 cursum,
1404 578 1519 640 hos
1546 579 1704 641 duos
1733 585 1908 641 actus
1940 596 2070 639 non

514 683 650 725 esse
677 665 885 737 simul,
912 667 1057 745 quia
1080 669 1175 729 vel
1197 676 1341 731 sunt
1361 672 1697 750 superflui,
1724 676 1785 733 et
1802 672 1944 732 ideo
1965 689 2072 733 ve-

512 757 765 819 risimile
784 767 877 821 est
893 761 1089 823 Deum
1111 780 1239 823 non
1258 782 1509 825 movere
1529 765 1713 826 simul
1726 766 1809 827 ad
1834 770 2073 826 utrum-

514 870 636 929 que
657 858 861 912 actum
892 855 1380 917 extraordinario
1406 858 1628 930 mod03
1653 856 1751 921 vel
1786 860 1977 919 etiam
1999 874 2076 919 ex

515 946 784 1005 naturali
826 946 1014 1008 modo
1063 948 1362 1026 operandi
1408 950 1677 1011 hominis
1725 956 1818 1013 est
1865 950 2076 1029 aliqua

516 1040 954 1117 repugnantia,
1008 1042 1153 1119 quia
1212 1044 1261 1103 si
1316 1043 1663 1105 intellectus
1718 1042 2074 1105 necessario

518 1137 615 1193 est
663 1131 1111 1197 determinatus
1154 1135 1235 1195 ad
1271 1155 1600 1199 assensum
1630 1139 1982 1200 evidentem
2015 1144 2077 1199 et

519 1229 781 1295 certum,
812 1244 926 1303 per
954 1228 1231 1289 medium
1260 1230 1687 1304 scientificum,
1723 1250 1837 1311 per
1860 1233 2079 1293 volun-

518 1322 711 1378 tatem
727 1337 854 1379 non
876 1321 1223 1399 applicatur
1238 1322 1319 1383 ad
1338 1325 1805 1385 assentiendum
1822 1344 1935 1405 per
1948 1343 2080 1385 me·-

516 1408 689 1471 dium
719 1412 1135 1475 extrinsecum
1178 1421 1241 1475 et
1268 1416 1628 1490 obscurum,
1662 1418 1914 1497 quando
1939 1418 2082 1479 nul-

516 1501 643 1563 lam
676 1506 977 1583 majorem
1020 1508 1454 1573 certitudinem
1500 1512 1646 1573 inde
1690 1512 1976 1591 acquirit,
2011 1515 2080 1574 ut

518 1596 764 1659 videtur
792 1598 853 1659 in
884 1599 1074 1661 rebus
1100 1602 1387 1665 humanis
1412 1607 1795 1684 experientia
1822 1610 2077 1678 notum;

523 1696 585 1749 et
607 1688 749 1751 ideo
778 1692 1168 1755 verisimilius
1195 1704 1311 1767 est,
1340 1697 1479 1758 illos
1502 1706 1677 1759 actus
1706 1699 2082 1778 regulariter

524 1800 648 1843 non
690 1802 825 1845 esse
858 1786 1064 1846 simul.
1097 1788 1506 1851 Nihilominus
1540 1798 1751 1853 tamen
1780 1810 1906 1853 non
1936 1811 2083 1853 cen·

523 1894 633 1937 sco
656 1894 793 1939 esse
824 1878 1173 1943 absolutam
1194 1884 1698 1963 repugnantiam,
1723 1903 1929 1964 neque
1952 1885 2085 1945 ine-

522 1969 861 2033 videntiam
890 1977 1267 2037 contrariam
1296 1978 1439 2039 huic
1482 1978 1808 2039 evidentiae
1832 1997 1974 2040 esse
2005 1978 2084 2041 de

526 2064 769 2143 objecto
810 2065 1081 2142 formali,
1124 2070 1223 2133 vel
1268 2070 1347 2132 de
1388 2070 1675 2133 absoluta
1712 2074 2086 2135 necessitate

524 2155 713 2229 fidei;
766 2160 975 2239 quoad
1024 2162 1142 2223 hoc
1190 2163 1358 2225 enim
1412 2166 1761 2244 procedunt
1814 2166 2088 2227 rationes

526 2248 705 2313 factae
726 2252 789 2313 in
832 2254 1212 2333 praecedenti
1254 2263 1511 2337 puncto,
1559 2265 1621 2321 et
1668 2259 1951 2321 dicemus
1973 2260 2090 2321 ite·

528 2364 668 2405 rum
697 2347 761 2406 in
796 2348 1105 2427 sequenti.

606 2440 708 2503 ΞΟ.
742 2439 875 2503 Nec
908 2458 1160 2507 mrum
1184 2444 1450 2521 procedit
1487 2445 1555 2507 de
1592 2445 2089 2525 compatfbilitato

528 2548 663 2597 cum
688 2532 933 2605 visione,
958 2534 1026 2597 de
1036 2536 1311 2615 potentia
1329 2539 1666 2601 ordinaria.
1685 2568 1753 2583 —
1786 2538 1873 2600 Id
1892 2542 2089 2599 osten-

530 2626 699 2688 ditur
724 2644 796 2687 az·
812 2626 1035 2700 Paulo,
1066 2632 1121 2689 1.
1158 2628 1295 2693 Gor.
1327 2633 1423 2692 15.
1446 2664 1528 2679 --
1552 2633 1649 2695 Et
1671 2650 1744 2695 ιω
1764 2630 2082 2695 Patribus.

526 2748 610 2765 -
650 2718 744 2782 Et
781 2721 1033 2783 ratione.
1077 2754 1159 2769 -
1210 2724 1498 2801 Secundo
1544 2724 1724 2787 facile
1766 2724 1955 2785 etiam
2011 2740 2089 2784 ex

528 2810 708 2873 dictis
736 2813 1063 2874 resolvitur
1089 2816 1311 2877 eadem
1353 2819 1612 2897 quaestio
1646 2818 1964 2898 proposita
2009 2818 2088 2878 de

531 2904 769 2967 visione
824 2906 1103 2969 intuitiva
1147 2910 1277 2985 Dei,
1332 2930 1439 2983 an,
1488 2912 1742 2985 scilicet,
1794 2929 1933 2971 curn
1984 2910 2089 2971 illa

528 2998 722 3077 possit
754 3018 891 3061 esse
922 3000 1099 3063 fides.
1150 3003 1224 3064 Et
1272 3004 1525 3083 quidem
1561 3003 1639 3065 dc
1680 3004 1909 3065 actuali
1938 3003 2087 3076 fide,

530 3092 831 3172 Theologi
874 3113 1095 3156 omnes
1126 3097 1357 3159 docent
1394 3116 1519 3158 non
1562 3115 1699 3159 esse
1730 3098 1915 3158 simul
1946 3115 2090 3159 eum

527 3184 632 3246 illa
660 3186 919 3259 visione,
950 3206 1069 3249 nee
1098 3188 1289 3251 fuisse
1336 3209 1787 3269 unquam,0nec
1814 3190 2090 3252 suturam

530 3296 692 3352 esse,
738 3286 925 3358 atque
972 3281 1129 3343 adeo
1170 3301 1375 3363 neque
1422 3302 1561 3345 esse
1594 3301 1777 3363 posse
1824 3283 1903 3345 dc
1948 3283 2088 3361 lege

530 3372 867 3445 ordinaria,
901 3392 1015 3435 seu
1044 3382 1281 3438 attenta
1314 3384 1533 3439 natura
1558 3378 1773 3439 talium
1807 3384 2082 3439 actuum.

528 3462 619 3525 Ita
646 3463 873 3527 docent
898 3485 1117 3529 omnes
1148 3476 1433 3531 auctores
1472 3471 1679 3532 statim
1722 3470 1974 3541 citandi,
2029 3474 2090 3531 et

532 3558 797 3621 sumitur
823 3576 900 3619 ex
930 3559 1145 3633 Paule,
1180 3565 1209 3625 1
1244 3562 1327 3623 ad
1354 3564 1629 3623 Corinth.
1667 3566 1765 3629 13.
1796 3564 2042 3625 dicente
2070 3582 2084 3624 :

526 3649 714 3715 Nun-c
751 3670 1029 3735 coquos-co
1074 3672 1147 3717 ezr
1184 3661 1379 3735 parte,
1432 3660 1576 3721 tanc
1616 3661 1814 3721 autem
1852 3674 2094 3737 coquos·

534 3762 665 3809 cam
701 3747 862 3809 sicut
896 3750 953 3809 et
1000 3749 1275 3829 cognitus
1326 3766 1500 3821 sunu
1538 3754 1600 3809 et
1638 3749 1846 3811 subdit
1883 3768 1898 3809 ε
1942 3748 2094 3813 Cum

530 3838 757 3901 venerit
778 3842 935 3919 quod
948 3846 1277 3922 perfectum
1298 3848 1411 3913 est,
1436 3844 1824 3906 evacuabitur
1848 3844 2008 3923 quod
2021 3860 2094 3903 ex

526 3937 705 4013 parte
737 3938 863 4005 αὴ·
902 3940 963 3993 et
990 3933 1133 3994 ideo
1164 3934 1420 4012 opponit
1448 3936 1869 4009 cognitionem
1900 3934 2095 4013 aenig-

534 4025 825 4087 matis-arn
882 4026 1099 4087 visioni
1148 4026 1351 4087 faciali
1392 4044 1407 4087 ε
1465 4028 1739 4093 Videmus
1780 4045 1939 4091 vaano
1985 4046 2098 4107 per

534 4118 841 4199 speculum
864 4120 931 4181 in
954 4121 1294 4199 oeniqmatc,
1317 4126 1459 4183 tunc
1492 4124 1690 4183 autem
1710 4120 1863 4201 facio
1900 4122 1984 4183 ad
2000 4125 2096 4199 fa—

534 4210 703 4271 ciem.
766 4211 860 4272 Aa
928 4212 1045 4273 hoc
1110 4212 1297 4275 etiam
1366 4212 1865 4274 confirmandum
1934 4212 2100 4274 valet

536 4302 707 4363 alind
734 4304 1155 4365 testimonium
1193 4304 1365 4368 Pauli
1404 4324 1595 4385 supra
1638 4306 2004 4379 adductum,
2035 4306 2098 4365 in

538 4415 805 4457 numero
828 4397 1054 4479 primo,
1098 4400 1269 4477 quod
1309 4401 1458 4474 fides
1500 4404 1591 4463 est
1639 4418 1759 4461 non
1800 4417 2102 4481 apparen-

536 4492 692 4553 tium
713 4516 741 4563 ,·
766 4510 909 4551 nam
941 4497 1089 4552 tunc
1134 4493 1401 4555 maxime
1450 4492 1765 4571 objectum
1814 4496 2096 4571 apparet,

542 4584 794 4662 quando
826 4586 886 4646 in
916 4603 981 4645 se
1007 4585 1172 4646 clare
1203 4586 1473 4657 videtur,
1505 4592 1567 4647 et
1593 4588 1708 4646 hoc
1736 4586 1923 4645 etiam
1951 4603 2102 4645 con-

540 4678 817 4749 firmant,
862 4678 1029 4739 etita
1070 4679 1455 4741 sufficienter
1500 4680 1887 4757 explicantur
1928 4677 2101 4738 testi-

543 4770 751 4831 monia
785 4771 1056 4845 Patrum,
1090 4772 1430 4833 dicentium
1458 4771 1647 4832 fidem
1686 4788 1823 4832 esse
1862 4771 1941 4831 de
1975 4789 2104 4831 non

544 4864 720 4935 visis,
754 4882 892 4943 quae
936 4864 1000 4925 in
1032 4866 1335 4945 principio
1365 4865 1741 4925 adduximus
1774 4864 1839 4924 in
1880 4882 2105 4925 nume-

548 4976 618 5019 ro
666 4957 965 5018 secunde.
1024 4959 1099 5019 Et
1138 4959 1330 5019 videri
1379 4960 1567 5019 etiam
1614 4962 1819 5037 potest
1859 4960 2108 5037 Augus-

546 5051 737 5121 tinus,
775 5050 881 5111 lib.
921 5052 993 5112 ¹4
1020 5051 1099 5110 de
1126 5052 1445 5122 Trinitate,
1482 5069 1619 5130 cap.
1651 5053 1690 5113 2
1720 5057 1782 5111 et
1810 5054 1869 5111 3.
1900 5052 2109 5113 Ratio·

550 5162 695 5205 nem
728 5144 903 5205 multi
945 5147 1201 5206 sumunt
1246 5161 1321 5204 cx
1360 5144 1775 5223 repugnantia
1815 5161 1893 5203 ex
1930 5150 2108 5222 parte

549 5238 961 5317 objectorum,
992 5235 1071 5298 de
1096 5254 1220 5316 qua
1248 5236 1451 5298 dicam
1482 5238 1708 5297 statim.
1741 5237 1919 5298 Nunc
1958 5254 2110 5317 ergo

555 5332 781 5393 sufficit
838 5331 996 5392 ratio
1052 5330 1332 5410 proxime
1384 5330 1548 5391 facta
1610 5330 1674 5390 in
1730 5328 2110 5409 praecedenti

556 5430 809 5503 puncto,
854 5442 995 5505 quae
1050 5424 1152 5485 hic
1189 5424 1497 5503 majorem
1543 5422 1665 5483 vim
1702 5422 1923 5494 habet;
1977 5428 2112 5483 tum

554 5516 700 5599 quia
741 5516 893 5579 visio
932 5516 1215 5581 intuitiva
1244 5516 1470 5581 certior
1498 5519 1595 5579 est
1622 5534 1699 5578 ex
1728 5534 1841 5577 suo
1872 5528 2111 5595 genere

990 378 1223 434 ntsrnr.
1260 382 1345 435 ΙΙΙ.
1382 384 1459 435 DE
1492 384 1753 437 oBJEcTo
1796 381 2063 435 renuam
2098 380 2278 441 fluet,
2313 381 2392 435 ET
2423 378 2716 444 QUOMODO
2749 379 2832 433 AD
2866 378 3065 439 lLLL'D.
3093 376 3226 429 mc,

2151 500 2345 561 quam
2375 482 2786 553 abstractiva;
2815 484 2952 541 tum
3003 479 3192 541 etiam
3219 480 3366 559 quia
3407 478 3511 539 illa
3555 472 3720 535 visio

2152 582 2247 637 est
2285 593 2532 637 summe
2559 574 2835 654 perfecta
2861 575 2925 635 in
2965 573 3184 635 ordine
3225 567 3716 652 supernaturali,

2153 674 2216 731 et
2264 668 2408 731 ideo
2473 669 2748 737 maxime,
2801 667 3136 729 necessitat
3183 665 3566 727 intellectum
3631 657 3724 719 ad

2156 780 2466 823 summam
2495 762 2954 833 certitudinem,
2986 779 3060 821 ac
3086 758 3346 839 proinde
3375 776 3502 819 non
3529 754 3728 816 relin-

2155 856 2290 934 quit
2329 856 2538 916 locum
2581 854 2932 915 certitudini
2961 854 3194 924 liberae,
3225 858 3290 913 et
3321 869 3400 913 ex
3434 848 3725 911 motione

2156 949 2488 1011 voluntatis
2512 967 2626 1028 per
2647 948 2952 1009 motivum
2969 945 3394 1007 extrinsecum
3411 950 3472 1004 et
3493 942 3727 1003 obscu-

2157 1061 2319 1107 rum.
2355 1041 2608 1103 Accedit
2643 1042 2814 1121 quod
2860 1040 3048 1101 etiam
3095 1039 3339 1101 ratione
3375 1042 3578 1097 status
3617 1049 3729 1094 re-

2155 1140 2397 1218 pugnat
2437 1136 2522 1195 illi
2549 1136 2769 1197 visioni
2809 1133 3200 1214 imperfectio
3229 1131 3402 1204 fidei,
3429 1129 3578 1209 quia
3617 1126 3730 1187 illa

2159 1233 2312 1293 visio
2333 1236 2426 1293 est
2455 1229 2805 1293 essentialis
2839 1227 3160 1291 beatitudo
3189 1225 3468 1305 perfecta
3493 1220 3732 1283 eonsti-

2157 1333 2344 1389 tuens
2371 1323 2694 1385 hominem
2721 1323 2785 1383 in
2813 1320 3106 1393 termino,
3127 1319 3286 1381 fides
3313 1324 3524 1379 autem
3546 1315 3625 1376 de
3659 1330 3732 1375 se

2161 1417 2476 1481 constituit
2500 1417 2824 1477 viatorem.
3541 1444 3544 1447 ⁴

2239 1514 2340 1573 21.
2371 1510 2508 1573 Imo
2549 1513 2772 1592 putant
2807 1508 2992 1570 multi
3025 1507 3183 1587 quod
3223 1521 3329 1568 nec
3363 1505 3434 1568 de
3449 1498 3734 1583 potentia

2161 1605 2659 1669 atram-dinam
2680 1602 2984 1683 procedat.
3009 1632 3092 1647 —
3113 1600 3354 1663 Eoo-um
3378 1596 3733 1660 fundam-en-

2166 1702 2313 1761 tam.
2339 1732 2421 1745 -—
2449 1697 2757 1769 Quaeritur
2784 1713 2934 1757 vero
2977 1694 3258 1761 ultenuS,
3291 1708 3372 1752 an
3401 1690 3480 1751 de
3509 1696 3734 1768 poten·

2163 1794 2246 1853 tia
2274 1792 2562 1855 ‘absoluta
2605 1795 2908 1870 repugnet
2939 1807 3082 1850 cum
3105 1786 3340 1847 visione
3371 1782 3554 1845 simul
3587 1797 3731 1843 esse

2163 1886 2378 1947 fidem.
2417 1884 2596 1961 Quod
2634 1884 2801 1945 enim
2831 1883 2952 1943 hoc
2993 1881 3270 1959 implicet
3297 1874 3736 1940 contradictio-

2167 1998 2340 2049 nem,
2384 1978 2634 2040 videtur
2661 1977 2890 2039 sentire
2923 1976 2997 2037 D.
3037 1975 3312 2037 Thomas
3348 1972 3468 2044 bic,
3495 1976 3615 2031 art.
3663 1969 3730 2040 4,

2169 2076 2318 2133 etl.
2349 2073 2410 2140 2,
2439 2090 2503 2151 q.
2535 2073 2636 2137 67.
2669 2076 2787 2131 art.
2837 2070 2898 2138 3.
2933 2068 3036 2131 ubi
3069 2066 3258 2129 etiam
3303 2064 3638 2143 Cajetanus
3669 2065 3735 2120 et

2169 2166 2270 2229 alii
2297 2182 2314 2237 ;
2343 2166 2508 2227 idem
2537 2165 2814 2226 etiami).
2836 2164 3132 2231 Thomas,
3161 2165 3386 2239 quaest.
3413 2160 3485 2219 14
3503 2156 3584 2217 de
3613 2155 3738 2215 Ve-

2167 2260 2373 2331 ritate,
2415 2265 2531 2321 art.
2581 2260 2644 2325 9,
2689 2264 2752 2319 et
2793 2262 3009 2336 quaest.
3039 2258 3144 2330 27,
3189 2259 3307 2315 art.
3335 2256 3400 2323 ὅ,
3447 2250 3528 2313 ad
3553 2251 3629 2318 6;
3671 2253 3738 2309 et

2167 2354 2351 2416 tertio
2407 2359 2620 2415 eontra
2675 2351 2886 2423 Gent.,
2940 2368 3078 2429 cap.
3132 2350 3248 2417 40;
3297 2352 3360 2407 et
3401 2346 3466 2407 in
3517 2342 3736 2415 tertio,

2167 2448 2309 2509 dist.
2367 2448 2470 2519 24,
2525 2451 2746 2523 quaest.
2810 2448 2868 2517 1,
2911 2449 3028 2503 art.
3074 2448 3143 2514 1;
3183 2441 3292 2502 ubi
3331 2441 3734 2501 Beneventu-

2167 2560 2262 2611 ra,
2305 2536 2421 2601 ari.
2476 2542 2538 2612 2,
2587 2544 2806 2619 quaest.
2859 2543 2884 2598 1
2912 2557 2928 2609 ς
2981 2535 3344 2604 Richardus,
3391 2536 3613 2611 quaest.
3669 2533 3734 2601 1,

2170 2639 2284 2695 art.
2319 2634 2392 2705 3;
2429 2638 2492 2693 et
2523 2634 2808 2710 Argent„
2841 2636 3062 2709 quaest.
3095 2632 3154 2699 1,
3188 2634 3304 2689 art.
3333 2629 3413 2697 3;
3449 2622 3733 2694 Gabriel,

2167 2733 2286 2789 art.
2331 2731 2388 2799 1,
2434 2732 2498 2787 ct
2525 2726 2606 2787 ibi
2641 2725 2832 2787 etiam
2875 2723 3212 2802 Capreolus
3253 2726 3316 2783 et
3343 2718 3736 2798 Hispalem„

2171 2826 2387 2901 quaest.
2427 2820 2646 2884 unica:
2701 2826 2764 2881 et
2811 2820 3028 2893 Herv.,
3060 2815 3346 2888 Quodlib.
3393 2815 3456 2885 2,
3505 2812 3735 2891 quaest.

2174 2919 2272 2986 15,
2301 2921 2418 2975 art.
2453 2916 2512 2974 3.
2543 2913 3044 2995 Fundamentum
3075 2916 3168 2971 est
3195 2954 3210 2981 ,
3255 2908 3402 2988 quia
3435 2905 3592 2967 visio
3629 2902 3746 2964 de·

2173 3008 2354 3071 struit
2377 3007 2477 3085 obj
2487 3012 2690 3067 ectum
2720 3004 2980 3065 formale
3007 3003 3180 3074 fidei,
3209 3001 3356 3081 quia
3385 2999 3464 3061 de
3489 2998 3742 3059 ratione

2172 3102 2398 3180 objecti
2425 3099 2738 3161 credibilis
2775 3102 2888 3171 est,
2924 3103 2992 3156 nt
3025 3096 3103 3157 sit
3131 3112 3262 3156 non
3298 3094 3528 3161 visum3
3559 3088 3742 3151 unde

2171 3196 2242 3257 D.
2272 3195 2544 3255 Thomas
2571 3192 2693 3262 hic,
2717 3198 2833 3251 art.
2859 3193 2922 3258 6,
2957 3189 3040 3251 ad
3067 3187 3439 3255 secundum,
3469 3184 3620 3245 dicit
3647 3183 3744 3242 vi-

2171 3288 2414 3349 sionem
2443 3286 2662 3347 tollere
2691 3283 3228 3363 imperfectionem
3257 3276 3742 3340 substantialem

2171 3380 2354 3450 fldei3
2391 3380 2558 3439 unde
2585 3378 2742 3439 sicut
2782 3380 3093 3455 repugnat
3127 3372 3472 3453 potentiam
3497 3370 3602 3430 vel
3628 3370 3745 3428 ha·

2172 3474 2370 3534 bitum
2399 3472 2656 3533 tendere
2691 3478 2866 3531 extra
2893 3487 3077 3529 suum
3129 3468 3472 3545 objectum,
3511 3463 3613 3524 vel
3657 3463 3748 3522 si·

2172 3570 2276 3627 cut
2303 3571 2610 3644 repugnat
2637 3564 2912 3643 speciem
2939 3563 3106 3623 bruti
3131 3578 3388 3621 manere
3415 3558 3624 3619 ablata
3653 3556 3750 3616 ir-

2171 3659 2612 3729 rationalitate,
2673 3658 2758 3717 ita
2809 3662 3120 3735 repugnat
3163 3654 3354 3714 iidem
3397 3668 3534 3713 esse
3589 3666 3750 3710 cum

2173 3752 2432 3813 visione.
2468 3751 2544 3811 Et
2575 3749 2660 3811 ad
2699 3750 2820 3810 hoc
2864 3746 3360 3810 confirmandum
3391 3744 3752 3805 afferuntur

2177 3844 2530 3907 testimonia
2581 3860 2724 3922 quaa
2769 3842 2835 3903 in
2884 3842 3190 3921 principio
3241 3838 3639 3907 adduximus,
3673 3836 3750 3896 in

2175 3954 2444 3999 numero
2471 3934 2676 4015 primo
2705 3942 2766 3996 et
2793 3934 3092 3995 seeundo.

2259 4029 2358 4091 22.
2420 4028 2630 4093 Verius
2662 4032 2860 4091 tamen
2888 4027 3125 4091 ridetur
3149 4024 3752 4109 oppositum—Ego

2178 4140 2327 4185 vero
2353 4139 2476 4182 non
2501 4121 2682 4181 video
2703 4122 2866 4181 hanc
2886 4120 3372 4199 implicationem
3393 4114 3756 4178 contradic-

2177 4214 2388 4289 tioniS,
2420 4220 2482 4274 et
2499 4213 2804 4293 imprimis
2827 4214 2908 4273 de
2935 4213 3152 4273 habitu
3177 4212 3326 4271 fidei
3349 4214 3588 4271 eertum
3612 4208 3758 4269 exi-

2179 4308 2364 4369 stimo
2413 4326 2540 4367 non
2593 4307 2913 4389 implipare
2965 4305 3520 4367 contradictionem
3567 4302 3758 4381 quod

2179 4406 2435 4462 maneat
2472 4400 2536 4460 in
2567 4400 2890 4461 intellectu
2916 4398 3182 4459 videntis
3211 4399 3408 4459 Deum
3443 4416 3460 4469 ς
3509 4396 3659 4476 quia
3697 4396 3760 4457 si

2181 4501 2325 4556 actu
2351 4512 2482 4553 non
2500 4498 2818 4572 operatur,
2845 4497 3048 4553 cessat
3072 4491 3278 4552 omnis
3297 4491 3754 4570 repugnantia,

2183 4594 2252 4650 ut
2281 4606 2470 4666 supra
2493 4586 2558 4647 in
2587 4585 2768 4647 simili
2798 4585 3184 4647 declaratum
3215 4590 3331 4655 est,
3364 4590 3428 4646 et
3453 4585 3537 4644 ita
3561 4582 3761 4643 divus

2181 4682 2474 4751 Thomas,
2514 4682 2574 4740 (Ξ.
2607 4680 2668 4750 2,
2705 4697 2766 4757 q.
2804 4680 2942 4750 175,
2975 4684 3092 4739 art.
3123 4680 3184 4743 3.
3217 4677 3297 4739 ad
3325 4678 3388 4748 3,
3423 4682 3484 4737 et
3517 4682 3756 4754 quaest.

2189 4778 2262 4835 13
2291 4772 2368 4833 de
2401 4773 2589 4833 Verit.
2615 4819 2632 4843 ,
2677 4778 2792 4832 art.
2827 4772 2899 4843 2,
2949 4771 3096 4831 dicit
3123 4772 3188 4831 in
3218 4770 3408 4831 Paulo
3431 4815 3446 4842 ,
3489 4768 3762 4847 quando

2187 4866 2556 4943 (secundum
2599 4867 2804 4945 ipsum
2847 4867 2924 4925 D.
2968 4864 3296 4942 Thomam)
3342 4868 3559 4942 raptus
3595 4862 3767 4925 vidit

2187 4959 2458 5019 divinam
2505 4958 2863 5031 essentiam,
2899 4956 3319 5037 permansisse
3357 4956 3641 5017 habitum
3679 4954 3770 5016 fi-

2187 5050 2312 5113 dei.
2361 5052 2534 5113 ldcm
2561 5069 2716 5131 ergo
2741 5050 2952 5111 faeere
2979 5051 3144 5111 Deus
3173 5055 3385 5129 posset
3411 5066 3526 5128 per
3553 5055 3768 5111 totam

2191 5144 2634 5217 aeternitatem,
2661 5143 2812 5223 quia
2839 5142 3012 5203 nulla
3045 5149 3140 5204 est
3167 5144 3370 5222 major
3392 5160 3772 5221 repugnan-

2189 5238 2298 5299 tia.
2333 5238 2422 5297 De
2445 5235 2608 5297 facto
2634 5254 2807 5308 vero,
2839 5236 3222 5314 probabilius
3243 5240 3340 5297 est
3357 5235 3448 5297 ibi
3463 5252 3592 5296 non
3621 5252 3770 5295 ma·

2191 5347 2344 5391 nere
2374 5329 2564 5390 etiam
2598 5330 2882 5391 habitum
2918 5328 3086 5403 fidei,
3119 5328 3268 5407 quia
3297 5346 3628 5409 nunqnam
3663 5335 3770 5391 est

2191 5428 2562 5501 operaturus
2581 5458 2603 5498 ,-
2653 5427 2716 5483 et
2739 5439 2870 5483 non
2899 5422 3172 5500 pertinet
3194 5422 3278 5484 ad
3303 5422 3768 5503 perfectionem

2193 5515 2574 5595 simpliciter,
2603 5516 2876 5594 ideoque
2903 5533 3408 5593 supervacaneus
3435 5521 3550 5577 est.
3596 5517 3770 5579 Hinc
