3900 6217
546 353 665 416 376

546 461 844 538 explicata
897 469 988 525 est
999 481 1019 541 ;
1059 467 1410 529 continetur
1459 469 1626 531 enim
1677 471 1785 532 illa
1841 474 2104 535 materia

545 553 613 614 iu
676 555 970 633 Symbolo
1015 557 1381 637 ApostolicO,
1418 581 1558 624 cum
1597 564 1735 626 aliis
1773 584 1910 646 quse
1939 566 2103 626 dixi·

547 664 707 708 mus.
740 648 860 709 Nec
899 649 1087 711 refert
1109 653 1272 730 quod
1300 655 1426 714 sint
1447 655 1625 737 plura
1649 657 1948 737 symbola3
1977 679 2103 720 non

547 741 716 800 enim
759 750 847 802 est
890 760 1128 804 neeesse
1177 748 1386 807 omnia
1436 749 1613 825 scire,
1661 769 1775 812 nec
1817 759 1945 814 tam
2000 773 2106 816 ex·

548 831 755 912 plicite
778 836 987 896 omnia
1015 838 1283 913 credere,
1313 839 1468 902 sicut
1493 841 1559 902 iu
1593 843 1668 903 iis
1691 843 2102 926 declarantur3
2144 853 2151 858 '

549 943 697 987 nam
725 927 845 987 hoc
887 934 950 988 et
999 929 1221 992 nullibi
1251 942 1620 1014 praeceptum
1673 939 2009 1012 invenitur,
2046 947 2107 1002 et

550 1020 870 1082 moraliter
919 1029 1078 1084 esset
1108 1025 1483 1104 impossibile
1532 1039 1812 1110 respectu
1854 1035 2106 1114 majoris

550 1113 966 1175 multitudinis
1021 1113 1320 1191 fidelium;
1383 1121 1528 1182 satis
1590 1141 1738 1204 ergo
1803 1134 1894 1186 est
1957 1129 2111 1190 scire

553 1205 920 1285 Symbolum
972 1209 1369 1288 Apostolicun
1439 1217 1645 1294 quoad
1704 1218 2109 1282 substantiam

551 1301 710 1378 ejuS,
731 1306 802 1360 ut
829 1301 982 1379 dixi3
1014 1321 1093 1363 an
1123 1321 1271 1365 vero
1300 1315 1579 1386 oporteat
1600 1314 1787 1372 etiam
1810 1317 2112 1379 memoria

549 1393 818 1454 retinere
865 1394 1042 1471 illud,
1097 1399 1265 1476 quod
1322 1401 1400 1461 ad
1449 1405 1700 1466 tertium
1757 1408 2111 1472 membrum

552 1487 620 1547 in
659 1488 1032 1568 praecedenti
1076 1490 1376 1554 solutione
1408 1497 1700 1560 omissum
1738 1503 2108 1581 pertinebat,

553 1577 758 1640 dicam
785 1581 852 1641 in
903 1585 1170 1646 sectione
1223 1591 1523 1670 sequenti.
1585 1591 1793 1672 Neque
1843 1595 2112 1674 denique

553 1670 756 1733 obstat
781 1677 944 1754 quod
977 1678 1042 1738 in
1072 1683 1471 1744 numerandis
1505 1686 1778 1747 articulis
1811 1687 1993 1766 fidei,
2033 1692 2114 1752 sit

554 1767 917 1845 opinionum
983 1769 1337 1853 diversitas3
1396 1796 1542 1839 nam
1609 1780 1718 1842 illa
1765 1783 2113 1848 differentia

555 1859 733 1936 quasi
787 1863 1123 1926 materialis
1160 1873 1276 1942 est,
1319 1876 1622 1948 quatenus
1651 1891 1812 1934 unus
1842 1874 1960 1937 sub
1986 1897 2112 1940 uno

551 1951 810 2015 articulo
845 1956 1028 2036 plura
1069 1963 1364 2039 mysteria
1409 1967 1875 2045 comprehendit
1921 1990 2113 2051 quam

555 2044 736 2119 alius,
779 2049 876 2109 vel
913 2053 1233 2129 pauciora;
1265 2055 1332 2116 in
1375 2075 1442 2119 re
1474 2068 1680 2120 tamen
1725 2063 1936 2124 eadem
1965 2072 2111 2126 sunt

555 2141 850 2218 mysteria
889 2161 1029 2224 quae
1079 2151 1385 2215 credenda
1444 2163 1874 2236 proponuntur
1889 2176 1909 2237 3
1962 2158 2110 2222 fide·

556 2231 645 2292 les
679 2243 886 2296 autem
923 2257 1046 2300 non
1081 2247 1370 2304 tenentur
1413 2243 1520 2307 illa
1552 2248 1798 2310 eredere
1833 2252 1946 2312 sub
1996 2252 2111 2314 hoc

555 2326 649 2385 vel
687 2325 794 2388 illo
835 2331 1234 2394 articulorum
1277 2355 1562 2409 numero,
1611 2341 1714 2402 sed
1751 2343 2113 2424 simpliciter

553 2422 868 2502 mysteria,
913 2441 1053 2510 quae
1090 2427 1385 2510 diximus,
1414 2432 1567 2497 scire
1607 2441 1670 2496 et
1699 2436 1966 2502 credere.

1173 2675 1390 2733 sssc'rio
1423 2679 1482 2734 V.

561 2869 805 2945 Quando
859 2873 1073 2958 obliqet
1115 2875 1222 2940 boo
1269 2886 1634 2960 prce-ceptum
1685 2885 1849 2964 fidei,
1915 2891 1976 2951 et
2032 2888 2118 2952 ad

1150 2989 1295 3052 quos
1327 2978 1520 3039 actus.

635 3189 694 3248 1.
750 3185 874 3260 Quo
906 3190 1164 3270 tempore
1192 3189 1404 3274 obliqet
1433 3199 1802 3275 praeceptum
1837 3196 1983 3276 fidei
2012 3214 2110 3260 ne-

545 3281 842 3364 qativum.
854 3315 923 3326 -—-
945 3278 1070 3354 Quo
1086 3284 1228 3344 item
1243 3288 1500 3365 tempore
1513 3285 1606 3348 obl
1611 3287 1631 3342 ἰ
1632 3293 1728 3368 yet
1736 3293 2105 3370 proeoeptum

539 3373 1328 3455 fidei‘affirmativum.—Ut
1357 3377 1472 3440 hoe
1499 3386 1797 3458 puuctum
1837 3380 2106 3446 breviter

547 3469 970 3547 expediamus,
993 3472 1058 3529 in
1087 3470 1452 3532 memoriam
1480 3474 1825 3534 revocanda
1851 3481 1944 3536 est
1980 3475 2104 3538 dis-

543 3563 762 3623 tinctio
789 3582 856 3622 su
865 3583 974 3644 pra
1010 3563 1154 3624 data
1178 3564 1254 3625 de
1279 3563 1652 3643 obligatione
1676 3565 1862 3644 hujus
1879 3587 2103 3648 praece-

545 3657 660 3735 pti,
683 3657 909 3734 partim
932 3655 1241 3734 negativa,
1265 3657 1491 3736 partim
1517 3659 1923 3740 affirmativa5
1956 3681 2104 3724 nam

543 3750 608 3809 in
640 3750 928 3826 negativa
949 3747 1120 3808 nulla
1147 3754 1238 3809 est
1259 3749 1608 3824 difficultas3
1627 3754 1906 3834 sequitur
1932 3756 2101 3817 enim

545 3848 830 3902 naturam
869 3843 1160 3922 praecepti
1189 3843 1486 3920 negativi,
1524 3863 1662 3924 quae
1699 3853 1789 3908 est
1825 3847 2102 3927 obligare

541 3954 784 4014 semper
830 3942 892 3996 et
920 3955 1035 4016 pro
1079 3956 1341 4016 semper,
1373 3939 1518 4018 quia
1546 3939 1707 4018 quod
1741 3941 2104 4022 simpliciter

543 4029 925 4108 prohibetur,
956 4049 1276 4110 nunquam
1304 4032 1469 4106 licet;
1499 4040 1561 4094 et
1590 4034 1870 4097 similiter
1895 4038 2101 4114 quoad

541 4120 702 4182 hanc
781 4131 1020 4202 partem
1088 4142 1215 4184 nou
1280 4125 1515 4204 obligat
1565 4127 1682 4188 hoc
1725 4135 2101 4208 praeceptum

541 4215 618 4274 ad
647 4216 970 4294 specialem
999 4223 1228 4291 actum,
1267 4219 1372 4278 sed
1402 4219 1600 4280 solum
1641 4219 1717 4280 ad
1759 4222 2100 4283 carentiam

539 4309 739 4368 omnis
781 4317 954 4370 actus
987 4312 1278 4372 contrarii
1309 4310 1476 4388 fidei,
1516 4319 1578 4373 et
1627 4313 1830 4374 omnis
1883 4313 2109 4376 dubie-·

539 4401 684 4461 tatis
713 4405 1037 4463 contrariae
1068 4403 1422 4466 certitudini
1478 4406 1634 4482 ejus,
1696 4404 1903 4468 Altera
1952 4425 2099 4468 vero

541 4513 682 4574 pars
710 4493 1094 4558 affirmativae
1123 4495 1518 4574 obligationis
1551 4497 2096 4576 subdistinguitur,

540 4595 612 4648 ut
637 4605 822 4666 supra
863 4589 1018 4661 dixi,
1053 4589 1118 4648 in
1148 4588 1585 4669 obligationem
1614 4589 1905 4652 credendi
1931 4593 2099 4672 quod

531 4679 665 4758 jam
706 4685 797 4740 est
839 4681 1243 4760 propositum,
1274 4689 1337 4742 et
1373 4680 1580 4763 aliquo
1619 4684 1802 4744 modo
1847 4684 2094 4759 scitum,

539 4790 646 4832 seu
666 4771 873 4852 aliquo
912 4771 1096 4835 modo
1133 4775 1607 4854 apprehensum,
1647 4781 1710 4836 et
1761 4776 1828 4836 iu
1862 4775 2097 4855 obliga-

537 4865 774 4926 tionem
806 4865 1038 4927 sciendi
1058 4867 1222 4945 quod
1245 4866 1618 4928 credendum
1661 4873 1780 4946 est3
1809 4875 1872 4930 et
1899 4869 1975 4930 de
2000 4867 2095 4930 his

537 4957 812 5036 partibus
852 4957 1171 5036 sigillatim
1202 4960 1501 5035 dicemus,
1533 4959 1680 5039 quia
1710 4979 2095 5041 unaquaeque

535 5066 712 5109 suam
755 5049 1177 5112 difficultatem
1215 5051 1421 5113 habet.
1468 5053 1640 5113 Circa
1668 5053 1936 5132 priorem
1958 5073 2097 5134 par·

534 5151 695 5219 tem,
721 5193 730 5200 .
760 5141 997 5202 clarum
1058 5149 1149 5204 est
1206 5143 1480 5222 obligare
1539 5145 1656 5208 hoe
1722 5153 2097 5226 praeceptum

533 5234 613 5295 ad
696 5233 1068 5297 eliciendum
1137 5242 1200 5296 et
1281 5238 1690 5298 exercendum
1775 5240 2096 5320 proprium

531 5334 738 5388 actum
795 5329 1113 5390 internum
1161 5329 1328 5406 fidei,
1390 5331 1498 5410 qui
1546 5332 1819 5392 consistit
1870 5331 1937 5392 in
1992 5331 2095 5392 fir-

532 5421 808 5481 missimo
837 5440 909 5482 ac
949 5422 1291 5483 certissimo
1321 5441 1570 5484 assensu
1601 5423 1893 5484 verit-aiis.
1950 5425 2095 5485 Pro·

531 5515 730 5594 posita
770 5533 912 5576 vero
944 5515 1270 5577 difficultas
1298 5523 1411 5589 est,
1471 5518 1719 5596 quaudo
1779 5515 2094 5596 obligetur

1404 363 1640 420 DISPUT.
1679 370 1804 421 xlu.
1847 371 1923 425 DE
1958 371 2291 426 PRAECEPTO
2325 374 2673 428 JNTERmmS
2704 374 2884 428 mom.

2184 473 2372 537 homo
2400 477 2475 538 ad
2512 477 2881 540 exercendos
2916 479 3029 540 lios
3060 483 3229 540 actus
3257 478 3423 542 fidei.
3453 483 3527 544 Et
3568 484 3707 545 ratio

2183 567 2557 630 difficultatis
2579 577 2693 648 est,
2718 571 2863 652 quia
2890 577 3261 652 praeceptum
3296 570 3709 640 affirmativum

2185 680 2261 723 ex
2299 680 2385 736 se,
2432 662 2575 724 licet
2619 663 2850 744 obliget
2899 682 3161 744 semper,
3210 683 3342 726 non
3390 673 3587 730 tamen
3618 688 3711 750 pro

2184 772 2448 836 semper,
2502 756 2565 816 id
2604 766 2723 832 est,
2754 777 2881 818 non
2904 776 3013 836 pro
3062 758 3357 837 omnibus
3400 767 3460 820 et
3484 761 3713 842 singulis

2186 847 2585 927 temporibus.
2642 850 2815 911 Unde
2851 850 2904 912 si
2950 851 3155 930 ipsum
3192 861 3559 930 praereptum
3604 873 3715 918 non

2186 940 2467 1019 designet
2518 950 2762 1021 tempus
2821 961 2931 1024 pro
2976 962 3100 1024 quo
3169 946 3517 1008 executioni
3545 965 3719 1011 man-

2187 1035 2463 1096 dandum
2505 1042 2620 1110 est,
2670 1055 2797 1096 non
2838 1037 3093 1116 obligat,
3152 1038 3274 1098 nisi
3322 1057 3437 1118 pro
3482 1041 3715 1102 articulo

2190 1128 2588 1203 necessitatis3
2632 1129 2751 1190 hoc
2799 1137 3007 1190 autem
3051 1143 3427 1212 praeeeptum
3470 1149 3587 1194 uon
3628 1135 3715 1196 de-

2190 1221 2394 1298 signat
2428 1227 2691 1302 tempus,
2740 1230 2810 1283 ut
2838 1243 2945 1304 per
2970 1243 3036 1286 se
3080 1231 3271 1304 patet,
3304 1245 3507 1304 neque
3552 1228 3716 1290 etiam

2190 1321 2441 1394 apparet
2469 1333 2607 1394 quae
2636 1317 2719 1379 sit
2750 1321 3101 1394 necessitas,
3152 1320 3219 1380 in
3262 1337 3389 1399 qua
3428 1319 3547 1382 tale
3587 1340 3719 1400 prae·

2191 1415 2438 1486 ceptum
2487 1409 2743 1488 obliget,
2786 1417 2850 1471 et
2886 1411 3029 1472 ideo
3072 1411 3321 1474 difficile
3358 1419 3452 1477 est
3510 1421 3719 1478 certum

2192 1507 2434 1580 tempus
2458 1501 2647 1584 huJ'us
2668 1503 3062 1584 obligationis
3088 1505 3433 1586 praefigere.

2272 1597 2331 1656 2.
2363 1594 2585 1659 Prima
2613 1599 2932 1676 sententia,
2968 1631 3053 1646 -·
3098 1599 3448 1676 Refallim.
3487 1633 3563 1648 —-
3598 1602 3724 1676 Qui-

2193 1687 2335 1748 dam
2358 1688 2573 1750 dicunt
2600 1690 2873 1770 obligare
2897 1691 3016 1754 hoc
3037 1700 3411 1773 proeceptum
3429 1693 3589 1756 restis
3616 1695 3725 1758 die-

2191 1781 2330 1860 buS,
2360 1790 2421 1844 et
2452 1783 2747 1844 tribuitur
2770 1783 2905 1846 haec
2931 1787 3142 1866 opinio
3172 1788 3381 1864 ScotO,
3412 1790 3479 1850 in
3507 1793 3563 1864 3,
3600 1789 3722 1850 dist.

2190 1880 2289 1940 27.
2322 1896 2383 1958 q.
2417 1881 2586 1942 unic.
2602 1926 2623 1956 ,
2668 1881 2705 1961 §
2738 1881 3043 1956 Quantum
3078 1885 3162 1948 ad
3198 1883 3559 1957 secundm,
3602 1886 3727 1964 quia

2191 1971 2279 2033 ibi
2311 1971 2639 2050 significat,
2686 1974 3045 2052 Ecclesiam,
3072 1975 3463 2054 designando
3510 1983 3727 2056 tempus

2190 2063 2257 2124 in
2295 2084 2416 2145 quo
2458 2073 2548 2128 est
2599 2067 2759 2129 Deus
2811 2067 3149 2143 colendus,
3188 2075 3627 2147 consequenter
3642 2069 3728 2130 de·

2190 2157 2461 2236 signasse
2536 2165 2782 2240 tempus
2850 2161 2917 2221 in
2977 2179 3101 2240 quo
3168 2169 3263 2223 est
3308 2177 3495 2236 super
3544 2162 3729 2222 omnia

2191 2255 2515 2316 amandus,
2552 2253 2729 2316 Unde
2780 2253 2873 2330 fit,
2907 2255 3088 2333 juxta
3132 2253 3308 2318 illam
3356 2255 3725 2328 sententiam,

2190 2353 2567 2426 praeceptum
2638 2349 2955 2410 charitatis
3022 2347 3131 2409 Dei
3212 2345 3494 2424 obligare
3553 2349 3729 2424 quoad

2192 2442 2323 2502 dies
2340 2442 2548 2505 festos.
2581 2443 2752 2516 Quod
2782 2443 2834 2504 si
2866 2443 2981 2504 hoe
3010 2442 3097 2504 ita
3122 2449 3239 2517 est,
3270 2441 3497 2519 majori
3518 2441 3731 2503 ratione

2190 2535 2361 2597 idem
2388 2536 2718 2600 dicendum
2747 2538 2867 2598 erit
2883 2537 2963 2598 de
2988 2542 3299 2617 praecepto
3326 2542 3393 2596 ct
3424 2539 3561 2596 actu
3586 2531 3728 2606 fidei3
3832 2589 3834 2612 Α

2193 2632 2324 2689 tum
2360 2631 2510 2710 quia
2536 2630 2677 2692 talis
2709 2636 2881 2690 actus
2904 2636 2996 2692 est
3022 2628 3413 2690 necessarius
3434 2625 3513 2688 ad
3542 2643 3731 2686 aman-

2192 2721 2339 2784 dum
2388 2725 2581 2784 Deum
2620 2741 2807 2803 super
2836 2723 3066 2798 omnia,
3120 2722 3284 2783 sicut
3320 2725 3581 2800 oportet3
3612 2723 3725 2778 tum

2189 2816 2379 2876 etiam
2396 2817 2544 2898 quia
2570 2823 2663 2879 est
2688 2816 2887 2896 magis
2910 2816 3291 2878 necessarius
3323 2815 3404 2876 ad
3426 2812 3725 2874 colendum
3833 2871 3834 2876 ,

2191 2911 2409 2985 Deum,
2436 2929 2622 2990 quam
2646 2925 2847 2987 amor-3
2878 2908 3079 2970 fidelis
3101 2909 3274 2972 enim
3316 2908 3383 2970 in
3418 2911 3579 2968 statu
3608 2922 3726 2984 pec·

2189 3005 2313 3066 eati
2348 3005 2615 3067 existens
2673 3010 2872 3086 potest
2934 3003 3131 3066 colere
3169 3003 3371 3064 Deum
3397 3045 3413 3070 ,
3468 2999 3723 3080 quamvis

2189 3098 2365 3160 illum
2408 3117 2536 3160 non
2578 3104 2765 3160 amet.
2808 3096 3223 3158 Nihilominus
3274 3095 3412 3158 haec
3446 3093 3723 3155 sententia

2188 3192 2393 3270 quoad
2418 3208 2693 3254 amorem
2731 3208 2880 3252 vera
2922 3209 3048 3252 non
3086 3197 3201 3264 est,
3242 3206 3363 3250 nec
3406 3186 3725 3258 communi-

2188 3289 2284 3346 ter
2334 3291 2603 3358 tenetur,
2650 3291 2721 3346 ut
2770 3284 2900 3344 dixi
2932 3290 3084 3344 tom.
3137 3285 3169 3344 1
3204 3281 3283 3343 de
3313 3278 3717 3360 Relig.,lih.1

2184 3375 2261 3438 de
2302 3378 2515 3454 FestiS,
2561 3396 2695 3458 cap.
2753 3380 2849 3439 16.
2904 3375 3079 3437 Unde
3125 3393 3332 3455 neque
3379 3373 3723 3454 inpraesenti

2184 3469 2502 3549 probanda
2552 3477 2665 3545 est,
2717 3469 2866 3549 quia
2902 3468 3117 3529 eadem
3168 3467 3450 3546 procedit
3492 3467 3637 3526 ratio
3666 3465 3721 3528 in

2184 3568 2322 3624 actu
2364 3563 2532 3640 fidei,
2572 3562 2803 3624 scilicet
2836 3561 2999 3641 quod
3028 3561 3173 3636 licet
3204 3559 3287 3622 sit
3316 3560 3529 3639 aliquo
3562 3557 3721 3620 modo

2182 3654 2323 3716 finis
2354 3655 2523 3720 illius
2555 3655 2839 3736 praecepti
2871 3654 3157 3716 servandi
3188 3653 3451 3728 festum,
3488 3671 3609 3714 non
3646 3657 3723 3712 est

2186 3755 2393 3810 tamen
2418 3750 2677 3812 materia
2696 3751 2851 3829 ejus,
2873 3754 2936 3810 et
2954 3755 3335 3828 praeceptum
3360 3765 3491 3810 non
3510 3747 3719 3823 obligat

2180 3843 2261 3903 ad
2310 3843 2503 3905 finem
2524 3889 2546 3920 ‚
2595 3843 2699 3904 sed
2758 3843 2837 3902 ad
2892 3841 3239 3903 materiam.
3292 3841 3525 3902 Deinde
3573 3847 3723 3900 actus

2182 3934 2328 3998 fidei
2370 3955 2497 3998 non
2539 3943 2632 3997 est
2676 3933 3038 4014 simpliciter
3079 3936 3465 3996 necessarius
3513 3932 3589 3996 ad
3626 3951 3721 3992 au-

2180 4028 2473 4090 diendam
2526 4029 2799 4104 missam,
2847 4028 3018 4089 verbi
3086 4027 3311 4108 gratia,
3366 4027 3549 4088 modo
3616 4023 3722 4084 suf-

2180 4120 2411 4182 ficienti
2440 4121 2519 4182 ad
2555 4121 2708 4182 illud
2747 4127 3119 4201 praeceptum
3140 4119 3565 4198 implendum3
3596 4115 3720 4178 satis

2180 4215 2344 4275 enim
2380 4221 2475 4274 est
2518 4214 2606 4274 ibi
2638 4213 2849 4274 adesse
2876 4231 3018 4274 cum
3048 4211 3416 4284 attentione,
3452 4219 3515 4274 et
3542 4212 3720 4270 inten-

2180 4307 2347 4366 tione
2380 4305 2619 4368 colendi
2654 4307 2869 4380 Deum,
2896 4304 2994 4368 vel
3024 4305 3325 4366 offerendi
3347 4303 3717 4377 sacrificium

2180 4419 2315 4480 quae
2378 4401 2587 4462 omnia
2646 4406 2902 4481 possunt
2943 4399 3077 4460 fieri
3092 4445 3112 4475 ,
3172 4399 3419 4462 etiamsi
3464 4397 3717 4478 proprius

2180 4500 2351 4554 actus
2380 4495 2661 4555 internus
2698 4493 2848 4554 fidei
2878 4512 3001 4554 non
3042 4499 3429 4567 exerceatur3
3460 4490 3719 4571 quamvis

2181 4604 2328 4664 ergo
2360 4588 2467 4648 illa
2517 4588 2597 4648 sit
2646 4588 2878 4666 optima
2926 4587 3356 4666 opportunitas
3416 4581 3715 4648 exercendi

2178 4687 2348 4740 actus
2394 4680 2561 4756 fidei,
2618 4699 2745 4741 non
2804 4698 3127 4760 possumus
3174 4685 3387 4742 tamen
3426 4695 3563 4740 cum
3590 4677 3713 4737 fun-

2174 4770 2465 4833 damento
2497 4771 2723 4850 dicere,
2754 4773 2921 4853 quod
2950 4774 3033 4834 sit
3062 4772 3393 4834 necessitas
3414 4774 3709 4852 praecepta.

2258 4869 2315 4928 3.
2380 4866 2661 4932 Secunda
2700 4869 3021 4932 sententia.
3053 4899 3133 4912 -
3161 4865 3445 4928 Secunda
3490 4869 3712 4926 senten·

2179 4959 2287 5035 tia,
2353 4961 2579 5040 partim
2626 4961 2870 5036 similis,
2935 4961 3165 5040 partim
3212 4959 3456 5021 diversa
3501 4975 3539 5020 a
3580 4973 3712 5036 prae·

2166 5053 2443 5128 cedenti,
2485 5053 2663 5114 docet
2708 5053 2909 5115 teneri
2952 5053 3161 5114 fideles
3196 5052 3277 5114 ad
3322 5049 3706 5112 exercendum

2178 5152 2381 5207 actum
2425 5146 2592 5222 fidei,
2622 5165 2751 5208 non
2798 5147 3049 5226 quidem
3077 5146 3147 5206 in
3199 5144 3489 5207 omnibus
3534 5141 3702 5204 festis.

2179 5257 2379 5318 neque
2410 5239 2487 5300 de
2525 5239 2814 5300 omnibus
2845 5239 3177 5318 mysteriis,
3210 5237 3407 5300 sedin
3438 5235 3557 5297 illis
3592 5233 3705 5294 die-

2175 5330 2290 5392 bus
2337 5333 2403 5392 in
2458 5332 2685 5411 quibus
2735 5333 2843 5392 illa
2896 5331 3213 5411 mysteria,
3272 5349 3411 5410 quat
3455 5347 3529 5390 ex
3570 5343 3702 5406 prae·

2174 5435 2347 5504 cepto
2412 5425 2715 5486 credenda
2774 5432 2918 5488 sunt
2955 5470 2977 5499 ,
3042 5424 3429 5486 celebrantur
3456 5467 3475 5497 ,
3540 5421 3700 5497 idque

2172 5535 2313 5578 cum
2362 5519 2693 5598 partitione
2741 5518 3161 5590 accommoda,
3210 5518 3298 5578 ita
3333 5524 3403 5576 ut
3448 5517 3507 5578 in
3560 5528 3701 5576 uno·
