3900 6217
705 437 874 496 SECT.
909 441 970 496 Χ.
1007 441 1092 494 ΑΝ
1123 441 1398 494 valvus
1427 440 1782 495 tit-:vlturio
1813 441 2089 496 sutori-:T
2120 442 2203 496 Au
2236 440 2567 504 omnc'ruu,
2604 439 2737 494 mc.

3232 431 3305 496 91

160 543 400 610 doctrina
443 539 712 604 creditur
745 540 906 602 sicut
957 542 1206 619 oportet
1250 538 1332 600 ad
1359 537 1662 611 salutem;
1745 537 2141 620 religionem,
2165 539 2265 602 vel
2294 558 2423 603 non
2446 539 2955 620 pertineat;nam
2985 537 3105 599 hoc
3123 536 3314 600 etiam

161 643 362 705 constat
381 637 588 696 autem
621 639 812 696 totam
841 632 1004 694 hanc
1027 631 1220 694 fidem
1245 631 1668 712 theologicam

161 750 304 802 εειιος
327 727 460 808 quia
497 726 606 788 illa
635 725 938 798 doctrina,
969 731 1033 788 et
1060 725 1484 805 principaliter
1511 743 1670 786 cen·

159 827 280 890 tinet
303 825 484 884 Deum
511 819 736 900 ipsum,
753 837 828 880 ac
855 835 996 898 quae
1018 819 1099 879 ad
1125 817 1302 880 illum
1325 819 1664 898 pertinent,

164 929 214 984 et
231 916 470 980 maxime
509 912 752 974 substat
776 911 1020 992 objecto
1045 910 1290 974 formali
1324 910 1474 974 fidei
1493 911 1672 974 theo-

165 1013 336 1092 logice
358 1015 414 1070 et
435 1005 676 1068 infusoe.
697 1005 876 1070 Unde
903 1005 1092 1068 etiam
1123 1023 1200 1066 ex
1219 1011 1396 1084 parte
1423 1003 1672 1066 habitus

168 1114 216 1168 el
232 1118 510 1172 assensus,
534 1097 939 1160 manifestum
969 1103 1062 1160 est
1079 1097 1268 1160 fidem
1293 1098 1372 1160 de
1395 1097 1504 1160 tali
1525 1098 1671 1160 doc-

165 1199 290 1260 tn‘na
307 1192 732 1272 Theologicam
761 1209 942 1263 esse;
975 1191 1064 1254 sic
1091 1208 1246 1269 ergo
1271 1191 1431 1252 fides
1457 1193 1676 1254 catho-

161 1293 254 1353 lica
301 1290 356 1350 in
395 1285 770 1366 Theologica
821 1284 1178 1346 includitur.
1228 1284 1412 1346 Fides
1458 1290 1672 1346 autem

159 1381 480 1459 Theologica
534 1377 952 1440 universalior
995 1395 1136 1440 esse
1179 1384 1492 1452 censetur,
1524 1378 1672 1456 quia

164 1496 226 1540 ex
255 1480 408 1554 parte
445 1471 723 1534 materies
779 1472 1052 1534 continet
1097 1470 1404 1550 quidquid
1453 1489 1493 1532 a
1539 1472 1672 1533 Deo

168 1569 450 1632 revelatum
473 1565 686 1637 fuerit,
715 1565 958 1628 etiamsi
995 1565 1078 1626 ad
1115 1581 1514 1626 communem
1558 1566 1674 1628 Ec·

173 1664 324 1728 clesiae
371 1659 718 1722 doctrinam
759 1677 884 1720 non
913 1659 1245 1738 pertineat,
1277 1664 1340 1720 et
1379 1676 1525 1720 cum
1571 1677 1672 1720 ca·

172 1757 278 1820 clem
299 1753 688 1834 proportione
727 1771 806 1816 ex
843 1758 1018 1832 parte
1055 1752 1304 1814 habitus
1333 1758 1394 1813 et
1415 1757 1670 1814 actuum

171 1847 414 1932 significat
457 1845 900 1908 credulitatem
943 1852 1203 1926 propter
1229 1845 1668 1908 auctoritatem

167 1945 248 2006 Dei
275 1939 640 2002 testificantis
682 1939 746 2000 in
771 1955 1169 2020 quacumque
1199 1939 1484 2013 materia,
1516 1944 1578 2000 et
1607 1938 1672 2000 in

163 2051 504 2116 quocumque
525 2032 752 2094 modo.

211 2131 259 2190 4.
273 2129 674 2208 Ecquopacto
687 2126 1170 2208 distinauantur.
1175 2122 1581 2188 -Distinetio
1601 2141 1674 2186 ee

157 2229 298 2306 parte
317 2221 596 2286 noema.
617 2249 712 2266 —
729 2219 1062 2284 Distinetio
1097 2237 1172 2284 ez
1193 2225 1370 2302 parte
1391 2219 1575 2282 modi.
1593 2249 1678 2266 -

161 2317 364 2378 Constat
387 2317 594 2374 autem
621 2312 964 2374 manifeste
994 2311 1186 2374 fidem
1213 2311 1580 2400 caffholicam
1613 2316 1675 2374 et

161 2407 543 2486 ‘theologicam
565 2405 666 2467 sic
679 2405 1084 2478 declaratam,
1115 2423 1242 2468 non
1263 2405 1676 2468 essentialiter

163 2501 247 2563 sed
289 2498 638 2562 accidentali
651 2503 744 2560 ter
771 2498 1092 2577 distingui.
1152 2498 1477 2570 Probatur,
1527 2497 1675 2576 quia

163 2597 209 2656 in
241 2613 346 2655 uno
367 2599 423 2654 et
457 2591 694 2656 eodem
725 2595 933 2671 potest
977 2609 1116 2654 esse
1143 2591 1306 2654 tides
1345 2591 1670 2663 catholica,

162 2691 306 2750 etiam
327 2705 456 2749 cum
493 2686 598 2748 illa
621 2687 1002 2748 extensione
1055 2702 1250 2764 quam
1311 2685 1484 2747 addit
1516 2683 1674 2746 fides

161 2780 494 2861 Theologica,
519 2785 830 2842 ettamen
855 2779 920 2840 in
945 2779 1048 2840 illo
1073 2797 1201 2840 non
1231 2778 1678 2858 multiplicatur

167 2875 364 2936 habitus
387 2873 558 2947 fidei3
589 2891 752 2934 nam
793 2872 951 2936 fides
999 2871 1206 2934 infusa
1249 2891 1373 2932 una
1433 2878 1676 2934 tantum

183 2975 254 3030 est
298 2969 602 3030 secundum
660 2967 973 3040 habitum,
1031 2972 1100 3029 ut
1177 2973 1270 3028 est
1325 2967 1675 3028 eommunis

187 3063 398 3122 doctrina
421 3069 478 3124 et
505 3067 712 3134 certa,
745 3065 1048 3139 quantum
1079 3078 1156 3120 ex
1202 3058 1393 3120 Paulo
1443 3058 1676 3138 colligi-

182 3162 272 3226 tur,
287 3161 336 3216 ct
349 3154 492 3216 infra
509 3173 626 3216 suo
657 3154 804 3216 loco
823 3153 1211 3226 videbimus;
1241 3171 1390 3232 ergo
1423 3151 1674 3232 signum

173 3256 244 3309 est
265 3250 376 3312 illas
391 3249 541 3312 tides
573 3268 714 3310 non
733 3247 1032 3328 distingui
1057 3246 1492 3317 essentialiter,
1519 3245 1674 3306 alias

169 3359 264 3402 non
301 3349 532 3422 possent
575 3341 942 3404 coalescere
1001 3341 1070 3400 in
1119 3359 1312 3402 unum
1365 3339 1668 3400 habitum.

169 3435 264 3495 lloc
307 3437 476 3498 etiam
531 3435 934 3496 demonstrat
987 3433 1146 3495 ratio
1213 3437 1380 3494 tacta
1442 3433 1505 3493 in
1575 3449 1675 3494 se-

168 3527 324 3588 cunda
359 3529 696 3600 sententia,
745 3527 894 3605 quia
947 3525 1103 3588 fides
1149 3527 1522 3606 Theolegica
1579 3542 1674 3585 so-

167 3619 260 3681 lum
281 3627 462 3700 potest
487 3621 746 3684 differre
773 3639 812 3680 a
851 3619 1178 3692 catholica,
1215 3619 1312 3680 vel
1363 3637 1442 3681 ex
1497 3625 1674 3698 parte

167 3716 407 3789 maleriae,
443 3717 540 3778 vel
593 3733 678 3776 ex
726 3723 904 3793 parte
966 3713 1138 3774 modi
1201 3717 1311 3774 aut
1361 3713 1548 3774 medii
1575 3731 1678 3773 re·

166 3808 380 3885 cipiendi
445 3807 901 3870 revelationem
950 3823 988 3866 a
1037 3807 1164 3868 Deo
1188 3821 1209 3882 ;
1263 3811 1392 3866 tcta
1463 3809 1676 3866 autem

165 3899 272 3962 haec
293 3901 600 3964 diversitas
627 3899 1034 3962 accidentalis
1059 3905 1186 3971 est3
1209 3898 1588 3978 ergoMajor
1609 3903 1680 3958 ut

170 3995 296 4056 clara
337 3998 730 4077 supponitur,
759 3995 908 4076 quia
953 4012 1160 4074 neque
1203 3993 1283 4054 ab
1323 3993 1680 4054 auctoribus

169 4089 268 4150 aliae
285 4091 630 4154 differentias
671 4091 1096 4168 assignantur,
1125 4105 1243 4149 nec
1285 4093 1452 4148 certe
1498 4105 1678 4150 exco-

175 4183 312 4260 gitari
345 4192 623 4264 possunt.
657 4185 864 4246 Minor
891 4190 1129 4254 autem,
1163 4180 1374 4262 quoad
1411 4182 1678 4261 primam

175 4283 362 4353 partem
385 4277 460 4338 de
479 4277 780 4344 materia.
810 4277 1131 4356 probatur,
1158 4274 1304 4354 quia
1354 4274 1436 4336 ad
1477 4273 1680 4336 unita-

173 4375 264 4428 tem
285 4377 340 4432 et
361 4370 696 4432 essentiam
715 4369 866 4432 fidei
885 4376 948 4431 et
964 4368 1242 4430 formalis
1269 4367 1494 4448 objecti
1517 4369 1570 4447 ej
1581 4385 1675 4439 us,

171 4461 518 4524 accidentalis
576 4467 678 4526 est
737 4462 1008 4524 varietas
1043 4462 1338 4533 materias,
1373 4466 1443 4522 ut
1481 4461 1682 4522 mani-

171 4551 297 4614 feste
319 4560 500 4633 patet,
545 4562 684 4618 tum
731 4573 810 4618 ex
843 4555 1120 4635 generali
1169 4555 1409 4616 ratione
1453 4554 1678 4633 objecti

173 4647 460 4709 materialis
497 4654 564 4712 et
585 4648 866 4710 formalis
890 4649 956 4709 in
985 4646 1278 4709 omnibus
1312 4647 1676 4724 virtutibus3

176 4742 278 4798 tum
313 4741 488 4802 etiam
529 4759 608 4802 ex
661 4741 840 4804 dictis
885 4742 948 4802 in
999 4741 1417 4820 disputatione
1445 4759 1684 4821 praece-

177 4827 328 4904 denti,
357 4833 456 4894 ubi
508 4835 896 4896 ostendimus
930 4834 1047 4895 sub
1093 4835 1354 4896 materia
1399 4834 1682 4913 ejusdem

175 4920 288 4984 fidei
325 4927 758 5006 comprehendi
789 4927 1288 5007 supernaturalia
1327 4934 1391 4989 et
1433 4933 1682 4988 natura·

174 5013 258 5091 lia,
291 5021 632 5082 necessaria
669 5027 732 5084 et
773 5022 1232 5102 contingentia3
1280 5039 1430 5101 ergo
1487 5021 1678 5082 etiam

179 5112 746 5189 comprehenduntur
769 5114 1140 5176 universalia
1165 5119 1228 5176 et
1253 5113 1674 5194 particularia,

179 5217 268 5260 seu
291 5221 416 5281 quae
441 5207 750 5280 omnibus,
789 5209 888 5271 vel
928 5227 1065 5288 qum
1095 5207 1405 5288 aliquibus
1431 5215 1678 5270 tantum

181 5294 518 5375 revelantur3
556 5317 702 5362 nam
733 5302 866 5362 haec
903 5300 1254 5364 differentia
1283 5302 1482 5381 magis
1521 5301 1681 5362 acci-

184 5382 406 5450 dentalis
449 5399 562 5463 est,
597 5399 660 5453 et
711 5393 994 5473 pendens
1050 5413 1128 5456 ex
1181 5394 1314 5455 sola
1363 5395 1682 5456 voluntate

187 5479 484 5544 extrinseca
510 5485 859 5548 revelantis.
890 5487 964 5548 Et
981 5485 1148 5548 idem
1179 5492 1272 5548 est
1309 5486 1390 5548 de
1419 5485 1542 5547 alia
1570 5487 1688 5548 dif-

187 5567 432 5646 ferentia,
465 5577 636 5655 quod
657 5579 914 5642 materia
951 5578 1226 5642 revelata
1265 5580 1574 5660 pertineat
1603 5578 1684 5642 ad

1749 632 1829 695 ad
1871 633 2347 696 credibililatem
2402 641 2501 696 est
2548 631 3059 700 accidentarium,
3094 649 3170 692 eo
3212 628 3317 692 vel

1749 727 2021 788 maxime
2050 727 2223 806 quod
2263 728 2557 807 quaslibet
2580 726 2831 793 veritas.
2862 743 2943 786 eo
2976 724 3115 805 ipso
3142 723 3317 804 quod

1752 840 1790 882 a
1811 822 1942 882 Deo
1972 822 2307 896 revelatur,
2342 825 2547 902 potest
2592 839 2731 884 esse
2774 819 3035 880 materia
3064 817 3317 898 religio-

1751 915 1884 991 nis;
1913 933 2063 976 nam
2098 914 2179 976 ad
2208 917 2443 978 cultum
2472 917 2579 978 Dei
2608 914 2879 996 pertinet
2905 912 3093 976 etiam
3118 913 3181 972 in
3208 912 3313 973 illa

1749 1009 2011 1070 materia
2038 1010 2153 1088 ipsi
2178 1009 2477 1072 adhibere
2524 1010 2739 1081 fidem,
2776 1025 2893 1069 nec
2922 1011 3127 1086 potest
3150 1007 3315 1068 Deus

1752 1101 1989 1182 aliquid
2014 1104 2293 1164 revelare
2324 1102 2495 1182 quod
2551 1120 2679 1163 non
2710 1100 2990 1162 conferat
3014 1099 3096 1159 ad
3146 1098 3317 1159 salu-

1751 1201 1902 1270 tem,
1934 1196 2158 1257 saltem
2188 1213 2471 1274 personas
2506 1192 2884 1274 recipientis,
2915 1192 2965 1253 si
3014 1209 3157 1253 cum
3206 1189 3317 1253 de·

1751 1289 1881 1350 bita
1911 1290 2260 1351 reverentia
2292 1296 2357 1350 et
2398 1289 2523 1350 fide
2567 1287 2723 1350 illud
2764 1285 3078 1366 suscipiat.
3112 1287 3315 1364 Atque

1753 1382 1838 1442 ita
1873 1382 2161 1443 videmus
2192 1383 2255 1444 in
2309 1383 2627 1462 Scriptura
2656 1399 2832 1442 sacra
2877 1379 3076 1441 multa
3124 1378 3319 1440 conti·

1753 1476 1912 1545 neri,
1937 1495 2077 1556 qnae
2104 1495 2221 1557 per
2244 1497 2310 1539 se
2342 1483 2405 1539 et
2426 1476 2664 1538 directe
2695 1476 2775 1536 ad
2795 1474 3161 1553 religionem
3184 1489 3315 1533 non

1753 1570 2171 1648 pertinebant,
2199 1576 2269 1632 ut
2300 1588 2375 1631 ea
2406 1588 2547 1649 quse
2574 1571 2859 1649 spectant
2884 1567 2965 1629 ad
2994 1565 3315 1627 historiam

1751 1681 1965 1725 rerum
2006 1664 2467 1736 humanarum3
2510 1669 2571 1725 et
2626 1661 3028 1723 nihilominus
3090 1657 3315 1720 eadem

1751 1755 1898 1828 fide,
1945 1763 2008 1819 et
2043 1757 2410 1818 certitudine
2460 1754 2771 1818 credenda
2802 1759 2972 1829 sunt,
3004 1767 3203 1831 usque
3233 1748 3317 1812 ad

1753 1850 2033 1922 minima,
2066 1857 2137 1912 ut
2170 1849 2431 1930 vulgare
2460 1848 2840 1930 exemplum,
2881 1846 3050 1926 quod
3088 1843 3317 1907 Tobiae

1753 1944 2043 2005 hahuerit
2065 1961 2310 2015 canem,
2354 1949 2416 2004 et
2438 1947 2769 2022 propterea
2798 1941 2862 2002 in
2892 1937 3317 2020 superioribus

1752 2037 2089 2117 rejecimus
2116 2037 2577 2098 distinctionem
2616 2034 3054 2096 haereticorum
3102 2031 3183 2094 dc
3208 2031 3319 2092 tri·

1755 2131 1896 2212 plici
1929 2129 2079 2192 fide.
2126 2131 2203 2191 Et
2242 2131 2401 2192 ratio
2433 2129 2713 2189 omnium
2740 2133 2858 2199 est,
2902 2126 3051 2207 quia
3088 2123 3319 2186 veritas

1755 2225 1959 2306 prima
1988 2224 2212 2287 eadem
2250 2227 2313 2285 et
2363 2241 2545 2303 aeque
2572 2221 2911 2284 infallibilis
2956 2227 3053 2282 est
3092 2220 3153 2280 in
3208 2218 3321 2279 mi·

1755 2318 1965 2390 nimis,
1996 2323 2059 2379 et
2108 2318 2173 2378 in
2218 2317 2527 2388 maximis,
2570 2321 2633 2377 et
2680 2315 2891 2376 omnia
2940 2311 3187 2375 ordinat
3238 2308 3321 2372 ad

1759 2411 2023 2491 gloriam
2050 2427 2253 2472 suam.
2290 2409 2439 2472 Alias
2466 2426 2615 2472 vero
2642 2411 2856 2488 partes
2896 2405 3183 2488 ejusdem
3204 2403 3321 2464 mi·-

1755 2504 1948 2577 noriS‚
1983 2503 2239 2574 scilicet,
2270 2501 2351 2562 de
2378 2501 2569 2563 modo
2596 2507 2661 2562 et
2704 2501 2783 2562 de
2832 2499 3041 2561 medio
3078 2497 3323 2560 revela-

1757 2597 1964 2669 tionis,
2000 2597 2189 2657 etiam
2230 2596 2413 2657 clarae
2462 2601 2610 2657 sunt
2652 2613 2729 2656 ex
2782 2593 2985 2664 dictis,
3016 2590 3163 2671 quia
3202 2590 3322 2650 illas

1756 2688 2233 2751 circuinstantioe
2252 2695 2494 2751 tantum
2530 2688 2595 2748 in
2622 2688 2739 2748 hoc
2760 2687 3127 2757 consistunt,
3150 2679 3321 2764 quod

1756 2782 2055 2844 revelatio
2082 2782 2213 2856 fiat,
2245 2782 2343 2843 vel
2382 2780 2743 2842 immediate
2772 2797 2809 2842 a
2860 2780 3013 2852 Deo,
3052 2778 3152 2840 vel
3202 2794 3316 2857 per

1757 2877 2033 2956 aliquem
2076 2877 2427 2936 ministrum
2478 2893 2687 2948 suum,
2721 2873 2820 2936 vel
2864 2889 2979 2953 per
3028 2871 3321 2952 praedica·

1755 2969 1990 3031 tionem
2045 2968 2485 3048 Apostolorum
2534 2971 2644 3028 aut
2698 2967 3172 3046 Prophetarum,
3216 2963 3320 3024 vel

1755 3079 1871 3144 per
1901 3063 2089 3123 alium
2120 3062 2379 3123 modum
2406 3059 2755 3122 traditionis
2798 3065 2907 3119 aut
2954 3057 3325 3138 propositio-

1753 3157 1852 3218 nis
1893 3175 1932 3218 a
1960 3157 2089 3218 Deo
2130 3155 2337 3227 factm
2370 3156 2507 3215 haec
2534 3158 2743 3214 autem
2775 3153 2986 3214 emnia
3032 3150 3323 3212 acciden-

1752 3250 1910 3312 taria
1968 3256 2135 3322 sunt,
2186 3249 2332 3328 quia
2375 3265 2505 3308 non
2544 3251 2831 3324 spectant
2874 3244 2957 3306 ad
3003 3244 3321 3324 objectum

1752 3341 2039 3416 formale,
2074 3341 2185 3404 sed
2213 3343 2293 3402 ad
2322 3339 2925 3420 approximationem
2970 3355 3083 3400 seu
3122 3337 3323 3416 appli-

1755 3436 2067 3498 cationem
2098 3436 2261 3497 illius
2303 3434 2565 3514 objecti;
2599 3431 2769 3494 unde
2803 3432 3209 3511 Augustinus,
3242 3427 3321 3492 19

1756 3533 1971 3591 contra
2002 3530 2239 3601 Faust.,
2284 3547 2340 3590 c.
2376 3531 2475 3599 15,
2506 3527 2655 3588 dicit
2689 3525 2979 3587 eamdem
3028 3525 3219 3585 fuisse
3244 3523 3321 3582 fi-

1755 3623 1900 3684 dem
1929 3624 2354 3702 antiquorum,
2386 3627 2451 3684 et
2491 3627 2793 3686 nostram,
2820 3637 2999 3700 quam
3035 3617 3127 3680 vel
3158 3632 3321 3678 reve-

1756 3717 2083 3780 lotionibus
2109 3716 2499 3799 accipiebant,
2528 3715 2621 3776 vel
2642 3712 2711 3775 in
2738 3709 3063 3794 Prophetis
3087 3709 3321 3774 intelli-

1756 3811 1991 3891 gebant,
2048 3811 2203 3871 nihil
2254 3811 2414 3871 inter
2466 3807 2582 3868 hos
2628 3807 2849 3868 modos
2900 3804 3314 3884 distinguens,

1759 3902 1908 3980 quia
1935 3919 2154 3964 revera
2177 3910 2325 3964 sunt
2346 3901 2744 3964 accidentarii
2776 3899 2857 3960 ad
2880 3898 3107 3975 fidem3
3138 3897 3309 3958 unde

1757 3994 1916 4056 fides
1968 4013 2157 4074 quam
2216 3994 2415 4057 Adam
2472 3995 2707 4069 habuit,
2743 3999 2805 4055 et
2850 4009 3041 4072 quam
3082 3991 3165 4050 ab
3216 3989 3319 4050 illo

1758 4087 1973 4149 didicit
2012 4089 2189 4161 Abel,
2224 4089 2507 4168 ejusdem
2554 4087 2813 4149 rationis
2862 4085 3001 4157 fuit,
3046 4083 3191 4145 licet
3218 4083 3319 4143 ille

1759 4182 2123 4243 immediate
2154 4199 2193 4243 a
2229 4184 2359 4244 Deo
2388 4181 2557 4243 illam
2588 4179 2919 4259 receperit,
2950 4177 3049 4238 bic
3093 4193 3243 4238 vero
3284 4193 3322 4234 a

1759 4283 2021 4354 parente
2076 4295 2215 4352 suo,
2248 4284 2311 4339 et
2350 4277 2439 4338 sic
2468 4276 2548 4337 de
2580 4276 2736 4336 aliis.
2766 4275 2875 4336 Est
2898 4288 3049 4352 ergo
3082 4277 3321 4332 certum

1760 4367 1952 4430 fidem
1974 4369 2343 4430 catholicam
2375 4366 2889 4444 etTheologicam
2912 4363 3327 4426 essentialiter

1761 4479 1888 4522 non
1918 4461 2247 4542 distingui3
2304 4463 2471 4542 quod
2528 4463 2577 4522 si
2608 4467 2896 4522 auctores
2926 4459 3140 4539 primae
3192 4457 3325 4536 opi·

1759 4555 1967 4615 nionis
1995 4555 2375 4616 contrarium
2402 4555 2629 4617 docere
2662 4553 3015 4624 voluerunt,
3058 4551 3176 4611 illis
3224 4567 3325 4610 as-

1762 4649 1994 4709 sentire
2024 4667 2152 4710 non
2193 4667 2561 4728 possumus3
2592 4647 2643 4708 si
2671 4664 2820 4709 vero
2846 4645 3325 4706 fundamentum

1763 4743 1884 4802 hoc
1933 4743 2288 4814 admittunt,
2332 4761 2459 4802 non
2515 4741 2697 4801 video
2762 4739 3077 4818 quomodo
3116 4739 3179 4798 in
3256 4755 3325 4798 re

1764 4835 1898 4914 ipsa
1925 4835 2163 4915 possint
2190 4835 2271 4897 ab
2300 4833 2657 4896 auctoribus
2686 4832 2973 4895 secundat
3002 4829 3325 4894 sententiaa

1767 4928 2149 5008 discrepare.

1841 5024 1900 5084 5.
1943 5020 2217 5087 Assertio
2239 5022 2447 5103 prima
2472 5025 2541 5086 de
2580 5021 2939 5086 revelatione
2963 5026 3231 5104 privata.
3244 5053 3327 5068 -

1758 5117 1848 5178 Ex
1875 5117 1998 5176 hoc
2022 5133 2172 5194 ergo
2203 5115 2609 5177 fundamento
2638 5115 2839 5177 infero
2870 5122 2932 5178 et
2960 5133 3171 5177 assero
3201 5115 3331 5195 pri-

1759 5228 1888 5282 mo,
1934 5209 2381 5271 revelationem
2432 5210 2737 5289 privatam
2768 5209 3151 5270 sufficienter
3178 5226 3327 5287 pro-

1763 5302 2053 5383 positam,
2114 5303 2179 5362 in
2232 5319 2631 5382 quacumque
2690 5302 2951 5363 materia
3016 5305 3324 5374 versetur,

1765 5395 2053 5456 sufficere
2092 5395 2173 5455 ad
2221 5411 2548 5456 assensum
2582 5394 2725 5455 fidei
2756 5393 3037 5473 ejusdem
3070 5393 3322 5472 speciei,

1765 5494 1828 5550 et
1857 5486 2141 5567 ejusdem
2171 5488 2419 5550 habitus
2446 5507 2590 5548 cum
2627 5488 2761 5549 aliis
2790 5487 3147 5548 assensibus
3178 5485 3329 5546 fidei

1767 5580 2113 5654 catholicas.
2157 5587 2218 5644 et
2268 5587 2725 5663 consequenter
2766 5581 2953 5641 talem
3008 5578 3327 5642 revelatio·
