3900 6217
546 373 666 436 6¹8

543 479 791 542 terdum
819 481 1018 558 potest
1047 477 1234 540 licere
1277 497 1406 542 non
1447 479 1671 556 facere,
1703 479 1824 542 nisi
1857 487 2106 563 propter

544 572 713 634 hunc
741 571 973 648 finem3
1011 578 1074 634 ct
1107 571 1226 633 hoc
1251 573 1440 634 sentit
1459 574 1528 635 D.
1551 573 1818 636 Thomas
1845 574 1911 634 in
1939 575 2105 637 dicta

546 669 763 746 quoest.
787 666 886 739 89,
907 669 1024 725 art.
1054 666 1116 740 4,
1143 665 1222 725 ad
1252 667 1312 742 3,
1337 672 1400 726 et
1431 673 1549 728 art.
1585 669 1647 744 5,
1677 669 1756 730 ad
1779 670 1841 744 2,
1869 667 1977 728 ubi
2010 668 2105 729 di-

548 759 630 821 cit
648 806 662 829 ‚
721 758 866 820 licet
927 759 1350 837 juramentum
1401 760 1482 820 sit
1519 767 1693 822 actus
1739 761 2059 842 religionis
2077 807 2100 838 ,

546 869 722 932 posse
747 850 882 913 fieri
927 857 1178 930 propter
1211 851 1486 932 aliquam
1522 853 1853 916 utilitatem
1881 856 2104 918 huma-

547 963 720 1021 nam,
761 943 870 1006 ubi
896 950 1108 1006 tamen
1131 945 1460 1023 cajetanus
1493 946 1676 1008 aliter
1701 953 1963 1010 conatur
2002 965 2105 1012 ex-

548 1053 814 1120 ponere;
861 1044 1026 1102 certe
1062 1038 1556 1120 chrysostomus,
1599 1039 1858 1103 homilia
1913 1045 1991 1106 15
2036 1044 2104 1104 in

547 1131 932 1207 Matthaeum,
967 1130 1118 1194 dicit
1143 1147 1304 1212 saepe
1329 1133 1526 1194 Deum
1555 1133 1918 1214 promittere
1943 1135 2107 1198 bona

548 1223 938 1304 temporalia,
967 1231 1038 1286 ut
1068 1232 1436 1287 moveantur
1471 1227 1816 1308 imperfecti
1841 1230 1922 1291 ad
1964 1248 2109 1310 ope·

549 1318 840 1380 randum.
883 1317 1060 1380 Unde
1091 1317 1254 1380 addo
1293 1318 1539 1398 ultimo,
1585 1321 1636 1381 si
1680 1320 1812 1383 haec
1843 1323 2107 1384 intentio

549 1411 906 1491 temporalis
932 1412 1243 1474 commodi
1261 1414 1497 1476 nitatur
1521 1415 1588 1477 in
1612 1415 1823 1478 divina
1843 1418 2107 1497 promis·

550 1505 742 1578 sione,
780 1512 842 1568 et
873 1525 912 1568 a
944 1507 1068 1568 Deo
1082 1552 1103 1582 ,
1141 1513 1214 1568 ut
1252 1507 1332 1569 ab
1377 1514 1626 1571 auctore
1657 1511 1874 1590 gratias
1902 1524 2107 1592 spere-

551 1605 657 1660 tur
679 1644 700 1674 ,
751 1598 930 1660 illum
986 1601 1244 1662 modum
1303 1601 1602 1682 operandi
1657 1605 1969 1682 pertinere
2026 1606 2106 1667 ad

550 1709 748 1770 spem,
791 1693 974 1754 modo
996 1692 1160 1754 dicto
1183 1694 1250 1755 in
1275 1693 1410 1774 ipsa
1441 1695 1664 1757 ultima
1689 1697 2102 1761 conclusione.

550 1785 732 1846 Ratio
758 1792 872 1859 est,
901 1787 1050 1868 quia
1074 1785 1210 1848 haec
1251 1787 1417 1850 bona
1457 1789 1574 1852 isto
1617 1791 1802 1854 modo
1831 1793 2110 1856 conside-

552 1884 690 1942 rata
713 1880 1023 1958 pertinent
1049 1879 1128 1941 ad
1154 1881 1465 1960 objectum
1493 1884 1648 1964 spei,
1691 1891 1763 1946 ut
1807 1886 2104 1950 diximus.

553 1972 728 2034 Unde
757 1972 945 2034 ctiam
985 1992 1058 2036 eo
1087 1976 1272 2036 modo
1301 1984 1548 2056 sumpta
1573 1978 1806 2040 cadunt
1831 1981 1948 2042 sub
1982 1999 2110 2044 me-

550 2065 766 2144 ritum,
792 2075 862 2128 ut
889 2085 1004 2130 suo
1031 2067 1164 2131 loco
1193 2076 1488 2133 tmctatur
1515 2071 1662 2150 (lib.
1689 2075 1766 2134 12
1787 2074 1868 2137 de
1882 2074 2105 2155 Grat.).

1159 2271 1378 2326 suono
1406 2273 1497 2329 VI.

752 2441 838 2504 In
867 2457 981 2521 quo
1001 2441 1204 2521 gradu
1225 2443 1617 2521 perfeetionis
1638 2443 1726 2508 sit
1751 2461 1908 2526 spes.

639 2630 696 2689 1.
719 2627 1076 2711 δημοῦ-ἰτὼ
1089 2629 1906 2710 proresozutim.—Pr2·ma
1919 2649 2117 2696 asser-

553 2724 662 2788 tio.
678 2722 1034 2798 -Quaestio
1047 2722 1184 2784 haec
1194 2725 1464 2804 pertinet
1477 2725 1556 2785 ad
1572 2726 1858 2787 habitum
1873 2727 2025 2807 spei,
2053 2732 2115 2788 et

555 2815 852 2895 quoniam
875 2817 952 2877 de
979 2815 1088 2878 illo
1103 2818 1206 2878 vix
1229 2824 1507 2896 superest
1529 2819 1763 2898 aliquid
1785 2819 2114 2881 dicendum

552 2919 784 2990 proeter
813 2908 977 2969 dicta
1013 2909 1080 2970 in
1115 2927 1342 2988 genere
1377 2911 1445 2971 in
1480 2913 1738 2973 materia
1771 2912 1848 2974 de
1887 2914 2110 2990 gratia,

553 3009 616 3064 et
642 3003 710 3065 in
731 3002 922 3064 simili
949 3002 1026 3064 de
1053 3001 1174 3064 fide
1201 3008 1264 3064 et
1286 3004 1614 3081 charitate,
1639 3007 2113 3085 supponendum

552 3095 824 3158 breviter
851 3103 945 3156 est
969 3095 1102 3156 dari
1131 3096 1197 3157 in
1221 3096 1400 3158 nobis
1423 3097 1778 3177 hujusmodi
1801 3097 2108 3174 habitum,

555 3190 720 3270 quod
749 3194 918 3268 patet
933 3208 1011 3251 ex
1035 3189 1249 3265 dictis3
1281 3198 1416 3252 tum
1445 3193 1594 3271 quia
1618 3199 1790 3255 aetus
1817 3211 1971 3274 quos
2001 3213 2115 3254 nu-

554 3285 958 3360 meravimus,
981 3301 1110 3346 non
1125 3292 1272 3346 sunt
1289 3285 1468 3346 nobis
1485 3285 1694 3348 faciles
1709 3303 1729 3364 ;
1759 3293 1895 3348 tum
1923 3288 2114 3348 etiam

555 3377 702 3456 quia
749 3395 892 3438 cum
939 3379 1434 3459 supernaturales
1477 3381 1624 3456 sint,
1675 3382 1961 3460 indigent
2018 3397 2117 3441 ac-

556 3471 944 3533 commodato
967 3472 1289 3552 principio,
1319 3473 1478 3535 sicut
1501 3480 1676 3535 actus
1702 3474 1971 3536 aliarum
1996 3475 2120 3534 vir-

557 3569 786 3625 tutum.
817 3565 907 3624 Ex
933 3584 1058 3645 quo
1085 3566 1224 3627 dico
1251 3567 1454 3646 primo
1484 3566 1652 3629 hunc
1677 3566 1961 3628 habitum
1990 3583 2119 3627 esse

557 3675 670 3737 per
696 3676 760 3718 se
796 3657 1094 3735 infusum,
1137 3659 1299 3738 quod
1329 3667 1420 3720 est
1454 3667 1694 3721 certum
1737 3675 1813 3720 ex
1853 3660 2121 3721 Triden-

557 3751 716 3826 tino,
749 3751 1016 3813 sessione
1043 3755 1106 3829 6,
1133 3771 1188 3813 c.
1227 3755 1266 3814 3
1283 3769 1304 3831 3
1328 3760 1392 3815 et
1417 3753 1640 3815 Eccles.
1677 3757 1793 3816 24:
1827 3754 1967 3836 Epo
1993 3771 2124 3816 ma-

561 3850 654 3908 ter
675 3851 902 3910 sanctoe
926 3847 1096 3927 spei,·
1123 3848 1288 3910 etad
1325 3847 1633 3908 Romanos
1663 3849 1739 3909 15
1772 3865 1789 3909 ε
1820 3849 1985 3910 Deus
2014 3863 2122 3910 au·-

565 3943 680 4002 tem
693 3941 822 4020 spei
833 3964 858 4011 ,·
873 3946 936 4000 et
954 3941 1032 4000 ad
1053 3939 1468 4002 Thaesalonic.
1494 3941 1762 4002 secundo
1781 3962 1797 4000 ε
1825 3940 1943 4013 Qui
1958 3940 2123 4002 dedit

559 4032 726 4095 nobis
747 4051 910 4113 spem
939 4033 1170 4096 bonam.
1214 4033 1362 4107 Quae
1395 4032 1529 4094 loca
1559 4038 1576 4071 ¹
1611 4039 1862 4112 possunt
1897 4033 1974 4092 de
2011 4031 2117 4092 ob-

555 4127 744 4205 jecto,
780 4133 841 4188 et
865 4126 1102 4187 actibus
1127 4127 1374 4206 exponi,
1399 4126 1506 4187 sed
1533 4127 1680 4188 inde
1703 4127 1973 4188 sumitur
1991 4125 2121 4186 effi·

563 4237 678 4280 cax
699 4227 1140 4298 argumentum
1169 4221 1245 4282 de
1265 4219 1484 4281 habitu
1511 4237 1527 4281 z
1557 4237 1702 4281 nam
1730 4221 1781 4281 si
1810 4219 2121 4299 objectum

563 4319 735 4374 actus
759 4320 850 4374 est
867 4313 1389 4393 supernaturali53
1415 4331 1564 4393 ergo
1593 4320 1654 4374 et
1671 4313 1942 4373 habituS.
1967 4313 2121 4372 ltem

564 4412 732 4487 patet
765 4425 803 4466 a
831 4406 1019 4468 simili
1047 4423 1126 4466 ex
1159 4406 1296 4467 aliis
1337 4405 1691 4482 virtutibuS,
1745 4421 1873 4465 non
1926 4403 2128 4464 solum

564 4499 967 4578 TheologiciS,
993 4500 1100 4561 sed
1123 4499 1483 4575 moralibus,
1505 4499 1768 4578 gratiam
1797 4515 1909 4578 per
1934 4515 2000 4558 se
2028 4514 2128 4557 co-

567 4592 951 4656 mitantibus.

646 4691 706 4748 2.
739 4686 1020 4750 Secunda
1053 4688 1334 4750 assertio.
1363 4717 1448 4732 —
1474 4685 1618 4747 Dico
1659 4682 1929 4746 secundo
1962 4681 2130 4742 hunc

566 4780 850 4842 habitum
898 4797 1029 4840 esse
1076 4797 1288 4840 veram
1335 4786 1398 4840 et
1433 4779 1746 4860 propriam
1791 4775 2126 4852 virtutem3

567 4881 702 4936 tum
733 4873 883 4953 quia
911 4877 1002 4933 est
1028 4890 1066 4932 a
1093 4874 1216 4933 Deo
1245 4871 1602 4934 immediate
1631 4877 1692 4932 et
1723 4887 1832 4950 per
1869 4887 1933 4930 se
1965 4865 2131 4928 infu-

569 4983 672 5026 sus
697 4965 1005 5026 voluntati
1019 4981 1039 5042 ;
1076 4969 1211 5026 tuin
1243 4965 1392 5044 quia
1413 4964 1725 5043 objectum
1749 4963 1882 5042 ejus
1901 4966 1997 5022 est
2024 4977 2132 5039 op-

568 5061 830 5133 timum,
873 5063 938 5120 et
967 5063 1138 5118 actus
1164 5057 1601 5119 honestissimi.
1655 5057 1826 5116 Dices
1870 5075 1885 5114 z
1933 5053 2133 5113 virtus

569 5157 661 5211 est
681 5150 996 5230 dispositio
1023 5150 1276 5230 perfecti
1300 5151 1378 5211 ad
1407 5151 1712 5229 optimum
1738 5170 1756 5223 ;
1796 5146 1900 5206 hic
1919 5150 2129 5206 autem

568 5243 818 5306 habitus
835 5261 964 5304 non
989 5241 1260 5323 disponit
1279 5243 1360 5303 ad
1387 5243 1694 5322 optimum
1721 5246 1950 5309 actum,
1986 5253 2133 5297 nam

571 5521 594 5586 l
657 5433 674 5466 ¹
707 5427 846 5488 Alia
867 5426 1062 5488 videri
1091 5425 1412 5508 possunt-l.
1449 5425 1590 5488 fide
1607 5423 1844 5499 Gratia,
1877 5439 1936 5483 c.
1966 5421 2031 5496 8,
2076 5425 2139 5482 et

603 5565 618 5582 .
665 5523 730 5604 8,
765 5540 818 5582 c.
860 5523 958 5584 18.

995 376 1233 430 ΒΙδΡῧΤ.
1269 377 1308 430 1.
1341 377 1766 432 seucumrlva
1799 379 1880 431 DE
1912 379 2185 432 vaUTE
2216 379 2351 434 SPE!
2384 379 2725 436 CONTINENS
2758 375 3091 430 ssscrlousss
3122 375 3296 430 00‘1'0.

2184 482 2454 563 disponit
2479 483 2559 545 ad
2605 499 2883 546 amorem
2924 479 3462 560 concupiscentiae,
3490 487 3589 566 qui
3629 497 3709 550 est

2183 576 2603 657 imperfectus.
2644 577 2903 656 Propter
2932 573 3050 635 hoc
3084 575 3432 652 Dur-andus,
3462 577 3702 642 distinct.

2184 670 2288 744 26,
2327 687 2387 749 q.
2424 674 2484 745 1,
2516 669 2703 731 sentit
2752 686 2923 749 spem
2954 685 3077 728 non
3122 685 3251 728 esse
3280 669 3517 748 proprie
3538 673 3705 734 viz-tu-

2182 766 2347 838 tem3
2370 763 2475 824 sed
2502 779 2825 842 perperam
2851 761 3164 842 loquitur-3
3194 779 3343 823 nam
3372 762 3419 822 si
3447 769 3607 825 actus
3631 771 3707 828 est

2183 855 2543 934 simpliciter
2587 855 2789 916 bonus
2812 859 2876 917 et
2905 855 3226 930 honestus,
3257 873 3370 915 cur
3407 871 3527 916 nou
3558 857 3705 920 habi-

2183 951 2319 1009 tus?
2360 951 2515 1011 Item
2570 965 2699 1010 non
2750 951 2844 1009 est
2888 947 2965 1009 de
3024 947 3264 1010 ratione
3312 945 3552 1010 virtutis
3601 970 3709 1014 esse

2184 1041 2562 1122 principium
2584 1041 2959 1123 optimorum
2988 1047 3242 1102 actuum
3268 1041 3634 1122 simpliciter,
3660 1053 3710 1106 et

2185 1135 2252 1196 in
2266 1134 2439 1196 omni
2460 1153 2687 1214 genere
2698 1151 2721 1214 3
2744 1133 2895 1196 alias
2914 1134 3041 1196 sola
3059 1133 3329 1195 charitas
3348 1141 3501 1196 esset
3518 1136 3707 1200 virtus.

2186 1230 2388 1304 Quare
2430 1229 2624 1290 virtus
2670 1228 2986 1309 dispositio
3028 1235 3119 1289 est
3156 1227 3417 1306 subjecti
3460 1229 3537 1289 sd
3579 1232 3712 1312 opti-

2187 1339 2360 1386 mum
2409 1323 2663 1384 modum
2697 1321 3015 1402 operandi,
3048 1319 3340 1383 videlicet
3366 1329 3631 1402 prompte
3665 1331 3714 1385 et

2187 1415 2666 1495 delectabiliter3
2712 1422 2774 1478 et
2808 1421 2879 1477 ut
2904 1413 2987 1477 sit
3026 1414 3259 1491 virtus,
3312 1415 3459 1476 satis
3485 1423 3569 1478 est
3608 1434 3712 1480 esse

2185 1509 2563 1590 principium
2615 1514 2869 1571 actuum
2908 1507 3317 1568 honestorum
3363 1525 3441 1569 ex
3478 1507 3708 1587 objecto,
3827 1567 3828 1570 ,

2186 1609 2375 1713 atque
2415 1603 2569 1665 adeo
2614 1602 2994 1684 optimorum
3035 1600 3104 1663 in
3148 1617 3261 1663 sua
3305 1599 3506 1682 specie
3544 1607 3599 1664 et
3635 1621 3713 1664 ra-

2186 1702 2668 1856 ιιθῖξ.θ.1>νοῦιιίτιν
2693 1789 2951 1854 assertio
2985 1789 3181 1870 quoad
3202 1805 3373 1871 spem
3397 1793 3704 1868 firmatam.

2189 1915 2271 1932 —
2284 1885 2443 1948 Item
2460 1884 2659 1966 quoad
2675 1885 3012 1963 informem.
3031 1913 3109 1928 --
3128 1883 3469 1947 Instantius
3502 1888 3567 1944 ut
3600 1901 3718 1945 non·

2188 1977 2349 2040 nulli
2372 1979 2790 2057 respondeant.
2836 2008 2919 2022 --
2988 1977 3145 2042 Vera
3190 1976 3438 2039 solutio.
3484 2007 3561 2021 ·-
3601 1977 3713 2038 Haec

2191 2085 2338 2150 ergo
2368 2069 2701 2142 conclusio,
2746 2068 3056 2132 intellecta
3086 2069 3165 2130 de
3192 2085 3303 2147 spe
3324 2067 3599 2142 formata,
3628 2089 3714 2130 seu

2190 2166 2521 2244 conjuncta
2562 2163 2875 2240 charitati,
2916 2169 2989 2225 ut
3027 2163 3299 2225 sectione
3350 2163 3615 2244 sequenti
3645 2164 3717 2225 di·
3827 2185 3828 2210 1

2190 2265 2387 2332 cetur,
2432 2269 2525 2319 est
2564 2258 2641 2319 de
2690 2258 2837 2332 fide,
2892 2276 3039 2319 nam
3084 2263 3235 2318 tunc
3278 2263 3374 2318 est
3412 2257 3478 2317 in
3518 2257 3717 2318 meliori

2192 2357 2395 2426 statu3
2430 2369 2583 2430 ergo
2615 2351 2887 2412 maxime
2926 2355 3019 2412 est
3066 2352 3267 2412 virtus
3286 2367 3307 2429 3
3344 2349 3507 2440 unde
3543 2350 3611 2412 de
3634 2347 3717 2411 illa

2190 2447 2465 2509 maxime
2504 2446 2945 2525 intelliguntur
2974 2445 3255 2522 effectus,-
3298 2452 3362 2508 et
3384 2445 3717 2506 excellentiae

2194 2557 2332 2620 quas
2370 2540 2787 2620 praedicantur
2826 2539 2903 2600 de
2948 2555 3055 2618 spe
3091 2541 3157 2600 in
3201 2557 3381 2600 sacra
3424 2535 3716 2616 Scriptura,

2196 2639 2267 2695 ut
2298 2632 2376 2694 ad
2408 2633 2669 2695 Roman.
2704 2635 2763 2706 1,
2802 2631 2881 2692 ad
2910 2631 3129 2713 Ephes.
3162 2633 3226 2708 6,
3262 2638 3325 2693 et
3354 2631 3488 2692 aliis
3514 2631 3574 2690 in
3600 2631 3719 2691 locis

2194 2725 2496 2787 tribuitur
2552 2725 2643 2785 illi
2690 2724 2876 2786 salus.
2923 2725 3009 2786 De
3056 2744 3164 2806 spe
3214 2735 3425 2786 autem
3476 2723 3717 2798 informi,

2194 2817 2589 2900 peculiariter
2646 2816 2980 2878 dicendum
3028 2825 3120 2879 est
3168 2817 3569 2879 essentialiter
3619 2835 3719 2878 esse
3827 2851 3828 2856 κ

2194 2929 2433 2986 veram,
2468 2917 2533 2973 et
2560 2911 2871 2992 propriam
2912 2913 3247 2986 virtutem,
3300 2911 3573 2991 quamvis
3620 2927 3719 2970 non

2193 3004 2419 3066 habeat
2438 3011 2587 3066 tunc
2602 3009 2833 3065 statum
2852 3005 3099 3065 virtutis
3126 3004 3509 3084 simpliciter,
3531 3010 3587 3064 et
3607 3003 3717 3062 ideo
3827 3013 3828 3016 ’

2193 3117 2321 3160 non
2377 3104 2631 3160 vocatur
2672 3096 3015 3177 theologice
3064 3097 3432 3177 simpliciter
3482 3095 3657 3157 virtus
3703 3113 3714 3155 :

2193 3196 2363 3275 patet
2390 3209 2463 3255 ex
2489 3192 2771 3254 doctrina
2794 3191 2871 3251 de
2890 3191 3225 3252 virtutibus
3255 3192 3326 3252 in
3355 3190 3719 3251 communiet

2194 3286 2271 3347 de
2292 3285 2435 3361 fide,
2473 3289 2722 3345 tractat.
2748 3283 3143 3364 praecedenti,
3172 3284 3403 3364 disput.
3432 3287 3489 3357 7,
3515 3289 3645 3344 sect.
3667 3283 3713 3355 3,

2200 3397 2377 3441 num.
2404 3381 2473 3453 73
2506 3395 2652 3439 nam
2694 3377 2771 3438 de
2814 3377 3077 3438 essentia
3104 3376 3359 3438 habitus
3388 3375 3512 3456 spei
3542 3393 3719 3436 secun·

2200 3473 2349 3534 dum
2378 3491 2443 3532 se
2476 3477 2586 3542 est,
2620 3470 2784 3550 quod
2816 3471 2895 3531 sit
2918 3469 3115 3531 virtus
3139 3487 3159 3548 ;
3190 3475 3407 3530 manet
3424 3475 3614 3529 autem
3640 3465 3723 3526 ille
3827 3529 3828 3532 ,

2199 3565 2450 3626 habitus
2480 3565 2670 3624 etiam
2698 3565 2924 3624 amissa
2966 3564 3196 3642 gratia3
3240 3580 3389 3641 ergo
3428 3559 3718 3622 essentiali-

2200 3663 2299 3719 ter
2318 3663 2529 3719 manet
2554 3657 2771 3717 virtus.
2814 3658 2968 3718 ltem
2992 3662 3164 3718 actus
3190 3655 3351 3735 spei,
3380 3653 3445 3714 in
3484 3657 3721 3734 peccato-

2200 3751 2395 3827 ribus,
2454 3752 2644 3812 etiam
2686 3750 2795 3831 qui
2844 3767 3167 3829 nunquam
3224 3748 3566 3810 habuerunt
3610 3763 3721 3823 gra·

2204 3846 2380 3919 tiam,
2408 3851 2607 3924 potest
2646 3861 2776 3906 esse
2815 3843 3040 3917 bonus,
3072 3849 3134 3903 et
3173 3859 3251 3902 ex
3304 3841 3555 3919 objecto,
3581 3845 3720 3899 etex

2203 3939 2491 3999 omnibus
2516 3937 3028 4016 circumstantiis;
3076 3953 3229 4014 ergo
3264 3941 3327 3998 et
3356 3934 3602 3995 habitus,
3642 3932 3718 3991 In·
3827 3963 3828 3966 =

2198 4031 2388 4092 stabis
2418 4049 2435 4093 t
2468 4047 2615 4092 nam
2652 4031 2797 4092 talis
2838 4049 2975 4112 spes
3016 4029 3298 4092 indebito
3328 4027 3502 4088 modo
3530 4028 3715 4104 sperat,
3827 4077 3829 4086 ,

2199 4126 2501 4185 nimirum
2539 4125 2671 4186 sine
2711 4125 2967 4185 meritis.
3001 4123 3178 4186 Unde
3208 4119 3496 4183 Proverb.
3530 4120 3564 4180 8
3588 4116 3706 4176 dici·
3827 4201 3828 4204 Ἴ

2202 4225 2306 4278 tur
2333 4233 2349 4277 ε
2380 4216 2539 4298 Spes
2559 4217 2764 4281 inanis
2786 4223 2843 4281 et
2870 4218 3251 4280 mendaeimn
3262 4241 3289 4288 ,·
3312 4219 3373 4276 et
3396 4211 3525 4275 Job.
3546 4212 3579 4272 8
3598 4207 3712 4268 diei-

2206 4320 2309 4372 tur
2344 4333 2359 4371 :
2423 4311 2579 4390 Spes
2610 4311 2941 4390 hypocrita·
2980 4335 3005 4370 .·
3049 4309 3309 4389 quidam
3348 4321 3490 4386 ergo
3528 4299 3713 4364 audent

2206 4405 2296 4465 ita
2327 4404 2525 4483 loqui,
2557 4409 2626 4465 ut
2661 4403 2871 4463 dicant
2900 4421 3069 4482 spem
3110 4401 3445 4462 informem
3483 4414 3591 4457 non
3614 4407 3713 4453 esse

2206 4497 2529 4569 virtutem,
2580 4495 2687 4556 sed
2731 4496 2931 4575 potius
2972 4494 3238 4569 vitium3
3274 4494 3389 4554 hoc
3429 4495 3613 4550 autem
3645 4495 3714 4544 est

2209 4607 2438 4669 negare
2468 4605 2641 4669 spem
2672 4607 2923 4650 manere
2946 4586 3278 4649 informem
3316 4586 3379 4646 in
3423 4587 3713 4664 peccatore.

2207 4683 2638 4763 Respondetur
2671 4688 2877 4742 tamen
2902 4697 3071 4761 spem
3101 4679 3429 4740 informem
3472 4691 3581 4735 non
3607 4685 3711 4748 spe·

2208 4793 2346 4836 rare
2408 4776 2582 4854 quasi
2635 4773 3065 4853 componendo
3118 4777 3483 4852 praesentem
3528 4769 3711 4824 statum

2208 4868 2513 4948 sperantis
2556 4884 2699 4928 cum
2726 4867 3157 4928 consecutione
3200 4865 3293 4925 rei
3335 4861 3592 4942 speratae3
3632 4853 3719 4913 hoc
3827 4925 3828 4928 Ἴ

2214 4963 2385 5023 enim
2422 4979 2548 5021 non
2577 4967 2734 5022 esset
2776 4977 3043 5038 sperare,
3088 4959 3194 5020 sed
3238 4967 3602 5038 praesumere,
3626 4961 3717 5005 nec
3827 4955 3828 4970 ¹

2215 5073 2287 5116 ex
2316 5053 2439 5115 fide
2475 5052 2859 5134 procederet,
2892 5051 2999 5112 sed
3034 5051 3237 5132 potius
3260 5067 3335 5111 ex
3360 5061 3547 5108 errore
3562 5057 3581 5118 3
3609 5053 3717 5116 spe·

2213 5153 2311 5207 rat
2334 5163 2483 5226 ergo
2500 5149 2783 5225 peccator
2804 5143 3092 5223 gloriam,
3116 5139 3414 5223 sperando
3434 5133 3599 5198 etiam
3616 5145 3717 5189 me·
3827 5139 3828 5198 ξ

2214 5240 2336 5299 rita
2359 5242 2422 5299 et
2445 5235 2729 5298 similiter
2758 5235 3183 5297 remissionem
3224 5229 3443 5314 peccati
3465 5243 3565 5308 per
3586 5221 3717 5283 sutu—
3827 5279 3828 5300 ἶ

2215 5350 2349 5393 ram
2379 5331 2842 5411 poenitentiam,
2887 5334 2949 5390 et
2974 5329 3063 5389 sic
3088 5327 3167 5388 de
3192 5326 3347 5387 aliis.

2294 5427 2355 5486 4.
2408 5423 2621 5487 Tertia
2648 5420 2944 5486 conclusio
2982 5418 3288 5498 bipartita.
3309 5447 3389 5462 -
3408 5409 3577 5476 Prior
3590 5419 3717 5505 pars
3827 5453 3828 5456 ,

2216 5519 2527 5586 suadetur.
2556 5547 2637 5561 —-
2664 5513 2895 5580 Contra
2925 5513 3317 5598 posteo-torm
3336 5503 3592 5592 arvum?
3608 5511 3718 5578 Im·
