3900 6217
542 320 659 381 142

1019 323 1256 377 msPU'r.
1289 324 1349 378 V.
1384 326 1464 379 DE
1498 326 1759 387 naeuus
1790 326 2014 390 QUIBUS
2047 328 2211 382 nor-:1
2243 330 2559 385 omnem!
2595 330 3104 395 INFALLIBiLlTER,
3135 330 3274 393 me,

544 424 958 487 universalem
1000 426 1331 489 Ecclesiam
1374 438 1794 510 repraesentat.
1847 432 2114 493 Persona
2192 440 2306 511 tat,
2337 436 2439 496 sed
2467 454 2577 515 per
2601 434 2774 497 varic
2797 442 3210 516 transumpta,
3241 436 3368 496 imo
3395 452 3501 515 per
3532 433 3716 517 plures

540 524 749 581 autem
795 536 944 580 vera
987 537 1128 599 qnae
1170 522 1251 583 sit
1294 521 1511 602 regula
1554 523 1725 601 fidei,
1758 524 1956 587 solum
1985 542 2116 587 esse
2191 529 2625 591 translationes
2652 530 2732 590 ad
2777 543 2891 590 nos
2931 530 3235 609 pervenit,
3284 530 3350 589 in
3398 528 3606 609 quibus
3643 540 3720 595 cst

542 617 745 693 potest
772 612 1057 673 Pontifex
1086 614 1401 692 Summus,
1432 623 1497 677 et
1536 617 1763 683 Christi
1807 618 2114 695 vicarius,

542 724 655 768 seu
683 705 1017 786 Episcopus
1044 706 1380 784 Romanus,
1408 709 1581 771 etita
1606 710 1910 772 resultant
1934 713 2118 792 quin-

542 817 664 879 que
690 800 948 878 regulae,
979 818 1116 880 quae
1146 801 1225 863 ad
1254 808 1379 864 tres
1408 802 1620 865 reduci
1650 811 1931 885 possunt,
1961 806 2119 867 seili-

542 898 661 968 cet,
698 892 1063 972 Scriptura,
1113 894 1421 974 Tradit-io,
1456 902 1519 957 et
1550 898 1856 977 Ecclesia,
1888 899 1990 960 vel
2023 918 2116 961 se-

543 984 819 1047 cundum
846 1004 914 1048 se·
938 994 1211 1067 sumptu,
1248 988 1347 1052 vel
1390 994 1464 1050 ut
1502 988 1763 1070 loquens
1808 1008 1915 1073 per
1955 992 2113 1054 Con·

542 1078 779 1156 cilium,
814 1079 915 1141 vel
944 1099 1055 1161 per
1082 1097 1269 1143 suum
1296 1086 1506 1162 caput,
1546 1083 1625 1147 de
1650 1084 1875 1165 quibus
1908 1085 2111 1149 brevi-

543 1178 639 1234 ter
664 1173 999 1239 dicendum
1028 1183 1141 1239 est.

1166 1422 1383 1475 sEc‘rlo
1416 1422 1499 1475 111.

641 1608 861 1672 Utrum
906 1608 1245 1689 Scriptura
1284 1626 1459 1673 sacra
1482 1611 1567 1673 sic
1612 1610 1827 1691 requla
1860 1610 2030 1689 fidei.

630 1840 687 1897 1.
739 1834 1127 1915 Suppmzitur
1180 1836 1323 1900 dari
1385 1836 1656 1919 aliquam
1715 1838 2112 1919 smpturam

547 1946 806 1992 sacram.
834 1964 915 1975 —-
946 1929 1253 2005 Qua-rum
1274 1948 1407 1993 vero
1438 1946 1519 1992 an
1545 1948 1676 2011 quoe
1700 1932 1960 1994 continet
1986 1933 2112 1995 rint

549 2023 751 2085 omnia
772 2024 842 2085 do
858 2024 1001 2101 fide.
1032 2058 1107 2068 —
1135 2023 1555 2103 supponimus
1580 2024 1714 2085 dari
1740 2024 1809 2085 in
1846 2024 2113 2087 Ecclesia

546 2114 849 2194 quosdam
891 2116 1081 2177 libros
1127 2132 1281 2196 quos
1310 2118 1639 2179 canonicos
1677 2134 1992 2192 vocamuS,
2043 2118 2112 2181 in

548 2209 773 2289 quibus
806 2209 1067 2275 verbum
1108 2211 1219 2273 Dei
1250 2212 1545 2291 scriptum
1590 2212 1891 2273 contineri
1919 2212 2112 2274 credi-

552 2320 725 2382 mus3
754 2322 893 2384 quas
938 2305 1275 2385 suppositio
1323 2311 1623 2385 tanquam
1666 2304 1959 2384 dignitas,
2001 2324 2112 2367 seu

549 2398 821 2479 primum
847 2398 1224 2481 principium
1249 2400 1545 2481 accipitur
1570 2399 1649 2461 ab
1677 2399 1972 2461 omnibus
2002 2400 2114 2479 qui

550 2492 1039 2553 Christianorum
1066 2508 1297 2554 nomen
1318 2490 1687 2573 profitentur
1703 2539 1724 2570 ,
1754 2498 1817 2553 et
1843 2492 1982 2555 ideo
2008 2494 2114 2553 in·

550 2589 645 2645 ter
672 2602 777 2647 eos
813 2585 1202 2667 probandum
1254 2605 1383 2648 non
1414 2593 1531 2660 est,
1561 2591 1635 2647 ut
1668 2592 1835 2648 recte
1870 2586 2109 2661 Castro,

548 2678 593 2739 1.
634 2680 659 2739 1
688 2684 853 2741 cont.
878 2679 1134 2756 Heres„
1169 2696 1225 2740 c.
1252 2682 1309 2755 2,
1340 2680 1601 2754 notavit,
1627 2681 1774 2760 quia
1808 2679 1978 2741 nulla
2005 2680 2113 2741 do-

552 2771 776 2848 ctrina,
796 2772 975 2851 juxta
1008 2772 1473 2854 Philosophum,
1503 2772 1725 2854 probat
1764 2791 1875 2835 sua
1910 2774 2112 2854 prima

552 2864 891 2946 principia3
915 2871 978 2928 et
1002 2867 1089 2928 ita
1115 2867 1233 2928 hoc
1261 2866 1741 2929 fundamentum
1772 2866 2114 2928 admittunt

552 2976 769 3021 omnes
786 2961 895 3039 qui
914 2959 1291 3023 confitentur
1316 2960 1651 3037 Christum,
1686 2961 1931 3021 etiamsi
1957 2961 2110 3021 alias

554 3050 826 3115 haeretici
855 3055 1009 3127 sint;
1056 3054 1165 3134 qui
1200 3060 1410 3115 autem
1462 3054 1810 3134 Scripturas
1852 3060 2108 3133 negant,

551 3146 897 3226 prassertim
942 3147 1089 3208 novi
1132 3148 1535 3224 Testamenti,
1574 3148 1775 3209 solum
1824 3154 1971 3209 sunt
2007 3167 2116 3229 pa-

555 3240 726 3318 gani,
749 3246 859 3301 aut
878 3240 913 3301 J
920 3240 1101 3315 udoei,
1124 3246 1339 3301 contra
1360 3258 1513 3321 quos
1532 3258 1608 3301 ex
1633 3240 1771 3303 aliis
1796 3240 2118 3321 principiis

553 3332 867 3411 agendum
892 3340 1004 3395 est.
1041 3331 1171 3395 Hoc
1196 3352 1343 3414 ergo
1390 3336 1613 3414 posito,
1639 3334 2018 3415 inquirimus
2034 3352 2118 3396 an

556 3426 879 3507 Scriptura·
921 3425 1055 3489 haec
1096 3426 1176 3489 sit
1208 3428 1423 3507 regula
1450 3427 1597 3490 fidei
1609 3444 1630 3506 3
1676 3440 1816 3509 quse
1864 3429 2119 3508 quaestio

554 3520 707 3582 duos
756 3527 957 3601 potest
996 3521 1223 3584 habere
1265 3537 1512 3585 seusus:
1558 3538 1721 3584 unus
1748 3528 1843 3584 est
1867 3538 1949 3583 an
1986 3520 2120 3582 hacc

557 3612 871 3693 Scriptura
899 3615 979 3675 sit
1000 3614 1139 3676 talis
1157 3614 1376 3694 regula
1394 3615 1563 3691 fidei,
1598 3623 1669 3676 ut
1692 3613 1854 3677 nihil
1878 3616 1959 3677 sit
1989 3633 2121 3677 cre-

558 3706 853 3784 dendum,
884 3708 1003 3769 nisi
1029 3709 1195 3789 quod
1220 3710 1285 3770 iu
1314 3723 1391 3771 ea
1412 3710 1787 3771 continetur.
1835 3710 1912 3769 Et
1952 3726 2123 3770 nunc

557 3818 685 3861 non
714 3801 1081 3881 proponitur
1107 3804 1179 3865 in·
1220 3803 1338 3864 hoc
1371 3819 1579 3880 sensu,
1619 3803 1722 3865 sed
1752 3802 2122 3864 tractabitur

557 3894 827 3956 sectione
876 3902 1193 3976 sequente.
1248 3895 1423 3958 Alter
1461 3914 1677 3959 sensus
1727 3902 1841 3972 est,
1872 3914 1956 3955 an
1986 3894 2120 3956 haec

557 3986 869 4067 Scriptura
914 3990 994 4050 sit
1032 3989 1187 4051 talis·
1208 3990 1447 4069 reguis,
1489 3996 1567 4051 ut·
1601 3990 1902 4071 quidquid
1932 3990 2002 4050 in
2047 4007 2122 4050 ea

556 4082 930 4159 continetur,
958 4088 1259 4163 tanquam
1288 4084 1364 4146 de
1380 4082 1504 4145 fide
1535 4082 1752 4145 divina
1770 4090 2009 4145 certum
2023 4100 2122 4143 re·

558 4175 913 4255 cipiendum
928 4176 1047 4253 sit3
1072 4182 1139 4239 et
1156 4176 1275 4238 hoc
1297 4182 1391 4239 est
1414 4176 1579 4257 quod
1600 4192 1767 4238 nunc
1785 4176 2051 4256 agimus.

636 4270 699 4332 2.
740 4268 1053 4351 Arynimr
1094 4271 1295 4351 primo
1330 4288 1447 4351 pro
1472 4276 1653 4351 par-'te
1700 4271 2007 4349 myctica.
2035 4300 2118 4316 --

560 4361 856 4431 semmaa.
876 4396 955 4409 -—
973 4364 1203 4427 Mo.
1224 4391 1308 4411 --
1329 4364 1579 4439 Quarto.
1601 4398 1682 4409 --
1700 4363 1880 4425 [tatio
1907 4369 2118 4425 autem

560 4458 895 4521 dubitandi
922 4464 1034 4535 cst,
1066 4459 1213 4539 quin
1235 4457 1451 4538 regula
1492 4458 1675 4520 debet
1705 4471 1835 4519 esse
1881 4462 2030 4518 nota
2058 4462 2122 4519 et

560 4560 765 4632 certa3
795 4553 951 4633 quin·
980 4552 1133 4613 clins
1156 4567 1285 4613 non
1313 4552 1540 4631 poterit
1568 4551 1885 4631 applicari,
1917 4567 2122 4631 neque

560 4662 688 4709 esse
713 4646 908 4708 veluti
931 4659 1222 4707 mensura
1246 4644 1717 4707 credendorum.
1746 4644 1889 4707 Hoec
1911 4653 2124 4707 autem

560 4740 1023 4819 &rimor-amon
1044 4742 1136 4799 est
1163 4744 1311 4799 nota
1342 4750 1543 4817 neque
1566 4743 1767 4799 certa:
1820 4753 1968 4799 nam
1991 4738 2125 4820 plu-

562 4848 659 4895 res
681 4839 891 4913 partes
912 4833 1059 4913 ejus
1072 4832 1155 4893 ιιι»
1168 4830 1437 4892 dubium
1451 4836 1754 4893 revocatae
1780 4838 1947 4907 sunt,
1992 4837 2054 4893 et
2085 4850 2125 4893 a

562 4928 787 4989 multis·
812 4941 940 4987 nou
976 4925 1425 5003 &mittuntur-3
1466 4941 1667 5005 neque
1708 4931 1964 5005 apparet
1993 4926 2118 5000 via,

564 5040 687 5103 qua
716 5021 825 5083 fiat
868 5024 1106 5082 certum
1146 5024 1216 5081 et
1248 5024 1469 5081 notum
1505 5032 1644 5099 qua».
1680 5020 1759 5080 sit
1787 5031 1933 5081 vera
1966 5020 2124 5080 Scri*

564 5123 770 5197 ptura.
808 5112 1111 5189 Secundo,
1156 5112 1383 5193 regula·
1402 5112 1586 5175 dehet
1612 5124 1741 5175 esse
1768 5112 2120 5187 uniformiS,

566 5214 627 5272 et
662 5213 905 5289 semper
930 5208 1171 5283 eadem,
1210 5214 1276 5269 et
1300 5208 1479 5287 quasi
1506 5204 1921 5283 indivisibilis,
1955 5213 2026 5268 ut
2049 5206 2125 5267 de

566 5316 855 5365 mensura
880 5302 1096 5365 dicunt
1118 5300 1502 5382 Philosophi3
1552 5302 1871 5383 Scriptura
1914 5307 2128 5363 autem

564 5398 683 5460 lioc
728 5412 861 5459 non·
884 5396 1106 5473 hahet3
1137 5412 1287 5458 nam
1334 5394 1471 5476 ipsa
1524 5395 1841 5475 originalis
1896 5396 2126 5469 littera,

567 5498 751 5574 prout
788 5505 826 5553 a
861 5491 1064 5572 primo
1113 5492 1407 5571 scriptore
1434 5491 1671 5571 scripta·
1696 5484 1843 5568 fuit,
1874 5506 2005 5551 non
2023 5506 2131 5551 ex-

2195 640 2427 703 magna
2449 624 2740 700 varietuS,
2781 622 2880 685 vel
2925 623 3263 685 lectionum
3295 621 3362 684 in
3399 624 3599 685 eadem
3619 627 3720 687 lin-

2203 734 2347 796 gua,
2384 718 2482 779 vel
2521 717 2998 779 translalionum
3035 718 3101 778 in
3133 716 3392 778 diversis
3403 732 3423 794 3
3453 736 3590 799 ergo
3613 740 3720 782 non

2197 809 2401 892 potest
2439 812 2569 873 haec
2607 808 2824 890 regula
2847 811 3146 893 applicari
3172 814 3472 890 tanquam
3498 820 3648 874 certa
3671 826 3722 875 ct

2196 904 2523 967 uniformis
2549 921 2865 967 mensura.
2905 905 3138 980 Tertio,
3181 904 3398 984 regula
3423 903 3594 968 debet
3615 926 3722 971 esse

2193 996 2359 1059 clara
2379 1002 2444 1059 et
2475 998 2830 1079 perspicua:
2859 996 3180 1078 Scriptura
3209 1002 3420 1059 autem
3457 1004 3544 1059 est
3571 1000 3722 1062 valde

2189 1090 2470 1163 obscura,
2495 1098 2583 1168 et,
2611 1092 2779 1171 quod
2807 1089 3076 1171 amplius
3106 1096 3226 1166 est,
3244 1088 3360 1151 sub
3401 1108 3524 1150 una
3546 1091 3724 1154 littera

2191 1184 2399 1264 plures
2421 1184 2612 1247 habet
2637 1202 2875 1262 sensus,
2895 1182 2996 1245 vel
3035 1182 3356 1265 mysticos,
3379 1182 3480 1245 vel
3519 1184 3722 1246 littera-

2189 1279 2300 1355 les,
2347 1296 2426 1341 ex
2463 1276 2692 1363 quibus
2713 1276 2962 1357 mystici
2989 1292 3118 1339 non
3141 1276 3388 1338 faciunt
3402 1294 3510 1359 per
3535 1295 3594 1339 se
3619 1294 3725 1339 cer·

2192 1378 2322 1434 tum
2349 1372 2560 1448 fldem,
2593 1375 2665 1432 ut
2681 1370 2873 1433 etiam
2914 1368 3214 1449 Theologi
3249 1368 3542 1431 fatentur.
3568 1370 3725 1433 Litte-

2192 1466 2350 1528 rales
2395 1471 2606 1527 autem
2657 1470 2802 1525 sunt
2827 1462 3133 1543 ambigui,
3177 1468 3242 1525 et
3285 1463 3426 1523 ideo
3472 1462 3727 1523 difficilli-

2193 1576 2370 1621 mum
2399 1565 2491 1621 est
2519 1572 2770 1620 sensum
2799 1556 2880 1618 ab
2913 1557 3149 1637 Spiritu
3179 1556 3408 1617 Sancto
3451 1555 3726 1617 intentum

2194 1653 2500 1731 attingere
2509 1672 2529 1729 3
2566 1658 2630 1713 et
2665 1651 3002 1731 aliquando
3037 1650 3456 1712 necessarium
3497 1655 3582 1710 est
3607 1668 3728 1729 pro-

2189 1748 2517 1827 prietatem
2561 1744 2782 1805 litterae
2807 1750 3021 1805 tenere
3039 1789 3061 1820 ,
3112 1742 3454 1824 aliquando
3481 1756 3615 1803 vero
3641 1744 3728 1806 lit-

2191 1846 2322 1903 tera
2336 1840 2572 1909 occidit,
2608 1844 2683 1898 ut
2707 1836 2866 1899 dixit
2894 1837 3141 1914 Paulus,
3159 1838 3202 1898 2
3219 1836 3302 1897 ad
3319 1836 3456 1898 Gor.
3483 1837 3548 1911 33
3575 1837 3727 1898 etita

2193 1932 2448 2012 exponit
2471 1930 2876 2011 Augustinus,
2907 1930 2974 1992 in
3017 1930 3328 2012 principio
3371 1930 3448 1992 de
3484 1930 3721 1991 Doctrin.

2193 2026 2416 2089 Christ.
2440 2048 2459 2103 3
2501 2042 2651 2104 ergo
2679 2042 2807 2086 non
2835 2029 3037 2105 potest
3077 2024 3400 2105 Scriptura
3433 2040 3557 2085 esse
3581 2023 3726 2083 utilis

2189 2120 2427 2199 regula.
2459 2120 2711 2194 Quarto,
2759 2136 3081 2198 possumus
3117 2116 3568 2197 argumentari,
3603 2118 3725 2197 quia

2191 2214 2517 2295 scriptores
2557 2212 2848 2273 Canonici
2894 2210 3211 2273 interdum
3251 2208 3463 2291 aliqua
3489 2210 3725 2289 interpo-

2192 2316 2354 2370 nunt
2381 2318 2458 2369 ex
2484 2308 2736 2388 proprio
2763 2306 3008 2386 spiritu,
3043 2311 3112 2366 ut
3139 2304 3340 2385 aliqui
3367 2312 3722 2381 censuerunt,

2193 2406 2345 2464 teste
2371 2402 2751 2479 Hieronymo
2779 2416 2964 2479 super
2992 2398 3319 2479 epistolam
3350 2396 3430 2458 ad
3458 2396 3726 2458 Philemo·

2193 2512 2362 2573 nem,
2403 2495 2552 2575 quia
2603 2492 2918 2554 interdum
2963 2491 3291 2571 proferunt
3340 2490 3565 2570 aliqua,
3603 2508 3722 2569 quae

2193 2608 2323 2651 non
2357 2588 2650 2650 videntur
2693 2585 2930 2666 Spiritu
2986 2586 3212 2648 Sancto
3255 2583 3471 2663 digna,
3500 2590 3566 2644 ut
3603 2590 3725 2643 suut

2192 2680 2394 2745 multa
2426 2699 2568 2761 quie
2603 2678 2784 2741 valde
2815 2677 3206 2741 familiariter
3244 2674 3516 2758 Apostoli
3541 2677 3600 2736 in
3620 2676 3725 2735 suis

2193 2774 2463 2858 epistolis
2515 2772 2817 2849 scribunt,
2845 2780 2918 2833 ut
2941 2772 3350 2835 salutationes
3397 2768 3726 2844 familiares,

2193 2876 2346 2943 etc.;
2374 2866 2512 2928 talis
2539 2867 2730 2929 etiam
2777 2864 3026 2928 videtur
3062 2865 3382 2928 excusatio
3423 2862 3666 2923 auctoris
3688 2861 3724 2921 l.

2192 2960 2232 3022 2
2257 2961 2481 3038 Maeli„
2509 2960 2578 3023 in
2606 2959 2843 3021 ultimis
2865 2959 3091 3036 verbis,
3122 2957 3236 3019 ubi
3250 2956 3499 3021 veniam
3525 2955 3664 3037 petit
3686 2954 3728 3014 si

2193 3055 2431 3136 aliquid
2469 3054 2677 3115 miuus
2704 3054 2892 3132 digne
2917 3052 3232 3115 tractavit.
3274 3053 3430 3113 ltem
3448 3042 3730 3130 juramen·

2195 3155 2327 3210 tum
2358 3148 2555 3224 Pauli,
2591 3147 2672 3208 ad
2716 3146 2850 3209 Gal.
2895 3150 2960 3207 1:
2993 3146 3156 3210 B'coe
3185 3162 3395 3210 coram
3445 3146 3564 3208 Deo
3609 3142 3730 3221 quia

2197 3260 2316 3305 non
2359 3240 2641 3317 mentior,
2674 3244 2736 3301 et
2763 3240 3013 3316 similia,
3059 3258 3200 3319 quse
3230 3238 3492 3300 omniuo
3517 3234 3726 3296 efficere

2198 3336 2511 3411 videntur,
2558 3353 2638 3396 ue
2667 3334 2984 3413 Scriptura
3024 3333 3106 3394 sit
3131 3332 3354 3413 regula
3382 3326 3728 3402 infallibilis3

2197 3448 2347 3493 nam
2373 3430 2426 3491 si
2453 3429 2682 3491 alicubi
2705 3437 2800 3492 est
2826 3444 2980 3510 pure
3001 3427 3308 3505 hnmana,
3333 3431 3464 3487 tota
3484 3422 3734 3486 redditur

2199 3525 2452 3587 incerta.

2283 3620 2342 3679 3.
2376 3617 2502 3682 Pro
2529 3614 2872 3680 resolvenda
2889 3614 3236 3697 questione,
3255 3614 3413 3694 quid
3432 3610 3734 3689 Scriptura

2201 3714 2285 3776 sit
2313 3708 2934 3789 definitum—Prima
2945 3708 3265 3790 particula
3287 3706 3735 3785 definitionis.-

2203 3804 2482 3871 Secunda
2499 3806 2830 3867 ostenditur
2857 3802 3233 3878 Tridentino,
3257 3801 3467 3882 etjpsa
3484 3796 3736 3875 Scriptu-

2199 3898 2478 3963 ra.—Ec
2492 3887 3198 3976 ratione.—-P1·iusquam
3211 3895 3536 3956 veritatem
3555 3888 3736 3953 catho-

2199 3992 2382 4054 licum
2412 3990 2833 4065 ostendamus,
2859 3988 3108 4051 definiri
3136 3984 3382 4069 oportet
3403 3984 3554 4066 quid·
3577 3983 3648 4043 sit
3671 3979 3735 4039 dc

2198 4089 2438 4150 ratione
2455 4084 2786 4166 Scripturoe
2800 4098 3010 4161 sacroe,
3027 4098 3169 4164 quae
3186 4084 3359 4145 varie
3376 4081 3527 4143 solet
3546 4074 3736 4138 defini-

2201 4182 2256 4243 ri
2273 4196 2296 4259 ;
2324 4179 2504 4242 nobis
2525 4186 2674 4240 vero
2701 4186 2870 4239 nunc
2887 4176 3089 4257 placet
3115 4191 3384 4255 sequeus
3403 4167 3732 4249 descriptio:

2196 4278 2320 4341 Est
2334 4273 2640 4353 scriptura
2656 4272 2950 4334 instinctu
2965 4268 3251 4350 Spiritus
3275 4265 3498 4333 Sancti
3511 4264 3734 4341 scripta,

2199 4370 2492 4434 dictantis·
2508 4379 2628 4428 nvn
2655 4368 2892 4429 tantum
2921 4372 3183 4439 sensum,
3219 4364 3329 4426 sed
3345 4362 3524 4425 eciam
3559 4354 3732 4418 cerba.

2202 4466 2270 4527 ln
2318 4480 2443 4545 qua
2496 4460 2928 4542 descriptione,
2984 4460 3295 4539 scriptura
3337 4456 3584 4537 ponitur
3620 4449 3734 4551 loco

2204 4557 2471 4637 generis,
2520 4562 2592 4615 ut
2625 4560 2898 4633 constat3
2943 4552 3126 4615 debet
3170 4556 3384 4613 autem
3429 4548 3556 4609 haec
3595 4542 3738 4603 Scu-

2205 4658 2388 4733 ptura
2413 4648 2648 4711 habere·
2682 4646 2878 4709 Deum
2905 4651 3224 4709 auctorem
3252 4641 3568 4723 proprium
3599 4635 3736 4739 (quai

2205 4752 2295 4807 est
2311 4742 2504 4806 ultera
2530 4740 2910 4804 definitionis
2951 4737 3300 4819 particula),
3329 4744 3402 4797 ut
3425 4734 3594 4795 docet
3617 4728 3736 4829 Tri-

2203 4840 2556 4913 (lentinum,
2581 4838 2727 4899 sess.
2760 4836 2823 4911 4,
2851 4838 2916 4894 et
2941 4832 3207 4894 habetur
3233 4832 3301 4892 in
3321 4830 3578 4911 ipsamet
3599 4822 3738 4883 Sern-

2201 4938 2390 5013 ptura'
2403 4952 2423 5009 ;
2455 4930 2540 4991 sic
2557 4929 2728 4991 enim
2755 4928 2844 4988 ait
2870 4927 3086 4988 Petrus
3104 4924 3419 4997 2·Canon.,
3443 4921 3544 4982 tul
3574 4932 3590 4979 τ
3615 4912 3739 5015 N⁰?⁸

2202 5024 2510 5089 voluntate·
2531 5022 2819 5097 flumana,
2862 5020 2964 5084 sed
3000 5018 3260 5101 Spiritu
3296 5016 3522 5082 Sancto
3566 5012 3740 5084 impr-

2203 5123 2404 5196 ra'nte,
2433 5116 2618 5180 locuti
2659 5120 2802 5179 siml
2836 5114 3060 5181 Sancti
3097 5112 3214 5175 Dei
3252 5108 3512 5173 homines
3524 5130 3548 5179 ;
3581 5107 3639 5162 et
3669 5094 3736 5205 §d

2204 5212 2424 5273 Helm:
2438 5208 2597 5274 Olim
2613 5210 2778 5273 Dm
2791 5208 3032 5289 loquens
3045 5205 3344 5271 Patribus
3357 5195 3741 5296 inproplutffu

2205 5304 2362 5366 sicut
2379 5304 2580 5365 etiam·
2589 5300 2867 5365 Christus
2890 5300 3039 5361 dicit
3062 5296 3281 5363 Matth.
3315 5298 3426 5358 10:
3448 5292 3586 5359 Non
3599 5298 3734 5349 emm

2207 5417 2309 5462 vos
2329 5397 2474 5461 ostis
2487 5398 2592 5478 qui
2613 5394 2933 5476 loquimini
2947 5395 3089 5465 ,ced
3107 5392 3396 5473 Spiritus
3414 5382 3619 5451 Patris
3630 5392 3732 5439 ves-

2212 5492 2323 5567 tri,
2353 5492 2459 5571 qui
2488 5490 2757 5571 loquitur
2785 5488 2853 5551 in
2879 5488 3086 5558 vobin
3113 5492 3176 5548 et
3206 5486 3403 5563 Moysi
3427 5478 3578 5543 dixit
3601 5474 3735 5533 Deus
