3900 6217
481 302 604 368 410

486 414 639 478 tione
665 413 913 494 peccati.
947 447 1030 460 --
1053 414 1401 494 Infidelitas
1439 415 1698 496 pravius
1727 420 2045 497 peccatum

483 512 572 570 est
618 508 1043 590 desperatione.
1086 539 1170 554 —
1218 507 1392 570 Alius
1437 507 1656 568 modus
1687 507 2045 568 declarandi

485 599 644 662 hanc
681 601 1073 680 gravitatem,
1107 606 1198 664 est
1237 618 1347 681 per
1386 601 1912 681 comparationem
1964 599 2043 660 ad

485 694 606 754 alia
627 705 916 774 peccata:
946 694 1173 775 triplex
1201 701 1412 756 autem
1441 695 1820 774 comparatio
1843 700 2043 774 potest

485 787 587 848 bic
619 788 777 864 fieri,
805 788 1059 864 scilicet,
1089 787 1186 850 vel
1214 787 1296 848 ad
1339 795 1589 867 peccata
1616 789 1924 851 contraria
1949 788 2042 850 di-

483 887 652 942 recte
678 882 989 959 charitati,
1022 882 1121 944 vel
1150 883 1461 944 contraria
1487 883 1642 962 spei,
1675 882 1774 944 vel
1797 889 2042 943 contra-

483 976 578 1036 ria
602 976 934 1038 virtutibus
979 977 1338 1040 moralibus.
1392 978 1463 1038 In
1495 977 1696 1057 prima
1727 995 2045 1057 compara-

483 1070 675 1143 tione,
727 1070 1054 1132 dicendum
1113 1077 1206 1132 est
1243 1069 1672 1132 infidelitatem
1727 1089 1857 1133 non
1913 1088 2045 1132 esse

483 1163 917 1240 gravissimum
939 1169 1285 1244 peccatum,
1307 1165 1510 1243 majus
1527 1164 1694 1226 enim
1715 1169 1809 1224 est
1825 1163 2043 1226 odium

485 1256 614 1318 Dei.
649 1257 739 1318 Ita
765 1257 944 1320 docet
970 1259 1042 1319 D.
1074 1258 1344 1320 Thomas
1371 1258 1434 1320 2.
1465 1259 1526 1333 2,
1563 1276 1627 1338 q.
1663 1260 1765 1333 34,
1815 1263 1933 1320 art.
1978 1259 2038 1331 3,

483 1357 546 1412 et
575 1351 872 1429 probatur
915 1352 1149 1432 optime
1189 1369 1268 1413 ex
1309 1348 1526 1430 regula
1569 1352 1770 1432 posita
1807 1350 2045 1412 Aristo-

482 1444 652 1522 telis;
679 1452 772 1506 est
793 1446 961 1507 enim
979 1444 1246 1507 charitas
1263 1445 1502 1525 optima
1514 1445 1736 1519 virtuS,
1751 1443 2043 1506 etodium

483 1538 592 1600 Dei
635 1545 730 1600 est
771 1556 1088 1600 summum
1131 1544 1452 1618 peccatum
1499 1537 1592 1598 illi
1623 1538 2038 1610 contrarium;

481 1650 632 1711 ergo
685 1637 778 1696 est
816 1631 1018 1710 majus
1069 1637 1388 1712 peccatum
1443 1649 1632 1711 quam
1681 1630 2038 1692 infidelitas.

482 1726 633 1788 Item
657 1731 749 1788 est
785 1726 1022 1807 optima
1045 1725 1208 1786 ratio
1232 1727 1308 1786 D.
1333 1723 1610 1800 Thomoe,
1635 1725 1784 1805 quia
1807 1725 1876 1786 in
1907 1743 2041 1786 om-

479 1819 665 1880 nibus
708 1820 972 1899 peccatis
1018 1819 1383 1880 mortalibus
1435 1818 1600 1880 maxi
1609 1837 1710 1878 ma
1767 1819 2041 1898 gravitas

481 1920 598 1987 est,
635 1929 825 1992 quam
863 1931 940 1974 ex
985 1913 1304 1974 aversione
1339 1930 1378 1972 a
1433 1913 1556 1972 Deo
1607 1910 1862 1988 habent,
1899 1931 2040 1990 quae

481 2007 716 2066 aversio
731 2012 824 2066 est
849 2005 1110 2067 virtuale
1130 2005 1442 2084 quoddam
1469 2004 1681 2065 odium
1707 2004 1838 2081 Dei,
1873 2005 2040 2083 quod

481 2098 670 2160 etiam
713 2099 782 2158 in
813 2098 946 2178 ipsa
985 2096 1349 2158 infidelitate
1391 2115 1611 2158 verum
1640 2097 1858 2172 habet3
1889 2115 2043 2175 ergo

479 2189 685 2269 ipsum
707 2189 969 2253 formale
985 2192 1200 2252 odium
1229 2190 1360 2266 Dei,
1387 2191 1552 2269 quod
1580 2189 1674 2268 (ut
1701 2189 1789 2251 ita
1809 2189 2039 2266 dicam)

481 2288 572 2344 est
600 2301 710 2361 per
740 2284 1070 2345 essentiam
1113 2284 1258 2358 tale,
1316 2291 1408 2345 est
1449 2282 1582 2344 sine
1614 2282 1806 2343 dubio
1843 2282 2041 2344 multo

479 2377 730 2454 gravius
757 2384 1104 2456 peccatum.
1137 2377 1486 2439 Secundam
1515 2377 2037 2456 comparationem

479 2469 550 2530 in
577 2469 828 2548 speciali
873 2470 1020 2531 facit
1049 2473 1118 2532 D.
1155 2470 1424 2532 Thomas
1449 2471 1512 2530 Ξ.
1561 2471 1625 2542 2,
1677 2475 1900 2548 quaest.
1931 2473 2035 2546 20,

479 2571 598 2626 art.
633 2567 696 2638 3,
727 2569 789 2626 et
832 2564 1106 2639 resolvit,
1150 2563 1582 2626 infidelitatem
1611 2581 1744 2626 esse
1787 2564 2040 2641 gravius

480 2663 797 2736 peccatum
827 2659 1276 2738 desperatione,
1307 2663 1369 2718 et
1395 2657 1598 2719 reddit
1617 2659 1916 2738 optimam
1943 2677 2042 2720 ra-

479 2751 738 2824 tionem,
757 2751 905 2831 quia
923 2751 1258 2812 infidelitas
1269 2753 1602 2832 opponitur
1619 2752 1782 2813 bono
1803 2752 2037 2828 divin0,

482 2849 554 2902 ut
607 2845 676 2904 in
721 2863 788 2904 se
835 2851 948 2919 est,
1016 2846 1315 2905 nimirum
1367 2845 1616 2906 veritati
1659 2847 1815 2925 ejus,
1867 2847 2036 2926 quia,

480 2943 785 3016 quantum
811 2938 878 2998 in
901 2955 966 2998 se
993 2943 1107 3012 est,
1127 2937 1280 2999 facit
1313 2940 1503 2999 Deum
1533 2945 1846 3001 auctorem
1873 2954 2041 3000 men-

481 3031 641 3090 dacii
657 3046 680 3108 3
708 3037 773 3092 at
797 3049 946 3092 vero
989 3032 1332 3110 desperatio
1359 3032 1694 3112 opponitur
1737 3031 1901 3094 hono
1947 3033 2041 3093 di-

481 3125 654 3198 vino,
711 3131 784 3184 ut
819 3123 1230 3204 participabili
1277 3143 1316 3184 a
1344 3125 1546 3200 nobis,
1583 3133 1646 3185 et
1671 3124 1810 3186 ideo
1839 3125 2041 3184 mino·

479 3235 612 3278 rem
643 3217 938 3296 injuriam
983 3220 1107 3280 Deo
1141 3208 1351 3292 infert,
1383 3237 1455 3279 ac
1504 3217 1765 3297 proinde
1793 3235 1918 3278 non
1947 3222 2043 3280 est

481 3317 610 3370 tam
636 3329 823 3387 grave
841 3319 1185 3391 peceatum.
1213 3313 1360 3386 Quae
1393 3311 1687 3372 resolutio
1718 3310 1859 3371 licet
1891 3328 2041 3370 vera

482 3404 584 3477 sit,
624 3422 752 3465 non
803 3410 971 3466 caret
1011 3406 1220 3485 aliqua
1267 3403 1627 3468 difficultate
1643 3419 1664 3481 3
1707 3404 1853 3483 quia
1892 3421 2041 3464 vero

481 3497 710 3576 pendet
735 3516 814 3559 ex
843 3500 1064 3562 notitia
1099 3500 1346 3560 virtutis
1373 3499 1527 3578 spei,
1571 3503 1634 3559 et
1673 3514 1748 3557 ex
1798 3514 2043 3575 compa-

482 3593 723 3654 ratione
751 3593 884 3671 ejus
913 3594 982 3654 in
1013 3593 1390 3674 perfectione
1426 3610 1568 3652 cum
1609 3591 1840 3652 virtute
1872 3589 2039 3665 fidei,

483 3685 654 3747 illam
681 3691 930 3750 remitto
956 3689 1023 3749 iu
1047 3689 1374 3750 materiam
1400 3686 1478 3749 de
1501 3703 1608 3767 spe
1634 3689 1684 3762 ¹,
1709 3703 1857 3747 nam
1885 3701 2047 3765 prae-

485 3781 645 3840 senti
673 3781 809 3842 loco
825 3782 989 3843 dicta
1015 3782 1355 3843 sufficiunt.

563 3877 624 3936 4.
681 3876 903 3940 Utrum
927 3875 1317 3952 infidelitatis
1344 3879 1650 3957 peccatum
1677 3875 1764 3939 sic
1791 3873 2045 3956 pravius

485 3969 759 4031 omnibus
795 3971 1060 4049 peccatis
1092 3974 1304 4032 contra
1347 3969 1606 4032 virtutes
1653 3967 1934 4028 morales.
1964 3997 2049 4012 -

485 4063 758 4124 Tertiam
801 4064 1325 4141 comparationem
1377 4063 1688 4142 praecipue
1723 4061 1874 4122 facit
1913 4061 2041 4120 div.

483 4153 752 4217 Thomas
771 4156 836 4216 in
863 4156 980 4218 hac
1001 4157 1283 4231 materia,
1309 4161 1528 4236 quaest.
1558 4159 1658 4231 10,
1688 4156 1862 4217 artic.
1897 4158 1959 4228 3,
1985 4160 2046 4216 et

483 4248 778 4310 resolutio
821 4255 937 4323 est,
967 4249 1350 4310 infidelitatis
1381 4256 1700 4329 peccatum
1727 4267 1856 4310 esse
1903 4266 2043 4326 gra-

483 4343 622 4403 vius
645 4361 724 4404 ex
765 4362 880 4405 suo
911 4362 1136 4420 genere
1167 4345 1406 4405 caeteris
1443 4343 1709 4424 peccatis
1747 4343 2045 4422 oppositis

483 4436 820 4498 virtutibus
852 4436 1208 4498 moralibus·
1261 4437 1565 4498 Probatur
1593 4439 1798 4514 primo
1835 4453 1915 4496 ex
1943 4453 2045 4496 eo-

485 4529 626 4590 dem
665 4531 970 4610 principio
990 4529 1354 4602 Aristotelis,
1382 4546 1530 4591 nam
1557 4529 1710 4590 fides
1739 4535 1830 4590 est
1849 4530 2045 4590 virtus

485 4623 883 4684 excellentior
934 4621 1225 4684 omnibus
1282 4621 1651 4699 moralibus3
1710 4621 2045 4684 infidelitas

485 4724 696 4779 autem
720 4723 814 4778 est
842 4717 1113 4778 maxime
1135 4716 1416 4797 opposita
1441 4716 1588 4776 huic
1609 4717 1827 4777 virtuti
1847 4737 1863 4789 ;
1897 4735 2047 4794 ergo

486 4816 738 4890 superat
789 4809 912 4871 alia
937 4817 1208 4890 peccata,
1241 4827 1382 4888 quae
1427 4815 1676 4871 tantum
1710 4809 2047 4870 virtutihus

487 4904 826 4966 moralibus
877 4911 1296 4984 opponuntur.
1347 4904 1630 4965 Secundo
1677 4923 1754 4966 ex
1783 4904 2043 4983 objecto,

487 5017 566 5060 ex
593 5015 718 5077 quo
745 4997 1018 5058 maxime
1043 4997 1200 5058 solet
1237 4997 1506 5075 gravitas
1533 5003 1921 5076 peccatorum
1949 5015 2047 5058 ac—

488 5093 646 5170 cipi3
681 5091 1012 5153 infidelitas
1033 5090 1200 5152 enim
1229 5101 1322 5151 est
1341 5091 1568 5152 directe
1607 5097 1823 5152 contra
1855 5092 2047 5152 Deum

487 5185 721 5265 ipsum;
752 5185 1014 5247 virtutes
1033 5190 1243 5244 autem
1271 5183 1536 5246 morales
1559 5183 1790 5246 directe
1819 5183 2053 5246 habent

575 5375 594 5410 ¹
641 5371 962 5435 videndus
990 5376 1202 5434 auctor
1230 5372 1386 5454 disp.
1420 5375 1460 5432 2
1491 5373 1568 5436 de

1607 5371 1749 5454 Spe,
1795 5377 1942 5434 sect.
1986 5376 2049 5449 2,

491 5485 666 5530 num.
705 5470 764 5530 5.
1647 5499 1654 5504 ·

1584 311 1820 366 Dlsrur.
1857 313 1984 366 xvi.
2020 311 2101 364 m:
2134 313 2233 366 INF
2237 313 2582 368 101².me

2123 415 2657 480 deordinationem
2708 435 2887 480 suam
2932 418 3095 482 circa
3138 421 3449 484 materiam
3488 442 3631 488 crea-

2128 515 2253 570 tam
2280 529 2295 570 :
2327 528 2498 584 nam,
2525 511 2667 574 licet
2714 511 2933 591 religio
2960 513 3167 592 aliquo
3204 515 3379 576 modo
3404 517 3633 598 attingat

2124 603 2342 681 Deum,
2373 611 2437 664 et
2462 603 2601 666 ideo
2632 611 2879 684 peccata
2900 605 2995 668 illi
3020 608 3327 670 contraria
3348 609 3633 676 formalem

2124 698 2233 759 Dci
2254 699 2547 776 injuriam
2570 701 2891 762 continere
2910 702 3165 780 possint,
3178 709 3249 763 ut
3268 701 3631 782 blasphemia,

2120 790 2493 868 idololatria,
2518 799 2585 854 et
2606 793 2853 869 similia,
2880 793 3285 856 nihilominus
3308 815 3427 856 nou
3444 799 3523 858 ita
3536 800 3637 860 im·

2122 885 2390 946 mediate
2418 890 2481 946 et
2508 885 2736 947 directe
2775 887 3094 965 attingunt
3122 889 3315 950 Deum
3351 889 3558 968 ipsum,
3582 900 3637 954 et

2122 980 2189 1040 in
2216 978 2483 1060 propriis
2500 980 2631 1058 eius
2648 979 2828 1040 bonis
2846 980 3105 1040 internis
3125 981 3303 1042 illum
3326 983 3634 1060 offendunt,

2121 1073 2280 1134 sicut
2320 1078 2639 1152 peccatum
2668 1071 3074 1134 infidelitatis.
3112 1074 3319 1134 Tertio
3344 1093 3641 1154 argumen-

2122 1171 2289 1227 tatur
2322 1165 2395 1226 D.
2424 1165 2717 1240 Thomas,
2746 1166 2895 1244 quia
2918 1166 3071 1226 vitia
3099 1166 3357 1228 moralia
3396 1170 3643 1247 proxime

2122 1265 2448 1320 versantur
2486 1258 2647 1320 circa
2687 1259 2929 1338 objecta
2979 1266 3207 1335 creata,
3257 1266 3319 1322 et
3358 1260 3441 1320 ita
3468 1261 3645 1324 solum

2122 1353 2353 1414 virtute
2378 1358 2441 1414 et
2462 1351 2761 1432 implicite
2800 1357 3089 1414 avertunt
3115 1351 3431 1414 hominem
3456 1373 3491 1416 a
3518 1355 3643 1432 Deo,

2122 1451 2184 1506 et
2208 1451 2453 1506 tantum
2481 1445 2818 1518 secundum
2842 1444 3165 1520 affectum3
3204 1443 3521 1508 infidelitas
3551 1466 3646 1508 au-

2123 1545 2249 1600 tem
2300 1539 2377 1601 de
2424 1556 2489 1600 sc
2540 1538 2771 1600 directe
2810 1542 3033 1600 avertit
3076 1538 3397 1600 hominem
3440 1559 3477 1600 a
3519 1542 3643 1618 Deo,

2121 1633 2309 1694 etiam
2338 1632 2545 1712 quoad
2570 1632 2983 1707 intellectum,
3012 1634 3161 1713 quia
3188 1650 3405 1694 veram
3438 1634 3540 1696 Dei
3564 1653 3647 1696 co·

2120 1727 2469 1805 gniticnem
2502 1726 2727 1802 aufert,
2756 1726 2857 1788 vel
2880 1745 2995 1806 per
3034 1743 3099 1788 se
3126 1727 3351 1806 ipsam,
3378 1733 3649 1805 quatenus

2118 1818 2451 1880 infidelitas
2486 1824 2599 1894 est,
2623 1825 2695 1880 ut
2720 1819 3047 1899 cajetanus
3070 1819 3349 1899 exponit,
3370 1837 3511 1880 nam
3528 1818 3651 1882 licet

2120 1914 2189 1974 in
2224 1911 2461 1974 infideli
2488 1913 2679 1992 possit
2705 1930 2961 1976 manere
2987 1911 3202 1992 aliqua
3228 1911 3493 1988 cognitio
3532 1912 3646 1987 Dei,

2120 2025 2247 2066 non
2272 2013 2482 2067 tamen
2504 2012 2715 2066 manet
2742 2005 2811 2066 in
2826 2023 2899 2067 eo
2928 2011 3237 2084 quatenus
3263 2003 3520 2066 infidelis
3542 2013 3649 2082 est3

2120 2100 2221 2160 vel
2246 2105 2409 2162 certa
2449 2099 2783 2162 infidelitas
2827 2100 3015 2161 etiam
3044 2099 3251 2160 aufert
3294 2116 3534 2160 omnem
3570 2117 3657 2160 co-

2120 2196 2465 2274 gnitionem
2512 2195 2625 2256 Dei
2674 2194 3209 2274 supernaturalem
3236 2239 3259 2268 ,
3304 2199 3367 2254 et
3416 2211 3544 2272 quae
3588 2195 3654 2256 ad

2122 2288 2387 2350 salutem
2416 2289 2605 2367 possit
2646 2289 3027 2348 conducere:
3061 2305 3135 2350 ac
3160 2287 3428 2366 denique
3452 2286 3581 2348 licet
3598 2289 3657 2348 in

2121 2381 2355 2442 infideli
2380 2381 2573 2461 possit
2599 2381 2811 2460 aliqua
2852 2399 2931 2442 ex
2954 2387 3128 2460 parte
3170 2399 3424 2442 manere
3455 2382 3655 2442 veritas

2120 2476 2283 2536 circa
2330 2475 2753 2554 cognitionem
2802 2475 2933 2551 Dei,
2980 2473 3394 2536 nihilominus
3422 2480 3543 2536 tota
3564 2493 3653 2536 co-

2120 2569 2345 2646 gniti0,
2365 2587 2553 2649 quam
2592 2569 2669 2630 de
2692 2569 2815 2630 Deo
2842 2567 3051 2639 habet,
3083 2574 3149 2628 et
3166 2567 3349 2647 quasi
3373 2567 3657 2646 componit

2122 2679 2197 2721 ex
2220 2661 2407 2721 variis
2440 2659 2711 2739 judiciis,
2742 2677 2851 2720 seu
2876 2659 3405 2740 propositionibus
3426 2677 3569 2738 quas
3592 2659 3655 2720 de

2120 2755 2245 2814 Deo
2271 2753 2519 2826 format,
2546 2771 2675 2814 non
2710 2753 2899 2814 habet
2918 2752 3207 2813 absolute
3240 2771 3449 2814 veram
3472 2754 3657 2832 cogui-

2121 2848 2355 2908 tionem
2401 2848 2478 2908 de
2520 2849 2668 2921 Dee,
2699 2847 2849 2926 quia
2874 2847 3087 2908 nullus
3130 2853 3230 2909 est
3275 2847 3452 2921 Deus,
3480 2846 3657 2926 qualis

2120 2940 2357 3020 abipso
2384 2942 2747 3020 concipitur,
2780 2951 2843 3001 et
2860 2941 3039 3020 quasi
3068 2941 3489 3020 componitur,
3514 2939 3659 3018 quod

2121 3042 2212 3097 est
2238 3036 2669 3112 gravissimum
2694 3035 2963 3096 hominis
2986 3041 3459 3097 nocumentum.

2202 3134 2261 3192 5.
2312 3129 2573 3210 objectio
2618 3132 2846 3210 prima.
2866 3162 2949 3175 —
2979 3127 3245 3208 objectio
3302 3129 3569 3192 secunda.
3592 3161 3659 3174 --

2122 3225 2350 3285 Contra
2390 3224 2621 3284 dictam
2674 3240 2823 3283 vero
2872 3223 3319 3283 resolutionem
3350 3220 3529 3301 objici
3568 3237 3659 3299 po-

2121 3324 2239 3378 test
2264 3317 2485 3396 prime,
2516 3317 2661 3394 quia
2690 3333 2769 3376 ex
2794 3314 2903 3376 illa
2930 3317 3212 3394 sequitur
3250 3333 3439 3376 omne
3474 3331 3659 3393 pccca-

2121 3416 2254 3470 tum
2284 3416 2498 3470 contra
2538 3408 2731 3470 fidem
2764 3425 2915 3483 esse,
2952 3408 3299 3468 secundum
3332 3425 3505 3468 suam
3542 3424 3661 3484 spe-

2122 3504 2306 3577 ciem,
2338 3502 2589 3580 gravius
2613 3518 3005 3580 quocumque
3033 3507 3288 3580 peccato
3324 3508 3534 3561 contra
3553 3501 3659 3558 vir·

2124 3601 2321 3655 tutem
2348 3595 2556 3655 minus
2596 3593 2891 3669 nobilem,
2936 3593 3101 3672 quod
3140 3593 3394 3655 videtur
3427 3591 3667 3654 incredi-

2124 3687 2279 3760 bile;
2340 3705 2486 3748 nam
2557 3692 2877 3765 peccatum
2936 3685 3265 3764 culpabilis
3320 3687 3662 3764 ignorantiae

2124 3782 2305 3856 fidei,
2346 3781 2511 3860 quod
2568 3781 2759 3842 etiam
2797 3780 2864 3840 in
2902 3779 3157 3840 homine
3198 3779 3373 3840 fideli
3420 3778 3663 3840 inveniri

2126 3882 2342 3956 potest,
2388 3881 2481 3935 est
2516 3879 2833 3952 peccatum
2864 3879 3081 3934 contra
3112 3871 3305 3934 fidem
3330 3920 3349 3950 ,
3382 3879 3443 3934 et
3476 3880 3667 3934 tamen

2125 3988 2253 4030 non
2280 3975 2371 4030 est
2410 3968 2662 4047 gravius
2689 3984 2881 4045 quam
2912 3966 3347 4040 homicidium,
3370 3966 3469 4026 vel
3496 3981 3665 4044 quam

2125 4070 2449 4145 peccatum
2492 4067 2707 4124 contra
2737 4067 3061 4132 naturam,
3090 4067 3165 4120 ut
3206 4060 3458 4122 videtur
3486 4077 3589 4138 per
3608 4077 3665 4120 se

2126 4165 2366 4220 notum.
2400 4157 2493 4218 Ex
2526 4174 2651 4235 quo
2690 4160 3023 4216 enervatur
3050 4153 3525 4215 fundamentum
3570 4169 3663 4230 po·

2126 4251 2340 4325 situm,
2370 4249 2562 4328 quod,
2590 4247 2845 4321 scilicet,
2878 4247 3101 4306 vitium
3128 4247 3481 4325 oppositum
3510 4245 3665 4306 nobi-

2125 4344 2263 4406 liori
2320 4342 2539 4403 virtuti
2599 4341 2679 4400 sit
2732 4340 3023 4418 graviuS,
3078 4339 3247 4416 quod
3298 4340 3439 4400 aliis
3492 4340 3665 4400 etiam

2125 4437 2423 4515 exemplis
2468 4433 2817 4496 ostenditur
2879 4431 3104 4494 falsum
3131 4447 3153 4510 ;
3218 4450 3369 4493 nam
3422 4430 3667 4492 ebrietas

2126 4531 2377 4612 gravius
2410 4534 2728 4609 peccatum
2772 4534 2865 4588 cst
2912 4545 3103 4606 quam
3156 4527 3571 4598 mendacium,
3610 4530 3665 4584 et

2126 4631 2334 4684 tamen
2380 4624 2605 4683 veritas
2640 4619 2911 4682 nobilior
2937 4622 3134 4680 virtus
3170 4626 3267 4682 est
3298 4637 3487 4699 quam
3528 4623 3666 4678 tem-

2126 4717 2409 4796 perantia
2426 4737 2443 4788 ;
2474 4716 2623 4775 item
2670 4713 2971 4774 timiditas
3006 4721 3100 4774 est
3129 4712 3331 4772 levius
3368 4715 3661 4791 peccatum

2127 4827 2313 4888 quam
2337 4806 2837 4886 intemperantia,
2882 4811 2955 4866 ut
2993 4807 3061 4867 D.
3103 4805 3375 4867 Thomas
3413 4801 3590 4864 tradit
3608 4805 3659 4860 Ξ.

2127 4907 2189 4976 2,
2224 4920 2285 4980 q.
2324 4903 2464 4975 142,
2494 4905 2611 4962 art.
2660 4901 2736 4976 33
2767 4907 2830 4960 et
2852 4905 3065 4961 tamen
3105 4897 3429 4971 fortitudo,
3462 4895 3559 4956 cui
3594 4893 3661 4952 ti-

2128 4998 2377 5058 miditas
2417 4996 2775 5075 opponitur,
2818 5000 2910 5056 est
2959 4993 3227 5055 nobilior
3275 4993 3469 5054 virtus
3494 5005 3665 5069 quam

2128 5090 2558 5170 temperantia.
2585 5089 2675 5150 Ac
2698 5087 2965 5166 denique
2998 5085 3327 5148 fornicatio
3339 5066 3463 5145 ’est
3488 5083 3667 5158 majus

2133 5191 2453 5265 peccatum
2482 5201 2671 5264 quam
2696 5181 2961 5256 furtum,
2986 5187 3141 5242 teste
3169 5181 3239 5242 D.
3265 5179 3501 5241 Thoma
3526 5179 3581 5238 2.
3610 5175 3664 5246 2,

2134 5297 2193 5358 q.
2229 5281 2371 5353 154,
2400 5283 2516 5340 art.
2546 5280 2605 5352 3,
2628 5282 2690 5337 et
2707 5281 2919 5336 tamen
2940 5273 3203 5353 iustitia,
3230 5272 3329 5336 cui
3358 5269 3671 5352 opponitur

2130 5374 2393 5447 furtum,
2437 5376 2530 5431 est
2570 5369 2769 5448 major
2808 5369 3005 5429 virtus
3051 5385 3241 5447 quam
3278 5366 3539 5427 castitas.
3574 5361 3667 5422 Se-

2132 5465 2337 5528 cundo
2368 5464 2683 5545 objicitur,
2722 5463 2869 5544 quia
2894 5460 3107 5524 fideles
3132 5462 3198 5522 in
3238 5458 3495 5542 pcccatis
3521 5471 3661 5516 mor-
