3900 6217
886 480 1057 535 smr.
1092 482 1174 537 vt.
1210 484 1293 535 AN
1324 482 1603 535 MATERIA
1633 484 1797 537 FIDE!
1831 482 2132 535 TEMPORE
2167 482 2494 545 GREvssRrr,
2529 480 2666 534 Em.

154 580 353 659 jerem
384 579 815 659 cognitionem
852 584 1293 663 mysteriorum
1330 584 1503 657 fidei,
1534 600 1725 664 quam

162 676 329 737 multi
376 674 783 754 posteriores,
836 683 902 738 et
946 678 1185 739 Christo
1229 678 1581 753 viciniores,
1634 684 1722 755 ut,

156 769 323 831 verbi
350 768 575 845 gratia,
596 769 853 849 Moyses
876 771 1144 833 excessit
1164 772 1343 845 elice,
1368 772 1475 851 qui
1502 780 1726 850 postea

156 864 403 923 fuerunt
428 861 499 921 in
524 860 669 941 lege
692 864 919 937 veteri,
953 870 1025 925 ut
1050 865 1237 925 sentit
1262 865 1431 926 idem
1459 867 1533 926 D.
1566 866 1727 926 Tho-

162 974 315 1029 maS,
338 954 401 1015 d.
430 959 557 1015 art.
582 956 646 1031 (i,
676 962 741 1017 et
770 956 935 1016 sumi
955 959 1161 1036 potest
1188 975 1267 1019 ex
1288 974 1427 1036 cap.
1454 958 1493 1017 6
1526 956 1720 1017 Exod.

164 1052 309 1111 Item
325 1048 523 1107 David
538 1048 807 1110 excessit
823 1049 1203 1130 posteriores
1218 1064 1427 1130 reges,
1451 1055 1513 1110 et
1531 1050 1725 1110 Isaias

160 1140 539 1221 posteriores
586 1142 951 1221 Pmpbetas,
1006 1150 1067 1205 et
1113 1143 1203 1204 sic
1251 1143 1331 1205 de
1368 1142 1527 1203 aliis.
1580 1144 1725 1204 Post

158 1234 379 1297 Christi
404 1238 629 1295 autem
666 1235 1005 1297 adventum
1036 1236 1291 1297 fuerunt
1316 1235 1493 1297 multi
1520 1234 1587 1296 in
1616 1236 1729 1297 Ec-

154 1328 365 1403 clesia,
398 1328 633 1391 Christi
670 1336 958 1408 tempore
984 1330 1381 1409 posteriores,
1412 1334 1475 1390 et
1500 1328 1730 1391 nihilo-

152 1422 363 1482 minus
394 1423 715 1502 sapientia
738 1422 887 1484 fidei
924 1422 1258 1496 doctiores»,
1283 1427 1354 1483 ut
1390 1422 1583 1483 etiam
1622 1440 1733 1483 ex-

153 1515 467 1595 perientia
514 1521 793 1593 constat;
830 1518 961 1577 imo
998 1522 1129 1578 tota
1169 1516 1447 1579 Ecclesia
1484 1516 1733 1577 videtur

164 1626 443 1671 crescere
472 1609 559 1671 de
588 1610 691 1671 die
714 1609 782 1670 in
810 1608 981 1671 diem
1012 1610 1078 1671 in
1104 1611 1325 1690 majori
1360 1609 1507 1671 fidei
1536 1608 1733 1689 expli-

168 1706 426 1767 catione.
456 1704 527 1767 Si
568 1711 785 1765 autem
814 1704 917 1765 illa
948 1705 1169 1785 regula
1198 1704 1521 1765 indefinite
1548 1703 1733 1765 intel-

165 1799 411 1878 ligatur,
444 1800 573 1860 erit
616 1798 871 1879 quidem
910 1799 1169 1872 facilior,
1214 1806 1279 1861 et
1322 1818 1449 1861 non
1484 1798 1733 1859 videtur

156 1911 377 1954 sensus
412 1892 671 1955 alienus
698 1913 737 1954 a
778 1899 991 1955 mente
1028 1893 1101 1953 D.
1133 1894 1423 1965 Thomae;
1456 1910 1604 1952 nam
1632 1909 1736 1951 so-

152 1988 273 2047 lum
306 1988 502 2067 ponit
549 1986 909 2067 exemplum
946 1990 1014 2047 in
1055 1988 1305 2049 Joanne
1350 1988 1625 2066 Baptista
1668 1991 1732 2046 et

150 2083 494 2161 ApostoliS‚
514 2084 689 2145 etita
712 2082 917 2143 solum
934 2082 1203 2143 sensisse
1224 2082 1471 2143 videtur
1489 2082 1731 2160 aliquos

148 2174 441 2237 homines
478 2176 652 2237 illius
688 2177 887 2237 astatis
920 2192 1247 2255 superesse
1288 2192 1509 2237 omnes
1540 2176 1723 2248 alios;

144 2276 357 2332 tamen
390 2271 599 2332 etiam
622 2270 692 2330 in
724 2270 845 2331 hoc
880 2286 1071 2331 sensu
1098 2288 1227 2333 non
1256 2274 1427 2329 caret
1472 2268 1731 2329 difficul-

144 2368 289 2424 tate.
326 2364 577 2437 Primo,
612 2363 763 2442 qnia
798 2362 1021 2435 Adam,
1054 2368 1355 2441 tanquam
1382 2380 1613 2441 parens
1636 2366 1732 2423 to-

148 2456 265 2518 tius
302 2459 574 2537 generis
605 2458 889 2532 humani,
916 2446 1167 2518 videtur
1196 2456 1491 2517 habuisse
1529 2455 1732 2535 magis

152 2550 513 2629 explicitam
572 2550 771 2611 fldem
798 2594 815 2623 ,
868 2554 931 2611 et
988 2550 1296 2629 majorem
1358 2548 1733 2627 sapientiam

150 2662 337 2723 quam
364 2644 663 2706 ,loannes
692 2644 1004 2723 Baptista;
1032 2644 1157 2704 imo
1192 2642 1377 2704 etiam
1414 2642 1497 2719 de
1536 2642 1734 2703 Abra-

150 2738 319 2812 ham,
355 2736 615 2817 Moyse,
662 2743 727 2798 et
766 2735 985 2811 David,
1032 2742 1095 2798 et
1138 2736 1464 2810 similibus,
1510 2734 1734 2796 saltem

152 2832 398 2893 videtur
421 2832 671 2893 ineerta
696 2831 804 2891 illa
828 2832 1234 2910 comparatio.
1270 2828 1561 2892 Secundo
1589 2835 1731 2909 post

160 2924 387 2985 Christi
412 2924 755 2986 adventum
778 2924 993 2985 multae
1018 2923 1475 3004 propositiones
1500 2922 1583 2983 de
1604 2922 1729 2983 fide

172 3022 317 3079 sunt
352 3016 647 3089 definitae,
674 3036 819 3097 quae
852 3023 1039 3078 antea
1072 3035 1202 3077 non
1236 3021 1416 3078 erant
1457 3016 1537 3077 de
1576 3014 1725 3088 fide,

170 3122 239 3172 ut
278 3111 447 3189 qnod
486 3112 769 3173 Christus
818 3111 977 3171 duas
1026 3110 1313 3171 habuerit
1351 3109 1724 3183 voluntates,

160 3205 329 3283 quod
350 3206 549 3266 Beata
576 3206 768 3285 Virgo
792 3220 1117 3283 nunquam
1141 3202 1497 3283 peccaverit
1515 3202 1731 3263 venia-

156 3297 317 3372 liter,
351 3298 529 3377 quod
549 3297 911 3378 justificatio
940 3297 1051 3358 fiat
1089 3314 1203 3376 per
1228 3296 1596 3375 qualitatem
1634 3296 1724 3355 in-

154 3393 535 3467 haerentem,
570 3398 634 3453 et
658 3392 929 3465 similes;
960 3408 1113 3473 ergo
1141 3390 1391 3453 videtur
1417 3408 1561 3451 esse
1596 3406 1732 3451 ma·

154 3488 245 3565 gis
292 3486 599 3565 explicita
641 3484 803 3546 fides
852 3502 1023 3547 nunc
1070 3485 1135 3545 in
1190 3484 1491 3557 Ecclesia,
1538 3500 1732 3563 quam

150 3584 341 3644 fuerit
380 3582 457 3643 in
498 3582 809 3663 pn'mitiva
854 3581 1040 3642 etiam
1088 3580 1153 3640 in
1184 3580 1539 3659 ·Apostolis,
1581 3580 1733 3659 quia

150 3694 293 3738 esse
336 3676 555 3756 magis
595 3675 948 3755 explicitam
988 3673 1142 3735 nihil
1194 3673 1367 3734 aliud
1408 3678 1504 3735 est
1540 3690 1731 3753 quam

148 3768 417 3831 extendi
440 3769 529 3831 ad
554 3770 734 3849 plura
770 3769 1109 3832 credibilia.
1139 3768 1425 3847 Denique
1462 3768 1623 3829 ratio
1651 3768 1725 3829 D.

146 3865 415 3925 Thomas
452 3882 586 3924 non
606 3863 851 3925 videtur
876 3860 1120 3934 efficax,
1150 3861 1301 3941 quia
1332 3861 1609 3923 Christus
1634 3865 1731 3921 est

144 3958 375 4018 lumen
419 3956 683 4019 infinitae
702 3958 1046 4028 activitatiS,
1075 3961 1143 4017 ut
1170 3956 1258 4016 sic
1288 3956 1512 4030 dicam,
1540 3961 1601 4016 et
1628 3973 1732 4016 vo-

144 4051 433 4112 luntarie
466 4052 846 4124 illuminans,
876 4053 941 4111 et
976 4050 1123 4121 ideo
1150 4050 1355 4129 major
1394 4049 1493 4110 vel
1526 4050 1733 4109 minor

152 4147 321 4206 actio
366 4146 513 4225 ejus
555 4162 686 4205 non
730 4150 827 4206 est
856 4143 1205 4225 colligenda
1243 4160 1321 4204 ex
1366 4142 1586 4222 majori
1631 4142 1733 4204 vel

152 4238 385 4299 minori
418 4237 888 4317 propinquitate
912 4235 1378 4316 temporis,·sed
1406 4252 1481 4297 ex
1512 4235 1731 4296 ordine

156 4350 271 4392 sua
306 4331 531 4393 divina
574 4330 878 4409 sapientia
915 4337 981 4392 et
1006 4328 1553 4409 praedestinatione
1582 4345 1734 4389 con-

152 4427 401 4499 stituto,
436 4431 503 4485 et
530 4425 617 4485 ita
648 4424 848 4504 potuit
880 4440 997 4485 sua
1034 4423 1353 4485 voluntate
1392 4420 1727 4501 praefinire,

148 4523 221 4579 ut
251 4520 379 4581 hoc
417 4517 523 4579 vel
552 4517 659 4577 illo
688 4522 969 4595 tempore
1014 4522 1181 4577 esset
1223 4515 1498 4577 Ecclesia
1528 4514 1729 4593 magis

149 4614 255 4674 vel
296 4612 511 4672 minus
538 4610 839 4671 instructa
869 4609 934 4669 in
961 4609 1110 4683 fide,
1142 4609 1273 4670 sive
1300 4607 1453 4669 illud
1484 4614 1731 4688 tempus

154 4712 327 4769 esset
362 4704 807 4785 propinquius,
832 4703 967 4765 sive
992 4700 1293 4765 remotius
1328 4708 1611 4781 tempore
1638 4701 1732 4761 in·

156 4798 550 4863 carnationis
578 4814 733 4860 suae.

224 4898 289 4955 9.
314 4889 829 4973 scammata
844 4886 1733 4972 aeremia—commentia

154 5006 271 5069 pro
304 4988 347 5047 2
368 4984 635 5067 Romula.
670 5014 753 5030 —-
780 4984 887 5045 Est
914 5000 1065 5063 ergo
1092 4980 1371 5045 secunda
1388 4981 1607 5061 regula
1654 4982 1728 5042 D.

159 5080 471 5161 Gregorii,
494 5080 667 5139 hom.
686 5079 767 5139 16
783 5078 848 5139 in
863 5076 1169 5139 Ezechiel.
1182 5121 1197 5148 ,
1210 5074 1473 5137 dicentis
1494 5094 1507 5135 :
1534 5075 1734 5149 Quan-

164 5180 223 5237 to
256 5174 523 5237 mundus
568 5174 653 5236 ad
694 5176 1023 5236 &hemum
1050 5170 1315 5244 dacicum
1366 5174 1534 5234 tanto
1565 5168 1732 5233 nobis

158 5272 406 5331 σία-πω
440 5264 712 5331 scientie
738 5266 945 5329 adime
971 5264 1206 5347 lav-qius
1247 5263 1522 5345 aper-im·
1534 5288 1561 5336 ;
1594 5263 1734 5342 qui-

164 5361 279 5421 bus
304 5360 519 5422 verbis
544 5358 780 5421 indicat
802 5358 871 5419 in
906 5358 1183 5419 Ecclesia
1212 5374 1351 5419 esse
1388 5356 1591 5437 magis
1620 5376 1729 5418 ex·

162 5454 433 5532 piicitam
458 5453 655 5515 tidem
678 5453 747 5514 in
774 5468 1173 5531 quocumque
1198 5456 1483 5529 tempore
1519 5456 1731 5529 poste-

170 5548 329 5622 riori,
364 5564 560 5629 quam
590 5548 657 5608 in
684 5542 1090 5627 praecedenti,
1114 5545 1214 5606 cui
1238 5544 1409 5605 favet
1435 5541 1591 5605 illud
1618 5546 1731 5607 Sa-

176 5643 435 5723 pientis:
470 5645 799 5709 Jmoroem
834 5638 1051 5706 semita
1086 5640 1249 5705 siout
1272 5640 1383 5701 lux
1418 5638 1729 5722 splendens

3302 476 3380 538 35

1799 586 2095 665 procedit,
2139 591 2198 649 et
2229 586 2446 648 crescit
2491 602 2679 665 usque
2723 585 2805 647 ad
2833 586 3164 664 perfectam
3203 584 3376 647 diem.

1810 678 2036 740 Probat
2063 680 2250 741 etiam
2291 678 2627 758 Gregorius
2669 678 2786 738 hoc
2836 678 3192 739 inductione
3221 696 3374 759 qua-

1807 772 1985 844 dam;
2019 788 2167 832 nam
2205 772 2523 833 Abraham
2551 771 3017 850 explicatiorem
3045 770 3235 832 fidem
3266 774 3379 834 ha·-
3408 782 3422 799 ⁴

1805 865 1942 927 buit
1972 882 2165 944 quam
2186 865 2638 944 praecedenteS,
2671 871 2734 925 et
2763 864 3012 943 Moyses
3051 866 3380 943 perfectio-

1804 978 1939 1021 rem
1957 978 2149 1039 quam
2165 958 2503 1032 Abraham,
2531 965 2592 1020 et
2613 958 2812 1020 David
2831 978 3023 1037 quam
3039 960 3384 1039 Moyses,ut

1805 1052 1939 1132 ipse
1985 1053 2154 1126 dicit,
2199 1060 2260 1115 et
2294 1053 2518 1133 probat
2545 1072 2624 1113 ex
2652 1052 2756 1114 illo
2790 1053 3017 1113 Psalm.
3053 1056 3383 1117 centesimi

1804 1145 2030 1207 decimi
2059 1146 2292 1208 octavi:
2329 1144 2530 1228 Super
2551 1162 2720 1209 senos
2744 1145 3039 1209 intellexi.
3061 1148 3134 1208 Et
3159 1155 3380 1227 postea

1807 1240 2086 1301 loannes
2125 1238 2403 1317 Baptista
2447 1239 2710 1300 excessit
2738 1238 3090 1318 superiores
3133 1258 3377 1311 omnes,

1811 1338 1874 1393 et
1915 1332 2189 1411 Apostoli
2235 1332 2426 1393 etiam
2469 1338 2846 1411 superarunt
2886 1332 3110 1411 ipsum,
3157 1335 3380 1394 saltem

1808 1428 1874 1487 in
1910 1427 2278 1489 excellentia
2307 1425 2628 1488 doctrinae.
2661 1427 2948 1505 Denique
2990 1428 3138 1487 addi
3171 1436 3380 1507 potest

1810 1520 2242 1600 congruentia,
2273 1518 2418 1598 quia
2449 1520 2731 1581 naturale
2771 1526 2864 1581 est
2892 1520 3130 1581 homini
3159 1539 3382 1600 proce-

1810 1612 1962 1675 dere
1977 1613 2060 1674 ab
2085 1612 2448 1693 imperfecto
2479 1612 2560 1673 ad
2589 1610 2954 1691 perfectum,
2983 1619 3046 1674 et
3077 1614 3379 1693 paulatim

1812 1706 2140 1787 proficere,
2178 1712 2240 1765 et
2270 1704 2413 1765 ideo
2442 1704 2506 1763 in
2535 1704 2788 1766 senibus
2812 1706 2974 1767 solet
3008 1724 3146 1767 esse
3175 1707 3382 1786 major

1814 1800 2155 1880 sapientia3
2189 1800 2352 1860 Deus
2394 1805 2607 1859 autem
2647 1798 3081 1862 accommodat
3115 1802 3380 1881 gratiam

1812 1900 2054 1953 naturae
2066 1908 2087 1970 3
2123 1910 2274 1971 ergo
2312 1892 2644 1953 verisimile
2685 1896 2782 1952 est
2819 1893 2906 1953 ita
2935 1893 3123 1954 etiam
3151 1892 3382 1955 illumi-

1812 2004 2000 2048 nasse
2029 1986 2335 2047 mundum
2359 1990 2420 2046 et
2445 1984 2808 2069 Ecclesiam.

1894 2084 1992 2140 10.
2022 2079 2328 2161 Armatur
2351 2083 2563 2142 contra
2591 2078 2746 2141 hanc
2767 2080 2808 2139 2
2854 2096 2982 2160 req.
3018 2114 3100 2129 --
3123 2080 3382 2141 Verum-

1809 2178 2024 2237 tamen
2044 2174 2232 2235 etiam
2249 2173 2382 2233 haec
2403 2171 2622 2251 regula
2645 2170 3004 2235 difficultate
3027 2191 3154 2234 non
3183 2178 3377 2250 caret,

1810 2284 1962 2327 nam
2009 2271 2226 2328 contra
2263 2265 2434 2326 illam
2459 2265 2596 2326 fere
2649 2264 2870 2326 eadem
2903 2265 3090 2345 objici
3117 2273 3382 2345 possunt

1812 2376 1954 2437 quse
1989 2365 2204 2419 contra
2239 2354 2720 2438 praecedentem,
2753 2362 3169 2436 praeterquam
3205 2358 3378 2438 quod

1812 2453 2008 2514 multa
2035 2452 2102 2513 in
2127 2470 2204 2515 ea
2231 2457 2566 2513 sumuntur
2593 2450 2851 2511 incerta.
2884 2450 3044 2512 Illud
3081 2470 3232 2513 vero
3261 2452 3380 2513 dir-

1812 2546 2038 2607 iicilius
2067 2550 2184 2620 est,
2217 2546 2364 2625 quia
2389 2564 2468 2607 ex
2497 2544 2602 2605 illa
2631 2543 2914 2623 sequitur
2941 2544 3230 2607 doctores
3261 2546 3380 2607 Ec·-

1812 2640 2044 2713 clesiae,
2077 2640 2456 2719 posteriores
2479 2637 2812 2717 Apostolis‚
2835 2637 3028 2701 fuisse
3047 2640 3378 2719 sapientio-

1814 2750 1917 2794 res
1959 2733 2024 2793 in
2052 2732 2200 2807 fide,
2247 2732 2350 2793 vel
2375 2732 2669 2792 habuisse
2695 2730 2866 2791 illam
2903 2731 3106 2811 magis
3131 2732 3382 2811 explici-

1812 2832 1966 2901 tam,
1983 2844 2175 2905 quam
2194 2828 2307 2907 ipsi
2333 2826 2632 2905 Apostoli,
2661 2825 2834 2903 quod
2855 2824 2978 2885 dici
3001 2844 3129 2886 non
3149 2832 3378 2905 potest,

1810 2926 1875 2983 et
1952 2940 1990 2981 a
2063 2921 2399 3001 Theologis
2459 2920 2896 2981 communiter·
2941 2920 3317 2999 reprobatur
3350 2965 3373 2996 ,

1812 3020 2002 3079 etiam
2020 3024 2323 3097 tanquam
2351 3017 2794 3091 temerarium3
2827 3034 2976 3077 nam
2997 3016 3118 3078 illis
3145 3018 3384 3097 specia-

1810 3111 1955 3173 liter
1989 3111 2272 3190 promisit
2297 3111 2573 3172 Christus
2588 3112 2775 3172 Joan.
2804 3111 2902 3184 14,
2939 3114 3014 3172 45
3043 3113 3198 3172 et16
3224 3112 3384 3175 :Ille

1811 3224 1915 3270 vos
1965 3206 2190 3270 docem
2231 3205 2432 3268 omnia
2453 3251 2470 3279 ,
2519 3209 2578 3268 et
2621 3210 2900 3288 sufferet
2951 3206 3120 3268 vobis
3175 3208 3383 3269 omnia

1811 3314 2210 3380 quoemmtque,
2267 3300 2478 3362 dicero
2539 3298 2704 3363 ‘cobis
2731 3324 2758 3372 ,·
2825 3302 2890 3359 et
2942 3300 3175 3361 ibidem
3241 3300 3328 3361 ait
3361 3319 3375 3360 ε

1814 3392 2032 3457 Omnia
2083 3410 2462 3475 quoecumque
2515 3394 2655 3456 novi
2705 3412 2744 3456 a
2793 3392 3007 3468 Patre,
3067 3402 3212 3459 nota
3265 3396 3382 3475 feci

1810 3488 1978 3549 vobis
1997 3511 2025 3560 ,·
2083 3493 2145 3548 et
2209 3487 2352 3547 ideo
2413 3480 2710 3547 dicuntur
2773 3486 3010 3549 habere
3074 3487 3380 3566 primitias

1812 3582 2102 3660 Spiritus,
2167 3580 2249 3641 ad
2301 3582 2480 3641 Rom.
2541 3582 2602 3653 8,
2650 3586 2713 3641 et
2757 3582 2798 3641 2
2852 3580 2932 3641 ad
2991 3581 3221 3642 Corint.
3277 3582 3315 3641 3
3349 3599 3364 3640 :

1812 3674 1948 3741 Nos
1976 3681 2176 3741 eutem
2199 3674 2466 3738 revelata
2490 3675 2654 3753 facie
2675 3675 2936 3757 yloriam
2976 3674 3226 3737 Domini
3249 3692 3384 3755 spe-

1814 3769 2084 3833 metantes
2101 3795 2128 3842 ;
2157 3769 2316 3830 etad
2345 3769 2575 3847 Ephes.
2615 3772 2644 3829 1
2681 3786 2694 3828 τ
2741 3767 3091 3833 Secundum
3127 3768 3382 3831 divitias

1810 3860 2032 3942 ‚qratioe
2059 3862 2212 3941 ejus,
2247 3878 2380 3942 quoe
2411 3860 2736 3924 abundavit
2763 3860 2832 3923 in
2859 3862 3027 3923 nobis
3046 3860 3113 3922 in
3143 3860 3258 3923 Dei
3283 3878 3384 3923 sa-

1800 3957 2086 4035 pientia,-
2139 3955 2307 4015 unde
2351 3954 2684 4034 Epiphan.,
2733 3954 2959 4015 haeres.
3009 3954 3110 4028 66,
3162 3971 3381 4015 versus

1810 4047 2032 4121 finem,
2067 4048 2238 4121 dicit,
2269 4047 2587 4129 Apostolos
2635 4050 2934 4130 accepisse
2961 4050 3202 4122 donum,
3269 4066 3383 4129 quo

1814 4142 2016 4205 omnia
2059 4140 2212 4225 ipsis
2257 4144 2420 4206 claro
2459 4142 2743 4225 Spiritus
2777 4147 3028 4207 sanctus
3079 4144 3376 4225 esposuit,

1814 4235 2067 4308 scilicet,
2137 4236 2415 4297 claritate
2469 4236 2615 4297 fidei
2678 4236 2982 4315 explicitae
3038 4281 3053 4310 ,
3125 4241 3187 4297 et
3254 4252 3381 4297 non

1814 4328 2109 4403 scientiae,
2157 4334 2220 4390 et
2265 4328 2434 4391 idem
2461 4330 2737 4392 sentiunt
2787 4328 2866 4390 de
2914 4329 3225 4408 Apostolis
3263 4329 3382 4408 Cy-

1810 4422 2091 4501 prianus,
2125 4440 2224 4502 cp.
2255 4425 2370 4496 743
2403 4423 2809 4503 Augustinus,
2843 4423 2884 4482 l.
2914 4424 2950 4483 5
2982 4422 3060 4484 de
3086 4422 3292 4502 Bapt.,
3319 4440 3377 4483 c.

1812 4516 1927 4587 26;
1979 4522 2042 4576 et
2069 4516 2356 4594 cyrillus,
2385 4517 2425 4576 l.
2454 4518 2494 4576 4
2525 4517 2589 4577 in
2621 4516 2868 4588 Isaiam,
2900 4519 3057 4576 orat.
3089 4517 3160 4588 4;
3193 4522 3255 4577 et
3281 4532 3384 4577 ra·-

1810 4610 1897 4671 tio
1938 4608 2005 4670 id
2049 4610 2300 4671 videtur
2342 4610 2696 4683 ostendere,
2755 4610 2904 4689 qnia
2951 4610 3066 4690 ipsi
3125 4608 3383 4671 fuerunt

1811 4703 2091 4783 magistri
2137 4702 2284 4765 fidei
2335 4704 2480 4764 novi
2515 4704 2921 4777 Testamenti,
2965 4711 3028 4765 et
3051 4702 3382 4765 ideofides

1812 4796 2103 4857 Ecclesiae
2135 4796 2360 4857 dicitur
2403 4796 2662 4857 fund-ata
2717 4814 2908 4877 super
2949 4797 3141 4858 fidem
3187 4799 3384 4877 Apos-

1812 4890 2126 4965 tolorum3
2187 4906 2317 4950 non
2380 4908 2532 4970 ergo
2601 4894 2804 4969 potest
2869 4910 3008 4953 esse
3059 4891 3263 4969 major
3317 4891 3385 4951 in

1814 4982 2114 5055 Ecclesia,
2143 4999 2335 5061 quam
2359 4983 2424 5043 in
2457 4985 2770 5064 Apostolis
2798 4984 3004 5046 fuerit.

1893 5079 1992 5137 11.
2031 5075 2434 5139 Sustinentw·
2472 5078 2786 5159 proedictoe
2827 5078 3076 5160 reyuloe,
3119 5082 3180 5141 ec
3217 5096 3382 5159 qaus-

1810 5170 1951 5233 dam
1983 5186 2100 5252 pro
2147 5167 2308 5251 ὄφείε
2329 5174 2644 5233 notamur.
2673 5204 2758 5219 -
2785 5172 2894 5232 His
2921 5188 3049 5232 non
3079 5172 3382 5233 obstanti-

1810 5263 1952 5339 bus,
1989 5262 2168 5324 dictae
2199 5263 2432 5343 regulae
2462 5264 2908 5329 convenienter
2937 5264 3258 5343 explicata}
3277 5282 3383 5325 ve-

1810 5374 1897 5417 rte
1948 5362 2116 5430 sunt,
2149 5362 2212 5417 et
2253 5358 2435 5441 facile
2461 5364 2722 5437 possunt
2763 5358 2828 5418 in
2854 5358 3254 5419 concordiam
3281 5378 3380 5420 re-

1810 5449 1975 5511 duci.
1996 5450 2249 5529 Oportet
2267 5457 2482 5513 tamen
2499 5450 2802 5530 imprimis
2819 5450 3202 5529 distinguere
3221 5451 3383 5513 inter

1811 5560 2210 5605 communem
2235 5544 2485 5623 plebem
2513 5544 2792 5605 fidelium
2829 5552 2893 5606 et
2922 5545 3240 5624 Principes
3265 5562 3381 5607 seu

1810 5638 2017 5718 capita
2045 5637 2358 5711 Ecclesiae,
2401 5642 2462 5699 et
2511 5654 2656 5699 cum
2695 5638 3094 5720 proportione
3125 5656 3382 5725 compa·
