3900 6217
596 399 764 453 SEC'I'.
799 399 884 452 lv,
921 399 1002 450 AN
1035 397 1182 452 SPES
1213 399 1458 454 ELICIAT
1491 399 1614 452 NON
1647 397 1846 452 SOLUM
1881 397 2079 450 ACTUS
2112 398 2472 451 TENDENTES
2504 400 2567 452 m
2598 399 2824 458 BONUM,
2863 399 2996 452 ETC.

217 507 425 582 quaest.
457 503 514 562 3.
543 499 723 564 Ratio
761 505 878 576 est,
916 499 1062 578 quia
1101 501 1296 560 virtus
1332 500 1534 560 tendit
1564 500 1628 560 in
1657 497 1766 558 bo·

217 615 383 672 num,
427 602 498 656 ut
525 594 648 669 sic;
684 593 787 654 hic
818 601 1028 653 autem
1066 593 1252 654 timor
1281 613 1408 654 non
1447 600 1655 654 movet
1686 592 1764 652 ad

215 687 584 770 operandum
621 706 698 748 ex
725 705 936 747 amore
972 684 1140 746 boni.
1185 688 1262 747 At
1307 706 1432 747 non
1479 693 1642 747 recte
1671 687 1766 746 in-

212 781 401 860 telligi
439 786 637 861 potest
675 779 838 860 quod
869 778 1121 856 dicunt3
1150 798 1296 840 nam
1323 780 1426 840 hic
1455 780 1642 840 timor
1671 784 1763 839 est

213 876 421 948 bonuS,
445 881 506 937 et
521 875 816 936 honestus
838 893 911 934 ex
935 873 1205 952 objecto;
1235 891 1382 951 ergo
1403 878 1463 934 et
1486 873 1756 944 habituS,
1793 937 1798 942 ,

213 989 246 1030 a
273 988 392 1050 quo
414 967 676 1044 elicitur,
704 973 796 1028 est
821 967 1022 1030 bonus
1049 985 1124 1027 ex
1153 967 1393 1047 objecto
1415 990 1433 1042 ;
1464 986 1610 1047 ergo
1641 969 1760 1028 vir·

213 1069 338 1138 tus;
366 1068 430 1122 et
455 1079 581 1122 non
609 1059 732 1122 alia
757 1059 878 1122 nisi
900 1077 1036 1138 spes
1064 1079 1078 1132 ;
1109 1079 1321 1138 quare,
1355 1067 1472 1121 etc.
1523 1061 1616 1120 Ad
1665 1080 1762 1122 ra-

211 1155 432 1214 tionem
468 1152 870 1232 respondetur
903 1151 1068 1213 bunc
1093 1159 1301 1212 actum
1331 1151 1659 1232 procedere
1692 1171 1769 1214 ex

209 1265 410 1310 amore
446 1247 620 1324 boni,
638 1249 820 1326 juxta
847 1245 1080 1306 dictum
1119 1246 1473 1325 Augustini,
1513 1246 1654 1307 libr.
1687 1249 1764 1310 83

212 1340 648 1416 Quaestionum,
701 1345 916 1420 qnaest.
961 1341 1039 1401 33
1079 1356 1096 1401 2
1139 1340 1326 1404 Nulli
1365 1341 1607 1404 dubium
1649 1345 1761 1416 est,

209 1435 422 1514 inquit,
470 1435 704 1498 nullam
742 1435 929 1498 aliam
973 1451 1098 1498 esso
1147 1435 1446 1498 metuendi
1490 1451 1759 1510 oausam,

210 1529 325 1592 nisi
348 1530 420 1592 id
435 1530 600 1610 quod
619 1547 912 1593 amamus.

283 1624 374 1682 12.
423 1619 684 1702 objectio
728 1629 939 1687 contra
967 1623 1119 1689 duas
1153 1622 1407 1685 ultimas
1436 1623 1762 1686 conclusio-

209 1735 323 1780 nes.
342 1749 424 1762 —
445 1714 811 1780 Soluci0.—
832 1716 948 1778 Sed
977 1723 1252 1796 superest
1273 1716 1341 1776 in
1370 1715 1487 1776 hac
1517 1723 1579 1777 et
1613 1735 1764 1796 prae-

209 1811 436 1874 cedenti
469 1810 860 1872 conclusione
897 1809 1247 1871 difficultas.
1283 1811 1436 1870 Nam
1469 1828 1546 1871 ex
1583 1809 1762 1872 dictis

211 1906 472 1984 sequitur
498 1905 787 1966 timorem
822 1904 1108 1966 servilem
1134 1904 1299 1964 hunc
1339 1902 1598 1979 bonum,
1635 1923 1761 1965 non

210 1998 398 2068 solum
431 1995 922 2073 accidentaliter,
945 1997 1050 2058 sed
1085 1997 1494 2058 essentialiter
1516 1995 1760 2058 differre

209 2093 279 2152 ab
315 2091 433 2152 alio
471 2091 696 2152 timore
733 2089 970 2168 servili3
1010 2097 1074 2152 at
1103 2089 1479 2151 contrarium
1519 2089 1764 2150 videtur

210 2187 413 2248 docere
461 2186 531 2245 D.
587 2185 874 2255 'I'homa3‚
917 2190 1134 2264 quaest.
1176 2183 1284 2242 illa
1333 2185 1426 2258 ¹9,
1477 2186 1647 2246 artie.
1677 2187 1760 2245 4:

221 2280 296 2344 Ut
332 2279 486 2340 enim
529 2278 904 2356 informitas,
943 2277 1173 2355 inquit,
1219 2277 1298 2339 ad
1332 2277 1580 2358 speciem
1619 2278 1765 2354 fidei

210 2371 471 2449 informis
528 2391 647 2434 mon.
683 2371 983 2452 pertinet,
1032 2375 1128 2434 ita
1178 2389 1281 2434 neo
1325 2370 1631 2434 servilitas
1687 2373 1770 2434 ad

212 2470 488 2529 timorem.
547 2468 622 2527 Et
647 2466 784 2526 haec
821 2465 1066 2526 videtur
1109 2465 1456 2525 communis
1495 2464 1764 2526 scriben-

210 2564 350 2624 tium
391 2561 722 2622 sententia.
768 2542 1197 2640 Respondetur
1237 2559 1626 2620 concedendo
1673 2579 1765 2621 se-

211 2657 437 2738 quelam
459 2672 482 2734 3
515 2655 815 2716 differunt
835 2655 1002 2716 euim
1031 2653 1123 2714 illi
1145 2656 1396 2715 timores
1421 2654 1486 2714 in
1515 2652 1764 2714 formali

209 2751 452 2824 ratione,
494 2750 785 2828 quamvis
822 2749 888 2808 in
925 2746 1228 2809 materiali
1268 2746 1595 2808 videantur
1623 2765 1763 2807 con-

211 2841 426 2902 venire.
479 2842 596 2902 Est
644 2843 813 2902 enim
863 2848 1122 2920 uterque
1175 2840 1360 2900 timor
1404 2857 1624 2920 poenae,
1658 2838 1764 2900 sed

213 2937 349 2998 alter
397 2943 492 2998 est
550 2955 736 3016 super
782 2937 1015 3010 omnia,
1073 2941 1254 3014 atque
1312 2933 1465 2996 adeo
1513 2935 1764 3014 respicit

215 3047 441 3108 poenam
469 3036 548 3090 ut
575 3047 888 3090 summum
915 3029 1173 3104 malum,
1205 3028 1364 3107 qnod
1396 3045 1610 3088 revera
1637 3045 1763 3086 non

215 3129 324 3196 est3
353 3121 512 3183 alter
548 3139 689 3183 vero
715 3121 1009 3182 honestus
1040 3121 1227 3181 timor
1251 3121 1449 3182 fertur
1477 3119 1591 3180 sub
1621 3138 1766 3180 vera

212 3228 264 3276 et
298 3216 549 3295 propria
591 3216 829 3277 ratione
865 3215 1038 3288 mali,
1077 3233 1213 3294 quae
1252 3215 1318 3276 in
1359 3213 1597 3293 objecto
1637 3219 1725 3274 est
1740 3230 1760 3291 3

210 3311 352 3370 sicut
381 3311 587 3372 odisse
620 3311 891 3389 eulpam,
928 3315 998 3370 ut
1029 3326 1343 3370 summum
1375 3309 1634 3382 malum,
1666 3307 1768 3368 vel

209 3403 396 3465 solum
431 3411 502 3464 ut
547 3422 794 3465 causam
823 3403 972 3464 mali
998 3422 1217 3482 poenae,
1247 3408 1390 3462 sunt
1425 3407 1594 3461 actus
1627 3400 1768 3461 sub-

209 3498 420 3558 stantia
461 3505 528 3558 et
567 3499 828 3560 essentia
859 3497 1228 3566 differentes,
1264 3501 1326 3555 et
1366 3493 1520 3554 illud
1554 3493 1763 3553 odium

211 3589 365 3670 prius
407 3590 678 3668 pertinet
723 3589 798 3650 ad
845 3589 1301 3663 contritionem,
1343 3587 1461 3647 hoc
1501 3604 1647 3646 vero
1687 3585 1766 3645 ad

212 3683 582 3744 attritionem
607 3700 630 3760 3
657 3682 941 3744 similiter
967 3700 1175 3743 amare
1198 3681 1433 3742 bonum
1461 3689 1756 3750 creatum,

212 3783 274 3838 nt
313 3777 608 3838 ultimum
664 3776 854 3838 finem
915 3782 978 3836 et
1025 3793 1340 3836 summum
1389 3774 1648 3848 bonum,
1704 3777 1767 3832 et

212 3889 402 3932 amare
447 3869 606 3930 illud
641 3871 876 3932 bonum
915 3877 1098 3948 prout
1138 3869 1333 3929 amari
1382 3867 1588 3940 debet,
1621 3870 1767 3926 sunt

211 3972 368 4026 actus
415 3965 829 4028 essentialiter
873 3963 1251 4036 differentes;
1305 3962 1460 4023 sicut
1496 3961 1766 4040 denique

213 4059 466 4133 tristitia,
498 4076 694 4138 quam
733 4057 920 4118 habet
952 4058 1139 4118 bomo
1176 4056 1500 4116 damnatus
1540 4055 1614 4113 de
1657 4071 1769 4113 sua

217 4167 404 4228 poena,
439 4158 532 4212 est
559 4150 965 4212 essentialiter
994 4149 1235 4210 diversa
1263 4145 1340 4208 ab
1369 4147 1629 4208 honesta
1660 4146 1769 4205 tri-

215 4245 366 4304 stitia
395 4263 587 4323 quam
632 4243 860 4304 hahere
906 4248 1107 4324 potest
1138 4242 1339 4302 viator
1381 4239 1456 4301 de
1494 4240 1770 4320 periculo

215 4333 366 4396 illius
407 4353 636 4416 poenae,
685 4355 870 4416 quam
912 4335 1174 4396 incurrit
1214 4333 1545 4414 peccando,
1601 4333 1769 4395 Unde

217 4445 340 4489 cum
361 4429 428 4488 D.
443 4429 714 4490 Thomas
731 4429 875 4489 dicit
893 4429 1179 4489 timorem
1197 4426 1507 4501 servilem,
1531 4426 1767 4487 malum

217 4520 272 4580 in
295 4521 656 4594 substantia,
686 4538 858 4600 posse
884 4539 1134 4582 manere
1155 4519 1286 4580 sine
1311 4521 1631 4594 servitute,
1659 4537 1768 4597 per

217 4615 606 4694 substantiam
636 4613 928 4692 intelligit
955 4631 1348 4675 communem
1387 4631 1495 4672 seu
1527 4613 1770 4689 generi-

219 4710 717 4783 cam‘rationem,
764 4725 872 4770 seu
921 4706 1488 4768 denominationem
1531 4705 1769 4764 timoris

219 4801 463 4875 servilis,
487 4806 796 4880 quatenus
817 4819 894 4862 ex
917 4799 1154 4877 objecto
1181 4798 1484 4858 materiali
1507 4797 1772 4858 desumi-

217 4899 328 4970 tur,
353 4896 516 4974 quod
545 4902 636 4956 est
660 4913 866 4974 poena‚
889 4901 960 4954 ut
986 4912 1063 4954 ex
1087 4893 1392 4953 solutione
1414 4893 1491 4952 ad
1517 4893 1770 4953 tertium

219 4985 392 5065 hujus
461 4988 709 5048 articuli
787 4986 1026 5048 desumi
1094 4991 1330 5064 potest3
1403 4991 1773 5064 quapropter

222 5081 562 5160 exemplum
599 5080 776 5156 illud,
823 5081 901 5140 de
945 5079 1067 5139 fide
1109 5077 1383 5150 informi,
1417 5083 1478 5138 et
1517 5078 1650 5156 ejus
1670 5077 1772 5136 in-

219 5171 540 5246 formitate,
585 5192 708 5253 quo
753 5173 949 5232 utitur
995 5173 1064 5234 D.
1106 5171 1392 5246 Thomas,
1438 5189 1564 5230 non
1605 5175 1774 5230 tenet

221 5282 324 5324 nce
351 5265 824 5346 intelligendum
852 5270 943 5326 est
966 5264 1031 5324 in
1060 5263 1370 5336 omnihuS,
1399 5268 1469 5323 ut
1497 5267 1666 5342 patet
1695 5280 1772 5322 ex

223 5357 414 5418 dictis¹
437 5360 617 5420 :fides
643 5361 814 5420 enim
843 5359 1126 5420 informis
1150 5376 1278 5418 non
1307 5363 1397 5416 est
1424 5356 1610 5430 mala,
1644 5355 1770 5414 imo

246 5583 252 5589 -
302 5546 316 5580 ¹
362 5543 428 5603 In
447 5549 711 5605 tractatu
728 5541 804 5634 de
817 5543 988 5616 Fide,
1007 5541 1162 5624 disp.
1186 5545 1248 5619 6,
1261 5546 1407 5603 sect.
1431 5545 1493 5618 7,
1516 5559 1551 5600 a
1579 5557 1641 5600 n.
1666 5537 1763 5598 10.

3280 389 3397 454 613

1845 517 1959 559 nec
2004 517 2279 586 unquam
2321 503 2489 558 actus
2520 499 2653 576 ejus
2687 497 2836 557 mali
2864 503 3031 572 sunt,
3075 495 3261 557 etiam
3290 517 3401 576 per

1846 593 2409 654 denominationem
2452 593 2859 652 extrinsecam
2890 591 2969 651 ab
3004 597 3143 650 actu
3186 591 3401 652 volun·

1845 687 2008 762 tatis,
2036 693 2106 746 ut
2126 686 2276 747 alias
2301 687 2570 747 diximus
2584 702 2603 762 3
2630 685 2733 744 ille
2757 702 2902 744 vero
2922 685 3110 744 timor
3136 685 3397 762 serviliS,

1843 780 1950 858 qni
2014 779 2213 840 malus
2268 785 2389 855 est,
2452 784 2514 839 et
2566 779 2893 838 intrinsece
2944 783 3005 838 et
3062 777 3401 838 formaliter

1841 871 1981 933 talis
2009 879 2120 934 est.

1925 969 2022 1026 13.
2074 965 2308 1040 Quarta
2334 967 2649 1031 conclusio.
2686 997 2767 1011 —
2796 965 3074 1045 objectio.
3101 997 3181 1010 -
3222 962 3406 1028 Solu-

1845 1059 1926 1122 tio
1978 1063 2367 1140 quorumdam
2414 1062 2789 1142 improbatur
2850 1061 3076 1140 primo,
3130 1091 3212 1104 —-
3260 1059 3400 1118 Dico

1850 1160 2071 1234 quarto
2104 1169 2120 1215 ε
2154 1154 2341 1215 timor
2366 1153 2573 1215 filialis
2597 1158 2658 1214 et
2688 1153 2943 1214 initialis
2970 1157 3062 1213 est
3092 1152 3331 1213 elicitus
3364 1169 3402 1212 a

1849 1246 2148 1310 charitate
2168 1271 2183 1324 ;
2210 1253 2381 1328 patet
2406 1247 2636 1332 eisdem
2660 1245 3004 1308 rationibus
3028 1245 3250 1326 quibus
3280 1253 3402 1307 ter·

1845 1342 1933 1402 tia
1962 1341 2291 1417 conclusio,
2320 1341 2863 1423 proportionaliter
2888 1357 2991 1402 eas
3010 1339 3398 1420 applicando.

1843 1435 1962 1497 Sed
2014 1440 2293 1516 superest
2340 1434 2670 1496 difficultas
2722 1448 2740 1494 t
2794 1451 2942 1494 nam
2994 1451 3067 1494 ex
3124 1435 3302 1494 tertia
3343 1440 3405 1495 et

1843 1534 2067 1608 quarta
2095 1527 2505 1604 conclusione,
2542 1527 2613 1590 fit
2643 1526 2885 1588 nullum
2916 1526 3205 1588 timorem
3242 1527 3399 1602 dari,

1843 1622 1951 1702 qui
1978 1623 2058 1683 sit
2084 1642 2281 1683 unum
2312 1641 2389 1685 ex
2408 1623 2584 1684 donis
2608 1629 2841 1704 septem
2868 1622 3130 1702 Spiritus
3158 1621 3401 1700 Sancti3

1842 1716 2091 1796 sequela
2132 1723 2325 1797 patet,
2365 1717 2512 1798 quia
2541 1735 2792 1778 omnem
2834 1717 3123 1777 timorem
3167 1715 3401 1777 bonum

1841 1811 2195 1871 reducimus
2236 1810 2315 1872 ad
2354 1829 2527 1892 spem
2582 1817 2644 1870 et
2686 1809 3073 1885 charitatem,
3114 1829 3227 1873 nec
3278 1811 3402 1873 dici

1844 1909 2042 1982 potest
2072 1905 2361 1966 timorem
2392 1906 2599 1966 vocari
2632 1904 2866 1966 donum
2895 1904 3156 1984 Spiritus
3198 1905 3406 1966 Sancti

1842 1995 1965 2057 lata
1993 1997 2464 2076 significatione,
2511 2016 2583 2059 eo
2621 1995 2803 2058 modo
2832 2017 2953 2076 quo
2983 1999 3183 2059 omnis
3211 1999 3405 2058 virtus

1844 2089 2049 2149 infusa
2095 2097 2187 2151 est
2230 2091 2497 2167 donum3
2550 2091 2932 2151 ostendimus
2982 2093 3147 2150 enim
3199 2089 3349 2149 alias
3383 2094 3401 2126 ²

1844 2189 2077 2262 septem
2117 2183 2224 2244 illa
2275 2186 2437 2246 dona
2484 2184 2783 2263 distingui
2837 2203 2873 2244 a
2926 2183 3277 2244 virtutibus,
3328 2185 3405 2244 Et

1844 2275 2245 2340 confirmatur
2278 2295 2356 2337 ex
2386 2278 2536 2338 Divo
2578 2277 2813 2338 Thema
2836 2323 2850 2350 ,
2898 2277 3069 2338 artic.
3123 2278 3185 2351 9,
3218 2277 3401 2336 citata

1846 2376 2061 2449 quaest.
2096 2374 2193 2444 19,
2235 2371 2344 2432 ubi
2384 2373 2670 2433 timorem
2708 2369 2960 2432 filialem
2984 2371 3203 2431 tribuit
3241 2369 3403 2431 dono

1846 2463 2111 2542 Spiritus
2154 2465 2383 2540 Sancti,
2425 2471 2487 2526 et
2524 2465 2800 2544 loquitur
2842 2465 3107 2545 proprie,
3141 2482 3284 2524 cum
3327 2464 3401 2524 de

1844 2557 2066 2618 timore
2095 2559 2304 2619 servili
2344 2561 2529 2620 etiam
2556 2559 2722 2619 bono
2751 2557 2815 2620 id
2850 2565 3034 2635 neget
3049 2573 3070 2635 3
3100 2577 3245 2618 nam
3276 2559 3397 2620 late

1843 2649 2173 2730 loquendo,
2219 2652 2321 2713 hic
2350 2654 2536 2714 timor
2558 2653 2745 2714 etiam
2771 2658 2862 2712 est
2879 2653 3112 2712 donum
3140 2652 3403 2731 Spiritus

1843 2744 2071 2804 Sancti.
2104 2746 2357 2826 Propter
2385 2747 2547 2806 hanc
2578 2745 3011 2824 obJectionem,
3047 2745 3239 2824 aliqui
3272 2763 3400 2805 cre-

1843 2837 2002 2899 dunt
2033 2839 2166 2900 dari
2187 2845 2391 2899 aetum
2420 2841 2662 2900 timoris
2704 2839 2910 2900 filialis
2955 2858 3080 2900 non
3127 2839 3400 2899 elicitum

1843 2931 1921 2991 ab
1967 2931 2093 2994 ulla
2122 2934 2348 2993 virtute
2395 2934 2624 3010 infusa,
2667 2933 2773 2993 sed
2814 2951 2852 2993 a
2894 2933 3146 3011 speciali
3180 2931 3401 2994 habitu

1846 3027 1955 3105 qui
1986 3024 2065 3085 sit
2103 3045 2295 3086 unum
2328 3045 2402 3087 ex
2432 3033 2665 3106 septem
2691 3026 2887 3088 donis.
2921 3027 3039 3088 Sed
3063 3045 3189 3088 non
3222 3027 3401 3087 video

1847 3121 2155 3199 quomodo
2183 3121 2299 3181 hoc
2344 3126 2502 3182 stare
2541 3122 2762 3200 possit;
2816 3139 2962 3181 nam
2992 3121 3043 3181 si
3087 3121 3149 3180 id
3180 3120 3405 3180 dicitur
3448 3115 3457 3122 '

1846 3213 1922 3273 de
1968 3214 2189 3274 timore
2230 3213 2426 3290 filiali,
2472 3215 2689 3274 eadem
2743 3214 2979 3275 ratione
3036 3223 3098 3273 et
3152 3231 3405 3294 propor-

1847 3305 2019 3367 tione
2064 3307 2302 3367 dicetur
2355 3306 2430 3368 de
2488 3308 2709 3367 timore
2749 3307 3074 3386 gehennas,
3125 3325 3270 3368 nam
3328 3307 3404 3366 ad

1850 3407 2180 3479 utrumque
2235 3419 2479 3461 movere
2539 3406 2738 3480 potest
2797 3401 3057 3480 Spiritus
3120 3401 3401 3468 Sanctus,

1848 3493 2013 3572 quod
2056 3499 2261 3554 tamen
2291 3493 2476 3553 iidem
2509 3513 2635 3553 non
2686 3493 3043 3554 admittunt.
3096 3493 3402 3568 Secunde,

1847 3585 2035 3645 timor
2062 3591 2152 3645 est
2192 3584 2272 3646 ab
2312 3585 2527 3646 eodem
2572 3585 2791 3647 habitu
2836 3606 2873 3648 a
2918 3605 3040 3666 quo
3096 3604 3271 3647 arnor
3285 3601 3305 3663 3
3356 3587 3407 3646 si

1846 3697 1994 3758 ergo
2027 3680 2208 3741 datur
2239 3680 2499 3760 speciale
2526 3681 2760 3742 donum
2798 3682 2877 3742 ad
2908 3682 3252 3742 timendum
3286 3679 3407 3740 dis·

1846 3772 2108 3833 tinctum
2142 3793 2177 3834 a
2212 3773 2513 3834 charitate
2547 3782 2608 3835 et
2650 3793 2780 3854 spe,
2828 3773 3078 3834 dabitur
3122 3773 3407 3834 similiter

1847 3865 1925 3926 acl
1966 3867 2341 3942 amandum3
2371 3867 2435 3926 id
2471 3875 2679 3928 autem
2709 3875 2797 3928 est.
2824 3868 3068 3942 falsum,
3114 3885 3259 3927 nam
3285 3867 3408 3928 tale

1848 3957 2083 4019 donum
2112 3965 2265 4020 esset
2306 3961 2631 4040 perfectius
2680 3961 2999 4034 charitate,
3053 3962 3197 4041 quia
3242 3961 3410 4037 obje-

1850 4059 2019 4113 ctum
2062 4054 2193 4132 ejus
2234 4054 2566 4134 attingeret
2611 4053 2900 4115 nobiliori
2944 4055 3147 4114 modo·
3202 4053 3410 4114 Tertio

1851 4147 2233 4207 ostendimus
2262 4147 2327 4208 in
2375 4149 2631 4209 materia
2660 4149 2735 4209 de
2766 4149 2987 4226 gratia,
3026 4150 3189 4210 circa
3218 4155 3411 4208 mate-

1852 4241 1975 4301 rias
1995 4241 2295 4301 virtutum
2326 4241 2818 4321 Theologalium,
2850 4241 3050 4302 nullos
3077 4261 3253 4322 posse
3283 4261 3410 4302 esse

1850 4338 2024 4394 actus
2056 4333 2403 4406 nobiliores,
2453 4342 2562 4394 aut
2608 4335 2897 4395 nobiliori
2939 4335 3119 4395 modo
3149 4335 3407 4411 elicitOS,

1849 4445 2037 4504 quam
2068 4427 2191 4486 sint
2218 4433 2390 4488 actus
2432 4426 2793 4488 earumdem
2838 4429 3139 4488 virtutum
3159 4430 3207 4488 ².

1930 4521 2029 4580 14.
2092 4519 2300 4583 Verior
2324 4522 2651 4600 responsiO,
2683 4523 2748 4583 de
2776 4539 2895 4602 qna
2923 4521 3052 4582 tide
3080 4521 3184 4583 cit.
3219 4540 3270 4585 c.
3308 4525 3411 4599 21,

1849 4631 1887 4672 a
1929 4631 1991 4672 n.
2030 4613 2126 4672 18.
2149 4644 2231 4657 —
2260 4613 2678 4694 Respondetzcr
2716 4615 2782 4674 in
2807 4618 3005 4692 forma
3038 4615 3119 4672 ad
3144 4615 3415 4685 obiectio-

1848 4725 2003 4768 nem.
2034 4705 2515 4785 —Quapropter
2555 4706 2883 4767 dicendum
2930 4712 3020 4767 est
3059 4707 3292 4766 donum
3338 4709 3414 4768 ti-

1854 4800 2041 4858 moris
2093 4805 2491 4859 numeratnm
2547 4799 2710 4860 inter
2756 4805 2988 4879 septem
3046 4801 3230 4874 dona,
3287 4820 3414 4872 non

1851 4909 1981 4952 esse
2007 4892 2333 4970 specialem
2360 4893 2643 4952 habitum
2680 4894 2787 4970 qui
2834 4900 3109 4954 versetur
3138 4894 3415 4972 proxime

1853 4985 2015 5044 circa
2067 4985 2284 5059 Deum,
2334 4985 2439 5044 sed
2490 5005 2619 5047 esse
2648 4983 2931 5045 habitum
2982 4987 3088 5064 qui
3136 4994 3415 5047 versatur

1853 5079 2015 5137 circa
2062 5078 2385 5137 materiam
2434 5079 2679 5138 virtutis
2715 5081 3160 5157 temperantias,
3210 5079 3417 5139 altiori
3470 5107 3487 5124 ·

1854 5176 2063 5232 tamen
2107 5172 2289 5231 modo
2331 5189 2518 5250 quam
2572 5173 2768 5232 virtus
2808 5172 3012 5233 infusa
3053 5192 3125 5234 ex
3170 5173 3416 5252 speciali

1854 5264 2150 5324 instinctu
2194 5263 2459 5345 Spiritus
2519 5265 2722 5326 Sancti
2743 5280 2763 5342 3
2811 5283 2949 5344 quac
3002 5271 3095 5325 est
3138 5265 3416 5325 doctrina

1935 5448 1951 5482 ¹
1998 5443 2295 5504 Videatur
2323 5441 2432 5502 lib.
2468 5445 2505 5503 2
2536 5440 2612 5502 de
2638 5441 2833 5512 Grat.,
2870 5461 2919 5502 c.
2952 5445 3051 5518 Π,
3084 5463 3120 5505 a
3150 5461 3213 5504 n.
3244 5445 3303 5504 7.

1930 5537 1958 5574 ²
1998 5537 2129 5597 Lib.
2159 5537 2197 5596 2
2225 5535 2303 5596 de
2331 5535 2529 5609 Grat.,
2554 5553 2607 5594 c.
2641 5537 2743 5611 21,
2770 5553 2835 5595 n.
2870 5537 2950 5597 25
