3900 6217
526 440 603 501 7-3
1006 442 1243 497 msmr.
1280 444 1359 497 ιιι.
1398 444 1477 498 m:
1510 443 1771 496 (misero
1808 440 2074 495 roxum}
2112 444 2290 506 riom,
2329 441 2406 496 ετ
2439 444 2730 507 Quouono
2767 446 2848 496 Aa
2884 442 3083 508 innuo,
3115 444 3250 498 Ετσ.

524 546 674 611 latio
714 547 985 619 mediate,
1012 548 1302 628 probatur
1338 548 1537 609 eadem
1578 547 1830 609 assertio
1855 546 2082 627 prima.

524 675 605 689 -
627 642 937 705 Probatur
972 642 1243 703 secundo.
1274 670 1355 687 --
1402 640 1629 703 Tertio.
1658 672 1739 687 --
1783 639 2088 700 Probatur

516 736 650 817 jam
680 735 874 796 altera
901 750 1065 813 pare,
1102 732 1331 795 scilicet
1358 734 1522 793 hanc
1552 732 1928 793 evidentiam
1961 750 2086 793 non

526 848 661 892 esse
692 828 1110 890 necessariam
1140 833 1394 906 propter
1416 826 1594 899 alioS,
1627 826 1791 905 quod
1816 826 2086 889 maxime

523 924 769 986 videtur
792 919 1059 984 voluisse
1090 921 1442 1000 CajctanuS.
1469 920 1625 981 Nam
1652 920 1978 999 imprimiS,
2007 920 2088 980 ad

524 1023 755 1078 certam
790 1015 979 1075 fidem
1016 1013 1397 1075 audientium
1430 1013 1579 1074 satis
1606 1018 1699 1074 est
1730 1018 1897 1075 certa
1926 1012 2085 1073 fides

524 1110 880 1171 docentium
906 1128 921 1181 ;
948 1108 1061 1169 sed
1088 1108 1149 1169 in
1182 1107 1549 1168 docentibus
1574 1106 1774 1185 potuit
1794 1124 1930 1167 esse
1951 1107 2086 1167 haec

524 1210 691 1265 ccrta
730 1203 887 1264 fides
917 1202 1048 1262 sine
1088 1200 1399 1261 evidentia
1432 1200 1844 1271 testificanti5‚
1888 1207 1954 1261 ut
1989 1218 2091 1261 os-

522 1307 769 1359 tonsum
801 1304 927 1367 est;
980 1314 1129 1375 ergo
1174 1295 1253 1355 ab
1300 1294 1387 1355 eis
1434 1299 1505 1355 ut
1550 1293 1635 1354 sic
1688 1294 2087 1354 credentibus

522 1394 767 1470 poterat
792 1389 1171 1450 sufficienter
1200 1388 1410 1449 doceri
1440 1388 1616 1463 fidos
1648 1388 1781 1447 sine
1810 1387 1933 1446 alia
1964 1386 2085 1446 evi-

522 1482 755 1543 dentia.
795 1482 975 1543 Dices
1022 1499 1271 1560 semper
1317 1482 1379 1541 in
1430 1481 1799 1542 Ductoribus
1848 1478 2084 1558 requiri

523 1576 953 1655 perfectiorem
1017 1575 1458 1652 cognitionem.
1517 1574 1951 1654 Respondetur
2008 1589 2086 1633 cx

522 1670 792 1742 Ferrar.,
823 1669 889 1728 in
934 1668 1077 1729 dict.
1114 1686 1251 1746 cap.
1282 1668 1385 1741 40,
1419 1668 1523 1729 lib.
1560 1671 1597 1729 3
1626 1674 1836 1729 contra
1872 1666 2080 1738 Gent.,

521 1762 755 1842 requiri
796 1761 1049 1841 quidem
1086 1761 1544 1841 perfectiorem,
1576 1762 1673 1822 vel
1703 1761 1912 1840 quoad
1946 1776 2083 1819 mo-

522 1858 558 1918 d
568 1876 670 1919 um
703 1855 1041 1935 recipiendi
1062 1856 1421 1916 immediate
1444 1874 1478 1914 a
1503 1856 1625 1916 Deo
1646 1873 1759 1933 per
1778 1855 2077 1933 seipsum,

522 1952 650 2011 sive
681 1968 794 2029 per
826 1948 1125 2027 angelos3
1156 1949 1255 2008 vel
1286 1948 1493 2027 quoad
1524 1948 1826 2028 majorem
1856 1946 2084 2007 intelli-

521 2044 797 2125 gentiam
848 2042 1323 2120 mysteriorum,
1360 2042 1689 2121 magisque
1726 2058 2088 2119 expressam

522 2136 941 2218 cognitionem
950 2152 968 2212 3
985 2140 1179 2197 totam
1201 2140 1412 2195 autem
1441 2134 1605 2195 hano
1626 2134 1929 2212 maj0rem
1950 2151 2090 2212 per-

522 2230 857 2291 fectionem
900 2248 1045 2289 cum
1076 2227 1455 2289 obscuritate
1498 2227 1669 2301 fidei,
1708 2233 1769 2289 et
1810 2227 1942 2287 sine
1986 2226 2089 2286 illa

524 2322 835 2383 evidentia
902 2320 1285 2382 testificantis
1348 2338 1487 2382 esse
1546 2319 1818 2399 potuisse
1837 2365 1857 2395 ,
1930 2320 2090 2380 sicut

522 2417 711 2477 etiam
758 2415 1071 2476 invenitur
1110 2433 1279 2474 nunc
1309 2414 1373 2474 in
1418 2414 1804 2490 DuctoribuS,
1834 2431 2088 2493 compa-

523 2508 763 2569 ratione
810 2506 975 2569 facta
1030 2506 1113 2567 ad
1160 2507 1430 2587 plebem.
1464 2506 1751 2567 Secundo
1790 2506 2091 2586 probatur

522 2602 714 2676 idem,
739 2602 884 2681 quia
914 2601 1097 2663 nobis
1120 2620 1243 2662 non
1268 2606 1511 2662 constat
1538 2600 1615 2661 de
1642 2601 1750 2661 tali
1780 2600 2088 2661 evidentia

523 2714 713 2776 quam
762 2696 1094 2757 habuerint
1145 2695 1333 2774 primi
1386 2696 1687 2755 Doctores
1742 2692 1925 2768 fidei,
1983 2694 2087 2773 qui

524 2790 872 2852 doctrinam
898 2790 1061 2850 hanc
1086 2788 1443 2849 immediate
1464 2808 1499 2849 a
1526 2790 1653 2849 Deo
1675 2795 2084 2867 acceperunt3

522 2902 675 2964 ergo
712 2889 926 2944 nostra
971 2881 1305 2943 credulitas
1347 2900 1473 2942 nou
1510 2881 1811 2942 fundatur
1838 2886 1905 2941 in
1948 2881 2091 2941 illo-

524 2996 664 3040 rum
695 2976 1041 3049 evidentia;
1072 2993 1217 3037 nam
1247 2975 1327 3036 ad
1346 2976 1464 3036 hoc
1479 2976 1741 3037 deberet.
1757 2975 1938 3036 nobis
1961 2981 2092 3036 tam

524 3077 693 3135 certo
735 3075 1021 3131 constare
1051 3068 1129 3129 de
1162 3069 1265 3129 illa
1312 3069 1647 3141 evidentia,
1682 3069 1842 3131 sicut
1870 3068 1949 3129 de
1995 3086 2094 3129 re—

525 3163 832 3226 velatione
852 3162 974 3224 illis
999 3162 1195 3236 facta;
1224 3180 1351 3224 uon
1372 3168 1581 3223 autem
1600 3161 1686 3222 ita
1712 3168 1828 3236 est,
1854 3168 1919 3222 ut
1944 3180 2094 3223 cone

525 3263 683 3329 stan
722 3274 871 3317 nam
900 3255 980 3316 de
1020 3255 1130 3317 tali
1164 3255 1474 3316 evidentia
1503 3254 1885 3323 dubitamus,
1918 3260 1982 3316 et
1999 3260 2095 3317 est

524 3349 979 3422 controversia;
1014 3368 1165 3430 ergo
1194 3350 1445 3429 signum
1474 3356 1568 3411 est
1594 3348 1775 3409 nobis
1804 3350 2091 3411 sufficere

526 3445 694 3526 quod
750 3444 839 3505 illi
892 3444 1224 3505 habuerint
1274 3442 1487 3518 iidem,
1540 3448 1603 3503 et
1644 3442 2090 3504 revelationem

524 3545 799 3611 certam;
848 3556 997 3620 ergo
1050 3536 1361 3599 evidentia
1411 3556 1537 3597 non
1570 3537 1687 3597 fuit
1740 3536 2092 3598 necessaria

524 3640 783 3715 propter
818 3652 955 3695 nos.
986 3632 1193 3694 Tertio
1235 3638 1329 3693 est
1372 3631 1528 3692 ratio
1558 3632 1909 3702 manifesta,
1944 3631 2094 3710 quia

525 3729 811 3810 quamvis
848 3729 1147 3790 revela'io
1190 3726 1339 3789 fidei
1366 3728 1448 3788 ad
1476 3746 1593 3787 nos
1624 3728 1947 3807 perveniat
1980 3744 2092 3805 per

524 3824 763 3902 priores
815 3822 1287 3902 preadicatur-es,
1332 3839 1459 3881 non
1506 3823 1720 3881 tamen
1776 3820 2092 3881 credimus

524 3918 865 3979 formaliter
894 3920 956 3978 et
986 3934 1099 3996 per
1126 3934 1216 3987 se,
1249 3915 1331 3976 ob
1354 3914 1603 3975 illorum
1634 3912 2088 3987 testimonium,

526 4009 640 4071 sed
668 4015 919 4090 propter
947 4008 1369 4070 testimonium
1394 4008 1506 4067 Dei
1530 4029 1547 4081 ;
1581 4024 1753 4085 ergo,
1787 4007 1929 4067 licet
1964 4005 2093 4067 evi·

524 4104 736 4165 dantia
760 4103 1145 4165 testificantis
1174 4102 1253 4162 de
1297 4101 1433 4161 visu
1476 4101 1553 4161 sit
1604 4100 1958 4161 necessaria
2011 4098 2094 4159 ad

527 4197 965 4259 certitudinem
996 4202 1227 4257 nostrae
1258 4193 1427 4266 fidei,
1458 4212 1586 4253 non
1615 4198 1711 4253 est
1738 4191 2092 4253 necessaria

526 4293 587 4355 in
620 4291 999 4361 hominibus,
1036 4288 1147 4350 sed
1180 4288 1243 4348 in
1282 4289 1405 4347 Deo
1438 4286 1598 4365 ipso,
1640 4285 1704 4345 iu
1734 4302 1921 4365 quem
1946 4284 2094 4345 ulti-

524 4392 691 4447 mate
716 4390 777 4445 et
796 4382 1140 4447 formaliter
1161 4380 1531 4442 resolvimus
1559 4384 1835 4441 nostram
1854 4378 2086 4451 fidem;

526 4496 677 4559 crgo
708 4476 1017 4539 evidentia
1060 4493 1135 4536 ex
1178 4479 1353 4554 parte
1381 4474 1787 4553 proponentis
1833 4492 1963 4533 non
1999 4477 2092 4534 est

524 4589 637 4651 per
664 4589 731 4632 se
774 4568 1153 4639 necessaria,
1184 4566 1295 4627 sed
1325 4564 1549 4626 sufficit
1588 4572 1758 4627 certa
1790 4566 2086 4647 cognitio,

525 4670 588 4726 et
612 4663 909 4725 revelatio
944 4680 1088 4723 cum
1110 4654 1434 4721 sufficienti
1462 4659 1884 4740 propositione
1910 4660 1972 4720 iu
1993 4678 2090 4719 ra·

523 4758 695 4819 tione
720 4756 1051 4819 credibilis.

604 4853 665 4913 9.
716 4850 932 4913 Cessat
958 4850 1117 4914 ratio
1152 4848 1430 4929 Cajetani
1448 4848 1709 4911 adducta
1736 4848 1803 4909 in
1824 4866 1992 4910 num.
2021 4848 2082 4909 6.

521 4974 603 4991 --·
632 4946 711 5005 Et
749 4943 833 5005 ita
886 4947 1089 5005 cessat
1126 4942 1281 5003 ratio
1324 4942 1625 5021 cajetani,
1664 4942 1875 5002 nullus
1919 4941 2089 5003 enim

526 5037 808 5117 sequitur
836 5054 1165 5116 processus
1186 5036 1247 5096 in
1274 5036 1783 5129 inflitit11m;n12m
1814 5035 2088 5095 sistimus

523 5131 589 5191 in
628 5128 757 5206 illo,
800 5130 906 5209 qui
938 5150 975 5191 a
1005 5131 1135 5193 Deo
1162 5130 1521 5191 immediate
1557 5130 1903 5190 doctrinam
1940 5127 2088 5189 fidei

524 5224 797 5303 accepit3
814 5224 917 5285 ille
935 5231 1148 5285 autem
1168 5228 1375 5304 potest
1394 5224 1565 5284 illam
1592 5222 1873 5303 accipere
1898 5222 2089 5283 etiam

524 5336 635 5398 per
665 5318 863 5379 solam
891 5318 1081 5379 fidem
1123 5324 1185 5379 et
1222 5336 1337 5397 per
1366 5318 1815 5379 revelationem
1863 5316 2090 5377 obscu-

522 5427 681 5482 ram,
726 5412 913 5472 etiam
956 5412 1165 5491 quoad
1208 5412 1409 5471 Deum
1455 5411 1863 5483 revelantem,
1916 5410 2092 5471 suffi-

524 5504 761 5566 cienter
778 5510 991 5566 tamen
1020 5506 1102 5565 ab
1138 5504 1273 5585 ipso
1300 5503 1706 5584 propositam,
1734 5503 1813 5563 ita
1848 5509 1912 5566 ut
1939 5502 2094 5564 obli-

528 5604 630 5680 get
656 5598 737 5659 ad
780 5598 1187 5673 credendum,
1234 5597 1437 5681 ipsum
1484 5616 1625 5661 esse
1663 5598 1767 5679 qui
1792 5596 2088 5679 loquitur,

2171 546 2410 607 etiamsi
2437 546 2757 609 evidenter
2783 563 2912 608 non
2941 554 3262 627 appareat.
3295 548 3516 624 Neque
3545 545 3744 607 etiam
3867 536 3869 547 '

2169 639 2314 701 inde
2343 640 2624 720 sequitur
2651 641 2860 720 aliqua
2885 640 3258 703 incertitudo
3281 640 3344 699 in
3373 638 3498 701 fide
3527 638 3747 700 Eccle-

2170 734 2296 807 siae,
2331 735 2500 815 quia,
2530 736 2674 796 licet
2697 750 2916 797 verum
2945 734 3026 796 sit
3055 740 3291 796 certam
3325 734 3520 795 fldem
3547 733 3748 795 redu-

2171 828 2432 889 cendam
2465 846 2627 900 esse,
2667 834 2728 889 et
2765 826 3303 889 subordinandam
3339 826 3524 887 alicui
3551 827 3746 887 elarae

2171 927 2233 984 et
2264 922 2531 983 evidenti
2565 921 2858 996 scientiae,
2893 928 3106 985 tamen
3129 922 3290 983 fides
3318 920 3634 993 Ecclesiae,
3675 927 3748 981 ut

2169 1015 2316 1087 dixi,
2373 1016 2490 1075 hoc
2537 1015 2724 1076 modo
2763 1014 2980 1076 nititur
3023 1016 3087 1075 in
3129 1014 3400 1076 evidenti
3445 1014 3744 1085 scientia,

2173 1128 2359 1189 quam
2388 1111 2556 1171 Deus
2595 1109 2728 1188 ipse
2759 1110 2951 1170 habet
2991 1109 3070 1171 de
3109 1109 3301 1171 rebus
3342 1126 3501 1188 quas
3553 1108 3748 1169 nobis

2167 1203 2425 1276 revelat,
2487 1220 2632 1263 cum
2671 1202 2977 1263 infallibili
3021 1203 3280 1265 veritate
3310 1202 3472 1282 ejus,
3515 1208 3578 1265 et
3610 1220 3748 1261 non

2167 1296 2234 1357 in
2261 1296 2568 1357 evidentia
2598 1296 3054 1375 cuiuscumque
3093 1295 3540 1376 proponentis;
3587 1312 3748 1355 nam

2169 1390 2472 1452 certitudo
2503 1390 2875 1469 cognitionis
2907 1406 2984 1449 ex
3009 1390 3258 1469 objecto
3283 1394 3345 1451 et
3363 1390 3600 1453 motivo
3619 1390 3750 1450 for·

2165 1484 2313 1544 mali
2341 1483 2647 1544 sumenda
2673 1486 2787 1557 est,
2817 1502 2944 1547 non
2973 1498 3050 1545 ex
3076 1484 3451 1563 applicante,
3477 1488 3550 1545 ut
3576 1482 3748 1543 infra

2167 1578 2355 1639 etiam
2385 1578 2572 1639 latius
2611 1578 2914 1639 dicemus.

2251 1675 2350 1733 10.
2394 1672 2494 1733 An
2520 1672 2589 1733 de
2605 1676 2764 1741 facto
2785 1669 2998 1753 quibus
3017 1676 3188 1746 sacta
3205 1676 3296 1734 est
3314 1670 3602 1734 revelatio
3621 1672 3748 1732 im-

2167 1762 2418 1827 mediate
2443 1765 2759 1829 habuerint
2799 1765 3024 1827 dictam
3053 1764 3440 1839 evidentiam,
3465 1770 3592 1827 esto
3620 1780 3750 1827 non

2159 1860 2350 1933 suerit
2377 1859 2731 1931 necessaria,
2768 1860 2835 1920 de
2853 1876 2964 1939 quo
2987 1860 3204 1927 latius,
3236 1861 3466 1941 disput.
3493 1860 3554 1929 6,
3583 1864 3741 1928 tect.

2167 1955 2224 2013 5.
2265 1984 2344 1999 --
2377 1948 2600 2027 Quibus
2635 1951 2941 2016 tribuatur
2959 1972 3116 2035 pars
3145 1956 3484 2034 affirmans.
3513 1982 3599 1997 -
3623 1952 3746 2013 Ei-

2169 2049 2298 2111 dem
2322 2053 2522 2125 favere
2540 2046 2776 2109 videtur
2793 2046 3178 2127 Augustinus
3205 2052 3265 2111 et
3291 2046 3746 2129 Scriptura—-

2171 2140 2296 2202 Sed
2353 2145 2594 2219 quaeret
2641 2140 2864 2218 aliquis
2917 2158 2998 2201 an
3049 2141 3130 2202 de
3190 2140 3355 2203 facto
3403 2138 3748 2201 habuerint

2171 2235 2331 2293 hanc
2364 2232 2739 2294 evidentiam
2771 2234 3115 2313 Prophetas,
3137 2234 3238 2295 vel
3267 2234 3395 2308 alii,
3428 2232 3660 2312 quibus
3679 2231 3752 2291 fi-

2169 2326 2280 2387 des
2305 2332 2399 2387 est
2423 2326 2782 2387 immediata
2811 2326 3106 2399 revelata,
3123 2328 3253 2389 sive
3275 2327 3395 2388 illis
3417 2326 3611 2387 fuerit
3637 2343 3754 2384 ne-

2171 2418 2462 2493 cessaria,
2491 2420 2618 2480 sive
2653 2438 2731 2482 ex
2761 2420 3132 2482 liberalitate
3161 2421 3272 2481 Dei
3309 2420 3391 2481 ad
3429 2420 3752 2499 majorem

2171 2512 2623 2575 abundantiam
2663 2513 2839 2586 data;
2873 2530 3022 2573 nam
3051 2513 3115 2574 in
3155 2514 3276 2575 hoc
3301 2530 3494 2575 sensu
3525 2512 3752 2574 viden-

2169 2614 2273 2669 tur
2293 2606 2472 2666 multi
2498 2606 2797 2685 Theologi
2823 2607 2942 2667 hoc
2963 2605 3303 2669 affirmare.
3335 2606 3526 2669 Favet
3549 2607 3752 2666 Divus

2169 2700 2440 2761 Thomas
2468 2699 2618 2759 locis
2647 2700 2869 2774 citatiS,
2900 2706 2963 2760 et
2994 2701 3240 2773 Sontas,
3275 2699 3340 2760 in
3371 2702 3432 2773 3,
3460 2698 3744 2760 distinct.

2169 2795 2272 2868 Ἡ,
2310 2797 2527 2871 quaest.
2563 2792 2766 2866 unica,
2807 2792 2844 2873 g
2875 2790 3078 2856 Sedsi
3103 2794 3448 2875 loquamur,
3475 2792 3586 2853 ubi
3613 2811 3750 2853 non

2172 2886 2363 2946 utitur
2391 2884 2556 2946 clare
2584 2886 2838 2945 nomine
2865 2884 3210 2958 evidentioe;
3240 2885 3388 2946 dicit
3419 2892 3638 2947 tamen
3667 2904 3754 2947 ex

2173 2978 2448 3040 efficacia
2477 2978 2588 3039 Dei
2619 2978 2981 3054 revelantiS,
3031 2979 3406 3057 Prophetam
3441 2979 3752 3040 habuisse

2174 3073 2596 3135 necessarium
2628 3090 2974 3147 assensum,
3019 3074 3191 3151 quod
3237 3074 3404 3134 Deus
3431 3080 3600 3134 esset
3638 3074 3752 3153 qui

2175 3170 2290 3230 sibi
2313 3169 2706 3248 loqueretur;
2741 3176 2803 3228 et
2829 3168 3007 3228 illum
3035 3168 3320 3247 sequitur
3349 3168 3605 3230 Gabriel
3637 3169 3748 3240 ibi,

2174 3261 2372 3325 conel.
2400 3264 2458 3334 7,
2483 3261 2591 3322 ubi
2612 3261 3034 3341 cognitionem
3055 3262 3244 3321 etiam
3269 3261 3630 3323 evidentem
3644 3280 3754 3322 vo-

2173 3360 2304 3428 cat;
2359 3354 2617 3415 inclinat
2659 3354 2848 3415 etiam
2884 3354 3258 3427 RicharduS,
3307 3354 3584 3417 distinct.
3643 3356 3752 3430 23,

2175 3448 2417 3510 articul.
2449 3450 2510 3519 8,
2544 3451 2812 3526 quaestd
2839 3466 2857 3520 3
2893 3452 2955 3507 et
2975 3447 3222 3521 Ferrar,
3243 3448 3282 3508 3
3300 3452 3518 3508 contra
3536 3448 3720 3509 Gent.
3737 3492 3758 3519 ,

2173 3560 2313 3621 cap.
2349 3544 2454 3615 40,
2479 3540 2638 3621 §Ad
2650 3540 3004 3604 evidentiam
3023 3541 3208 3621 hujus
3233 3540 3624 3622 difficultatis
3641 3565 3668 3613 ,·
3689 3546 3761 3601 ct

2173 3638 2369 3715 vega,
2398 3634 2504 3694 lib.
2527 3636 2567 3695 9
2591 3633 2656 3693 in
2675 3634 2978 3709 Trident„
3008 3652 3146 3713 cap.
3169 3636 3274 3707 30,
3302 3634 3594 3694 vet-sicul.
3621 3632 3760 3696 Ad-

2174 3726 2301 3791 didi
2329 3732 2552 3797 auem,
2581 3727 2689 3806 qui
2718 3726 2804 3787 ait
2832 3728 3174 3806 Prophetas
3213 3746 3340 3787 non
3383 3727 3588 3787 solum
3631 3728 3756 3787 ha·-

2171 3821 2384 3882 buisse
2440 3818 2878 3883 certitudinem
2921 3820 3094 3893 fidei,
3147 3820 3264 3881 sed
3300 3820 3494 3882 etiam
3537 3820 3760 3899 perfe-

2173 3914 2432 3977 ctiorem
2463 3919 2526 3974 et
2553 3913 3000 3994 augustiorem,
3044 3920 3106 3976 et
3139 3914 3428 3987 fortasse,
3478 3915 3588 3988 ait,
3624 3914 3762 3976 evi-

2172 4008 2478 4080 dentiam,
2513 4007 2642 4067 sive
2687 4006 3047 4069 immediate
3075 4026 3189 4087 per
3213 4008 3436 4069 lumen
3469 4008 3760 4086 Prophe-

2173 4104 2385 4174 ticum,
2411 4103 2542 4162 sive
2559 4119 2670 4181 per
2690 4100 3066 4175 discursum,
3097 4108 3214 4163 etc.
3239 4102 3503 4164 Videtur
3525 4102 3760 4165 favere

2174 4196 2581 4275 AugustinuS,
2617 4199 2684 4256 Η
2708 4195 2787 4256 de
2815 4195 3018 4269 Civit.,
3053 4214 3192 4274 cap.
3228 4198 3288 4271 3,
3329 4196 3482 4257 dum
3511 4196 3633 4259 ait:
3660 4198 3766 4261 De

2171 4286 2569 4352 invisibilibus
2597 4294 2825 4371 oportet
2845 4290 3076 4352 credere
3105 4288 3224 4363 bis,
3248 4292 3354 4370 qui
3377 4289 3445 4351 in
3469 4291 3766 4369 incorpo-

2171 4403 2270 4447 reo
2294 4382 2515 4446 lumine
2541 4384 2666 4447 boeo
2687 4382 2986 4465 disposita
3003 4402 3128 4446 esse
3157 4384 3522 4447 didicerunt.
3555 4382 3766 4447 Favet

2173 4476 2445 4554 denique
2483 4475 2711 4536 modus
2751 4475 3048 4554 loquendi
3101 4476 3462 4557 Scripturae,
3515 4478 3582 4539 iu
3621 4496 3766 4556 qua

2176 4571 2500 4650 Prophetae
2558 4568 2954 4649 appellantur
3003 4570 3292 4643 videntes,
3339 4570 3421 4631 de
3465 4588 3594 4649 quo
3618 4570 3764 4651 legi

2172 4667 2379 4742 potest
2415 4662 2712 4733 Isidorus,
2747 4661 2886 4723 libr.
2917 4664 2950 4722 *1
2985 4662 3371 4741 Etymolog„
3409 4680 3548 4743 cap.
3590 4664 3655 4736 8,
3691 4672 3766 4725 et.

2170 4763 2266 4817 est
2292 4756 2564 4834 optimus
2591 4756 2786 4827 locus,
2828 4759 2858 4815 ἑ
2889 4758 3039 4835 Reg.
3065 4756 3168 4830 23,
3203 4755 3309 4816 ubi
3327 4756 3528 4817 David
3559 4757 3752 4818 dicit:

2169 4850 2334 4912 Mihi
2359 4850 2596 4913 locutus
2623 4852 2714 4913 est
2733 4850 2918 4928 fortis
2943 4848 3147 4912 Israel
3183 4852 3527 4913 dominator
3555 4852 3762 4913 bomi-

2169 4962 2334 5016 nwm,
2362 4943 2520 5006 sicut
2539 4944 2647 5006 lum
2673 4960 2931 5017 awroroe,
2967 4942 3191 5005 oriente
3217 4944 3346 5007 solo
3373 4960 3577 5017 mane,
3609 4944 3762 5007 abs-

2169 5056 2278 5119 que
2305 5037 2558 5101 nubilm
2575 5036 2816 5099 rutilat.

2255 5132 2350 5191 11.
2393 5128 2705 5192 Judicixm
2733 5130 3002 5193 auctoris
3037 5130 3104 5191 in
3133 5132 3240 5193 Ιιοσ
3267 5132 3472 5205 dubio,
3498 5150 3632 5212 quae
3659 5138 3764 5196 est

2169 5224 2430 5287 secunda
2485 5224 2739 5286 assertio
2787 5222 2856 5283 in
2884 5223 3114 5298 ordine,
3157 5227 3216 5286 ot
3265 5220 3636 5288 bimembris.
3673 5256 3758 5273 —-

2169 5318 2478 5381 Probatur
2500 5316 2764 5395 primum
2791 5316 3136 5379 membrum.
3159 5348 3242 5363 --
3265 5316 3580 5381 Abrabam
3629 5336 3763 5381 nou

2170 5411 2337 5473 novit
2361 5408 2656 5471 evidenter
2683 5408 2801 5473 sibi
2833 5410 3093 5491 proeoipi
3119 5428 3161 5473 a
3187 5411 3310 5475 Deo
3342 5412 3754 5493 sacrificium.

2172 5535 2253 5551 -—
2281 5502 2429 5564 Mihi
2473 5506 2684 5561 autem
2726 5501 2789 5561 in
2821 5501 2940 5562 hoc
2961 5500 3210 5564 videtur
3256 5504 3760 5568 multo,certius

2175 5612 2338 5673 esse,
2359 5594 2706 5676 Prophetas
2749 5592 3046 5657 habuisse
3091 5595 3310 5672 fidem,
3353 5596 3434 5660 de
3460 5598 3560 5659 his
3605 5618 3757 5682 quae
