<?xml version="1.0" encoding="UTF-8"?>
<!DOCTYPE html PUBLIC "-//W3C//DTD XHTML 1.0 Transitional//EN"
    "http://www.w3.org/TR/xhtml1/DTD/xhtml1-transitional.dtd">
<html xmlns="http://www.w3.org/1999/xhtml" xml:lang="en" lang="en">
 <head>
  <title>
</title>
<meta http-equiv="Content-Type" content="text/html;charset=utf-8" />
  <meta name='ocr-system' content='tesseract 3.04.00' />
  <meta name='ocr-capabilities' content='ocr_page ocr_carea ocr_par ocr_line ocrx_word'/>
</head>
<body>
  <div class='ocr_page' id='page_1' title='image "./rpfranciscisuar00duvagoog_0458.png"; bbox 0 0 3900 6217; ppageno 0'>
   <div class='ocr_carea' id='block_1_1' title="bbox 550 410 669 473">
    <p class='ocr_par' dir='ltr' id='par_1_1' title="bbox 550 410 669 473">
     <span class='ocr_line' id='line_1_1' title="bbox 550 410 669 473; baseline -0.017 0"><span class='ocrx_word' id='word_1_1' title='bbox 550 410 669 473; x_wconf 70' lang='lat'>440</span> 
     </span>
    </p>
   </div>
   <div class='ocr_carea' id='block_1_2' title="bbox 1043 410 3265 479">
    <p class='ocr_par' dir='ltr' id='par_1_2' title="bbox 1043 410 3265 479">
     <span class='ocr_line' id='line_1_2' title="bbox 1043 410 3265 479; baseline -0.002 -10"><span class='ocrx_word' id='word_1_2' title='bbox 1043 415 1279 470; x_wconf 79' lang='lat' dir='ltr'>msrn&#39;r.</span> <span class='ocrx_word' id='word_1_3' title='bbox 1317 418 1488 469; x_wconf 65' lang='lat' dir='ltr'>xt&#39;m.</span> <span class='ocrx_word' id='word_1_4' title='bbox 1526 417 1606 469; x_wconf 76' lang='lat' dir='ltr'>DE</span> <span class='ocrx_word' id='word_1_5' title='bbox 1638 414 1844 468; x_wconf 72' lang='lat' dir='ltr'>ntssnzls</span> <span class='ocrx_word' id='word_1_6' title='bbox 1879 414 2097 477; x_wconf 72' lang='lat' dir='ltr'>QUIBUS</span> <span class='ocrx_word' id='word_1_7' title='bbox 2130 416 2233 467; x_wconf 82' lang='lat' dir='ltr'>UTI</span> <span class='ocrx_word' id='word_1_8' title='bbox 2267 416 2447 469; x_wconf 78' lang='lat' dir='ltr'>met-:T</span> <span class='ocrx_word' id='word_1_9' title='bbox 2482 418 2565 469; x_wconf 77' lang='lat' dir='ltr'>An</span> <span class='ocrx_word' id='word_1_10' title='bbox 2598 412 3097 479; x_wconf 74' lang='lat' dir='ltr'>coNvEuTENDOS,</span> <span class='ocrx_word' id='word_1_11' title='bbox 3132 410 3265 465; x_wconf 83' lang='lat' dir='ltr'>ETC.</span> 
     </span>
    </p>
   </div>
   <div class='ocr_carea' id='block_1_3' title="bbox 551 515 3695 599">
    <p class='ocr_par' dir='ltr' id='par_1_3' title="bbox 551 515 3695 599">
     <span class='ocr_line' id='line_1_3' title="bbox 551 515 3695 599; baseline -0.001 -14"><span class='ocrx_word' id='word_1_12' title='bbox 551 529 686 585; x_wconf 89' lang='lat' dir='ltr'>tum</span> <span class='ocrx_word' id='word_1_13' title='bbox 719 526 794 585; x_wconf 88' lang='lat' dir='ltr'>ad</span> <span class='ocrx_word' id='word_1_14' title='bbox 835 520 1318 585; x_wconf 87' lang='lat' dir='ltr'>conservandam</span> <span class='ocrx_word' id='word_1_15' title='bbox 1337 534 1548 599; x_wconf 88' lang='lat' dir='ltr'>pacem</span> <span class='ocrx_word' id='word_1_16' title='bbox 1568 518 1734 577; x_wconf 90' lang='lat' dir='ltr'>inter</span> <span class='ocrx_word' id='word_1_17' title='bbox 1759 518 1918 597; x_wconf 88' lang='lat' dir='ltr'>ipsos</span> <span class='ocrx_word' id='word_1_18' title='bbox 1944 517 2105 578; x_wconf 88' lang='lat' dir='ltr'>chri·</span> <span class='ocrx_word' id='word_1_19' title='bbox 2184 519 2274 581; x_wconf 82' lang='lat' dir='ltr'>lia</span> <span class='ocrx_word' id='word_1_20' title='bbox 2314 526 2479 596; x_wconf 73' lang='lat' dir='ltr'>sunt,</span> <span class='ocrx_word' id='word_1_21' title='bbox 2506 521 2613 582; x_wconf 77' lang='lat' dir='ltr'>sed</span> <span class='ocrx_word' id='word_1_22' title='bbox 2645 518 2917 598; x_wconf 67' lang='lat' dir='ltr'>potentia</span> <span class='ocrx_word' id='word_1_23' title='bbox 2956 519 3101 593; x_wconf 76' lang='lat' dir='ltr'>Dee,</span> <span class='ocrx_word' id='word_1_24' title='bbox 3132 520 3171 577; x_wconf 76' lang='lat'>2</span> <span class='ocrx_word' id='word_1_25' title='bbox 3210 515 3286 577; x_wconf 84' lang='lat' dir='ltr'>ad</span> <span class='ocrx_word' id='word_1_26' title='bbox 3329 518 3585 579; x_wconf 83' lang='lat' dir='ltr'>Corinth.</span> <span class='ocrx_word' id='word_1_27' title='bbox 3616 524 3695 583; x_wconf 75' lang='lat'>10.</span> 
     </span>
    </p>
   </div>
   <div class='ocr_carea' id='block_1_4' title="bbox 539 612 2117 5609">
    <p class='ocr_par' dir='ltr' id='par_1_4' title="bbox 550 612 2115 1341">
     <span class='ocr_line' id='line_1_4' title="bbox 551 612 2107 698; baseline -0.004 -20"><span class='ocrx_word' id='word_1_28' title='bbox 551 618 780 679; x_wconf 88' lang='lat' dir='ltr'>stianos</span> <span class='ocrx_word' id='word_1_29' title='bbox 812 618 1140 698; x_wconf 76' lang='lat' dir='ltr'>principeS,</span> <span class='ocrx_word' id='word_1_30' title='bbox 1175 621 1309 674; x_wconf 90' lang='lat' dir='ltr'>tum</span> <span class='ocrx_word' id='word_1_31' title='bbox 1341 612 1526 673; x_wconf 88' lang='lat' dir='ltr'>etiam</span> <span class='ocrx_word' id='word_1_32' title='bbox 1573 618 1643 671; x_wconf 85' lang='lat' dir='ltr'>ut</span> <span class='ocrx_word' id='word_1_33' title='bbox 1687 612 2107 690; x_wconf 83' lang='lat' dir='ltr'>unusquisque</span> 
     </span>
     <span class='ocr_line' id='line_1_5' title="bbox 553 703 2109 789; baseline -0.004 -18"><span class='ocrx_word' id='word_1_34' title='bbox 553 712 773 789; x_wconf 86' lang='lat' dir='ltr'>majori</span> <span class='ocrx_word' id='word_1_35' title='bbox 797 708 1206 771; x_wconf 86' lang='lat' dir='ltr'>sollicitudine</span> <span class='ocrx_word' id='word_1_36' title='bbox 1234 712 1522 786; x_wconf 89' lang='lat' dir='ltr'>procuret</span> <span class='ocrx_word' id='word_1_37' title='bbox 1541 704 1775 765; x_wconf 89' lang='lat' dir='ltr'>bonum</span> <span class='ocrx_word' id='word_1_38' title='bbox 1798 706 1967 783; x_wconf 88' lang='lat' dir='ltr'>genti</span> <span class='ocrx_word' id='word_1_39' title='bbox 1991 703 2109 765; x_wconf 88' lang='lat' dir='ltr'>sibi</span> 
     </span>
     <span class='ocr_line' id='line_1_6' title="bbox 552 798 2109 877; baseline -0.004 -14"><span class='ocrx_word' id='word_1_40' title='bbox 552 804 912 864; x_wconf 66' lang='lat' dir='ltr'>commissae.</span> <span class='ocrx_word' id='word_1_41' title='bbox 946 800 1120 864; x_wconf 85' lang='lat' dir='ltr'>Unde</span> <span class='ocrx_word' id='word_1_42' title='bbox 1150 798 1268 860; x_wconf 88' lang='lat' dir='ltr'>hoc</span> <span class='ocrx_word' id='word_1_43' title='bbox 1299 805 1496 859; x_wconf 90' lang='lat' dir='ltr'>totum</span> <span class='ocrx_word' id='word_1_44' title='bbox 1545 800 1809 877; x_wconf 81' lang='lat' dir='ltr'>pertinet</span> <span class='ocrx_word' id='word_1_45' title='bbox 1843 799 1921 858; x_wconf 84' lang='lat' dir='ltr'>ad</span> <span class='ocrx_word' id='word_1_46' title='bbox 1950 799 2109 858; x_wconf 85' lang='lat' dir='ltr'>Pon-</span> 
     </span>
     <span class='ocr_line' id='line_1_7' title="bbox 551 886 2112 977; baseline -0.003 -19"><span class='ocrx_word' id='word_1_47' title='bbox 551 897 778 958; x_wconf 83' lang='lat' dir='ltr'>tificem</span> <span class='ocrx_word' id='word_1_48' title='bbox 809 904 1103 977; x_wconf 87' lang='lat' dir='ltr'>tanquam</span> <span class='ocrx_word' id='word_1_49' title='bbox 1135 894 1212 955; x_wconf 89' lang='lat' dir='ltr'>ad</span> <span class='ocrx_word' id='word_1_50' title='bbox 1247 886 1648 973; x_wconf 73' lang='lat' dir='ltr'>principalem</span> <span class='ocrx_word' id='word_1_51' title='bbox 1685 898 2009 967; x_wconf 90' lang='lat' dir='ltr'>motorem,</span> <span class='ocrx_word' id='word_1_52' title='bbox 2042 899 2112 953; x_wconf 90' lang='lat' dir='ltr'>ut</span> 
     </span>
     <span class='ocr_line' id='line_1_8' title="bbox 552 986 2115 1069; baseline -0.003 -19"><span class='ocrx_word' id='word_1_53' title='bbox 552 992 639 1051; x_wconf 89' lang='lat' dir='ltr'>sic</span> <span class='ocrx_word' id='word_1_54' title='bbox 661 992 887 1069; x_wconf 87' lang='lat' dir='ltr'>dicam,</span> <span class='ocrx_word' id='word_1_55' title='bbox 933 1007 1076 1051; x_wconf 89' lang='lat' dir='ltr'>nam</span> <span class='ocrx_word' id='word_1_56' title='bbox 1125 1005 1298 1067; x_wconf 83' lang='lat' dir='ltr'>reges</span> <span class='ocrx_word' id='word_1_57' title='bbox 1345 994 1489 1047; x_wconf 89' lang='lat' dir='ltr'>sunt</span> <span class='ocrx_word' id='word_1_58' title='bbox 1537 986 1727 1047; x_wconf 80' lang='lat' dir='ltr'>veluti</span> <span class='ocrx_word' id='word_1_59' title='bbox 1771 1002 2005 1066; x_wconf 85' lang='lat' dir='ltr'>organa</span> <span class='ocrx_word' id='word_1_60' title='bbox 2052 992 2115 1047; x_wconf 88' lang='lat' dir='ltr'>et</span> 
     </span>
     <span class='ocr_line' id='line_1_9' title="bbox 551 1080 2114 1163; baseline -0.003 -18"><span class='ocrx_word' id='word_1_61' title='bbox 551 1086 961 1161; x_wconf 85' lang='lat' dir='ltr'>instrumenta</span> <span class='ocrx_word' id='word_1_62' title='bbox 985 1090 1117 1163; x_wconf 80' lang='lat' dir='ltr'>ejus</span> <span class='ocrx_word' id='word_1_63' title='bbox 1143 1100 1162 1161; x_wconf 90' lang='lat'>;</span> <span class='ocrx_word' id='word_1_64' title='bbox 1192 1090 1254 1144; x_wconf 92' lang='lat' dir='ltr'>et</span> <span class='ocrx_word' id='word_1_65' title='bbox 1284 1082 1422 1143; x_wconf 89' lang='lat' dir='ltr'>ideo</span> <span class='ocrx_word' id='word_1_66' title='bbox 1445 1080 1655 1141; x_wconf 90' lang='lat' dir='ltr'>nullus</span> <span class='ocrx_word' id='word_1_67' title='bbox 1681 1087 1882 1161; x_wconf 88' lang='lat' dir='ltr'>potest</span> <span class='ocrx_word' id='word_1_68' title='bbox 1911 1086 2114 1142; x_wconf 89' lang='lat' dir='ltr'>trans·</span> 
     </span>
     <span class='ocr_line' id='line_1_10' title="bbox 551 1176 2113 1258; baseline -0.003 -18"><span class='ocrx_word' id='word_1_69' title='bbox 551 1180 723 1258; x_wconf 81' lang='lat' dir='ltr'>gredi</span> <span class='ocrx_word' id='word_1_70' title='bbox 750 1181 1042 1241; x_wconf 86' lang='lat' dir='ltr'>terminos</span> <span class='ocrx_word' id='word_1_71' title='bbox 1070 1178 1188 1239; x_wconf 88' lang='lat' dir='ltr'>sibi</span> <span class='ocrx_word' id='word_1_72' title='bbox 1215 1176 1626 1257; x_wconf 76' lang='lat' dir='ltr'>praescriptoS,</span> <span class='ocrx_word' id='word_1_73' title='bbox 1653 1176 1799 1253; x_wconf 88' lang='lat' dir='ltr'>quia</span> <span class='ocrx_word' id='word_1_74' title='bbox 1839 1193 1967 1235; x_wconf 88' lang='lat' dir='ltr'>non</span> <span class='ocrx_word' id='word_1_75' title='bbox 2003 1192 2113 1254; x_wconf 87' lang='lat' dir='ltr'>po·</span> 
     </span>
     <span class='ocr_line' id='line_1_11' title="bbox 550 1273 1344 1341; baseline -0.006 -7"><span class='ocrx_word' id='word_1_76' title='bbox 550 1278 669 1335; x_wconf 86' lang='lat' dir='ltr'>test</span> <span class='ocrx_word' id='word_1_77' title='bbox 693 1276 950 1341; x_wconf 83' lang='lat' dir='ltr'>moveri,</span> <span class='ocrx_word' id='word_1_78' title='bbox 972 1273 1092 1333; x_wconf 88' lang='lat' dir='ltr'>nisi</span> <span class='ocrx_word' id='word_1_79' title='bbox 1123 1279 1344 1333; x_wconf 80' lang='lat' dir='ltr'>motus,</span> 
     </span>
    </p>

    <p class='ocr_par' dir='ltr' id='par_1_5' title="bbox 548 1360 2117 4600">
     <span class='ocr_line' id='line_1_12' title="bbox 631 1360 2116 1446; baseline -0.003 -18"><span class='ocrx_word' id='word_1_80' title='bbox 631 1369 691 1428; x_wconf 86' lang='lat'>8.</span> <span class='ocrx_word' id='word_1_81' title='bbox 715 1362 815 1428; x_wconf 77' lang='lat' dir='ltr'>An</span> <span class='ocrx_word' id='word_1_82' title='bbox 841 1366 1095 1445; x_wconf 76' lang='lat' dir='ltr'>defensio</span> <span class='ocrx_word' id='word_1_83' title='bbox 1115 1363 1584 1446; x_wconf 74' lang='lat' dir='ltr'>proedioatorum</span> <span class='ocrx_word' id='word_1_84' title='bbox 1605 1362 1751 1441; x_wconf 74' lang='lat' dir='ltr'>fidei</span> <span class='ocrx_word' id='word_1_85' title='bbox 1777 1360 1956 1424; x_wconf 78' lang='lat' dir='ltr'>liceat</span> <span class='ocrx_word' id='word_1_86' title='bbox 1976 1366 2116 1424; x_wconf 78' lang='lat' dir='ltr'>ante</span> 
     </span>
     <span class='ocr_line' id='line_1_13' title="bbox 550 1454 2113 1539; baseline -0.003 -18"><span class='ocrx_word' id='word_1_87' title='bbox 550 1460 849 1539; x_wconf 69' lang='lat' dir='ltr'>injuriam</span> <span class='ocrx_word' id='word_1_88' title='bbox 877 1460 1009 1520; x_wconf 77' lang='lat' dir='ltr'>illis</span> <span class='ocrx_word' id='word_1_89' title='bbox 1049 1459 1406 1539; x_wconf 74' lang='lat' dir='ltr'>irroyatam.</span> <span class='ocrx_word' id='word_1_90' title='bbox 1440 1490 1518 1500; x_wconf 89' lang='lat'><em>—</em></span> <span class='ocrx_word' id='word_1_91' title='bbox 1551 1454 1955 1529; x_wconf 76' lang='lat' dir='ltr'><strong><em>Quorumdam</em></strong></span> <span class='ocrx_word' id='word_1_92' title='bbox 1985 1472 2113 1516; x_wconf 78' lang='lat' dir='ltr'>sen-</span> 
     </span>
     <span class='ocr_line' id='line_1_14' title="bbox 553 1547 2113 1630; baseline -0.004 -17"><span class='ocrx_word' id='word_1_93' title='bbox 553 1553 740 1614; x_wconf 78' lang='lat' dir='ltr'>tentia</span> <span class='ocrx_word' id='word_1_94' title='bbox 769 1552 1181 1630; x_wconf 79' lang='lat' dir='ltr'>affirmativa.</span> <span class='ocrx_word' id='word_1_95' title='bbox 1198 1583 1281 1596; x_wconf 91' lang='lat'>—-</span> <span class='ocrx_word' id='word_1_96' title='bbox 1298 1547 1569 1611; x_wconf 77' lang='lat' dir='ltr'>Ulterius</span> <span class='ocrx_word' id='word_1_97' title='bbox 1595 1565 1742 1609; x_wconf 79' lang='lat' dir='ltr'>vero</span> <span class='ocrx_word' id='word_1_98' title='bbox 1772 1548 2113 1625; x_wconf 82' lang='lat' dir='ltr'>interroga-</span> 
     </span>
     <span class='ocr_line' id='line_1_15' title="bbox 551 1640 2115 1724; baseline -0.004 -18"><span class='ocrx_word' id='word_1_99' title='bbox 551 1644 644 1706; x_wconf 88' lang='lat' dir='ltr'>bit</span> <span class='ocrx_word' id='word_1_100' title='bbox 683 1645 904 1724; x_wconf 86' lang='lat' dir='ltr'>aliquis</span> <span class='ocrx_word' id='word_1_101' title='bbox 931 1645 1092 1704; x_wconf 87' lang='lat' dir='ltr'>circa</span> <span class='ocrx_word' id='word_1_102' title='bbox 1129 1640 1411 1703; x_wconf 89' lang='lat' dir='ltr'>eamdem</span> <span class='ocrx_word' id='word_1_103' title='bbox 1442 1640 1809 1711; x_wconf 82' lang='lat' dir='ltr'>doctrinam,</span> <span class='ocrx_word' id='word_1_104' title='bbox 1845 1646 1906 1701; x_wconf 89' lang='lat' dir='ltr'>et</span> <span class='ocrx_word' id='word_1_105' title='bbox 1954 1658 2115 1720; x_wconf 84' lang='lat' dir='ltr'>proe-</span> 
     </span>
     <span class='ocr_line' id='line_1_16' title="bbox 551 1732 2115 1808; baseline -0.004 -9"><span class='ocrx_word' id='word_1_106' title='bbox 551 1739 760 1800; x_wconf 86' lang='lat' dir='ltr'>sertim</span> <span class='ocrx_word' id='word_1_107' title='bbox 791 1739 953 1797; x_wconf 87' lang='lat' dir='ltr'>circa</span> <span class='ocrx_word' id='word_1_108' title='bbox 979 1736 1226 1797; x_wconf 89' lang='lat' dir='ltr'>tertiam</span> <span class='ocrx_word' id='word_1_109' title='bbox 1256 1734 1680 1808; x_wconf 79' lang='lat' dir='ltr'>assertionem,</span> <span class='ocrx_word' id='word_1_110' title='bbox 1722 1751 1802 1793; x_wconf 83' lang='lat' dir='ltr'>an</span> <span class='ocrx_word' id='word_1_111' title='bbox 1839 1732 1973 1793; x_wconf 87' lang='lat' dir='ltr'>haec</span> <span class='ocrx_word' id='word_1_112' title='bbox 2010 1732 2115 1793; x_wconf 91' lang='lat' dir='ltr'>de·</span> 
     </span>
     <span class='ocr_line' id='line_1_17' title="bbox 551 1828 2116 1911; baseline -0.003 -19"><span class='ocrx_word' id='word_1_113' title='bbox 551 1832 748 1893; x_wconf 83' lang='lat' dir='ltr'>fensio</span> <span class='ocrx_word' id='word_1_114' title='bbox 775 1828 1253 1911; x_wconf 70' lang='lat' dir='ltr'>praedicationis,</span> <span class='ocrx_word' id='word_1_115' title='bbox 1283 1847 1391 1889; x_wconf 87' lang='lat' dir='ltr'>seu</span> <span class='ocrx_word' id='word_1_116' title='bbox 1417 1828 1886 1907; x_wconf 86' lang='lat' dir='ltr'>praedicatorum</span> <span class='ocrx_word' id='word_1_117' title='bbox 1915 1828 2116 1887; x_wconf 82' lang='lat' dir='ltr'>Evan-</span> 
     </span>
     <span class='ocr_line' id='line_1_18' title="bbox 553 1920 2114 2003; baseline -0.003 -18"><span class='ocrx_word' id='word_1_118' title='bbox 553 1926 722 2003; x_wconf 86' lang='lat' dir='ltr'>gelii,</span> <span class='ocrx_word' id='word_1_119' title='bbox 756 1923 956 1985; x_wconf 88' lang='lat' dir='ltr'>solum</span> <span class='ocrx_word' id='word_1_120' title='bbox 981 1922 1164 1983; x_wconf 89' lang='lat' dir='ltr'>liceat</span> <span class='ocrx_word' id='word_1_121' title='bbox 1187 1928 1324 2002; x_wconf 89' lang='lat' dir='ltr'>post</span> <span class='ocrx_word' id='word_1_122' title='bbox 1352 1922 1685 1999; x_wconf 82' lang='lat' dir='ltr'>irrogatam</span> <span class='ocrx_word' id='word_1_123' title='bbox 1713 1920 2005 1998; x_wconf 85' lang='lat' dir='ltr'>injuriam</span> <span class='ocrx_word' id='word_1_124' title='bbox 2035 1920 2114 1981; x_wconf 86' lang='lat' dir='ltr'>ab</span> 
     </span>
     <span class='ocr_line' id='line_1_19' title="bbox 552 2010 2117 2093; baseline -0.003 -16"><span class='ocrx_word' id='word_1_125' title='bbox 552 2016 925 2089; x_wconf 75' lang='lat' dir='ltr'>infidelibuS,</span> <span class='ocrx_word' id='word_1_126' title='bbox 970 2034 1074 2075; x_wconf 89' lang='lat' dir='ltr'>seu</span> <span class='ocrx_word' id='word_1_127' title='bbox 1120 2014 1640 2093; x_wconf 81' lang='lat' dir='ltr'>impedimentum</span> <span class='ocrx_word' id='word_1_128' title='bbox 1685 2010 2117 2093; x_wconf 71' lang='lat' dir='ltr'>praedicationi</span> 
     </span>
     <span class='ocr_line' id='line_1_20' title="bbox 553 2106 2113 2188; baseline -0.003 -19"><span class='ocrx_word' id='word_1_129' title='bbox 553 2108 694 2170; x_wconf 84' lang='lat' dir='ltr'>fidei</span> <span class='ocrx_word' id='word_1_130' title='bbox 721 2109 1012 2188; x_wconf 88' lang='lat' dir='ltr'>positum,</span> <span class='ocrx_word' id='word_1_131' title='bbox 1035 2114 1142 2168; x_wconf 88' lang='lat' dir='ltr'>aut</span> <span class='ocrx_word' id='word_1_132' title='bbox 1167 2108 1352 2167; x_wconf 88' lang='lat' dir='ltr'>etiam</span> <span class='ocrx_word' id='word_1_133' title='bbox 1375 2107 1560 2167; x_wconf 88' lang='lat' dir='ltr'>liceat</span> <span class='ocrx_word' id='word_1_134' title='bbox 1579 2124 1688 2185; x_wconf 91' lang='lat' dir='ltr'>per</span> <span class='ocrx_word' id='word_1_135' title='bbox 1710 2106 2113 2185; x_wconf 76' lang='lat' dir='ltr'>anticipatum</span> 
     </span>
     <span class='ocr_line' id='line_1_21' title="bbox 551 2198 2117 2279; baseline -0.001 -16"><span class='ocrx_word' id='word_1_136' title='bbox 551 2202 942 2263; x_wconf 72' lang='lat' dir='ltr'>securitatem</span> <span class='ocrx_word' id='word_1_137' title='bbox 993 2202 1085 2279; x_wconf 91' lang='lat' dir='ltr'>(ut</span> <span class='ocrx_word' id='word_1_138' title='bbox 1117 2200 1202 2261; x_wconf 90' lang='lat' dir='ltr'>sic</span> <span class='ocrx_word' id='word_1_139' title='bbox 1233 2198 1489 2275; x_wconf 78' lang='lat' dir='ltr'>dicam),</span> <span class='ocrx_word' id='word_1_140' title='bbox 1533 2198 1966 2279; x_wconf 65' lang='lat' dir='ltr'>praeveniendo</span> <span class='ocrx_word' id='word_1_141' title='bbox 2006 2218 2117 2279; x_wconf 89' lang='lat' dir='ltr'>per</span> 
     </span>
     <span class='ocr_line' id='line_1_22' title="bbox 554 2291 2117 2371; baseline 0 -16"><span class='ocrx_word' id='word_1_142' title='bbox 554 2294 779 2355; x_wconf 80' lang='lat' dir='ltr'>milites</span> <span class='ocrx_word' id='word_1_143' title='bbox 816 2313 896 2355; x_wconf 89' lang='lat' dir='ltr'>ne</span> <span class='ocrx_word' id='word_1_144' title='bbox 938 2293 1167 2371; x_wconf 88' lang='lat' dir='ltr'>injuria</span> <span class='ocrx_word' id='word_1_145' title='bbox 1199 2292 1310 2353; x_wconf 89' lang='lat' dir='ltr'>fiat</span> <span class='ocrx_word' id='word_1_146' title='bbox 1356 2291 1881 2369; x_wconf 75' lang='lat' dir='ltr'>praedicatoribus,</span> <span class='ocrx_word' id='word_1_147' title='bbox 1909 2292 2007 2353; x_wconf 83' lang='lat' dir='ltr'>vel</span> <span class='ocrx_word' id='word_1_148' title='bbox 2037 2311 2117 2355; x_wconf 87' lang='lat' dir='ltr'>ne</span> 
     </span>
     <span class='ocr_line' id='line_1_23' title="bbox 553 2384 2115 2465; baseline -0.001 -18"><span class='ocrx_word' id='word_1_149' title='bbox 553 2386 966 2447; x_wconf 88' lang='lat' dir='ltr'>ministerium</span> <span class='ocrx_word' id='word_1_150' title='bbox 1005 2402 1222 2446; x_wconf 89' lang='lat' dir='ltr'>eorum</span> <span class='ocrx_word' id='word_1_151' title='bbox 1275 2384 1664 2464; x_wconf 83' lang='lat' dir='ltr'>impediatur.</span> <span class='ocrx_word' id='word_1_152' title='bbox 1701 2385 1905 2465; x_wconf 87' lang='lat' dir='ltr'>Aliqui</span> <span class='ocrx_word' id='word_1_153' title='bbox 1945 2386 2115 2445; x_wconf 88' lang='lat' dir='ltr'>enim</span> 
     </span>
     <span class='ocr_line' id='line_1_24' title="bbox 553 2477 2115 2558; baseline -0.001 -18"><span class='ocrx_word' id='word_1_154' title='bbox 553 2479 844 2541; x_wconf 83' lang='lat' dir='ltr'>dixerunt</span> <span class='ocrx_word' id='word_1_155' title='bbox 889 2496 1062 2558; x_wconf 88' lang='lat' dir='ltr'>posse</span> <span class='ocrx_word' id='word_1_156' title='bbox 1111 2478 1454 2556; x_wconf 86' lang='lat' dir='ltr'>principem</span> <span class='ocrx_word' id='word_1_157' title='bbox 1503 2477 1903 2538; x_wconf 83' lang='lat' dir='ltr'>christianum</span> <span class='ocrx_word' id='word_1_158' title='bbox 1951 2479 2115 2556; x_wconf 84' lang='lat' dir='ltr'>juste</span> 
     </span>
     <span class='ocr_line' id='line_1_25' title="bbox 552 2570 2114 2653; baseline -0.001 -20"><span class='ocrx_word' id='word_1_159' title='bbox 552 2590 847 2653; x_wconf 87' lang='lat' dir='ltr'>occupare</span> <span class='ocrx_word' id='word_1_160' title='bbox 897 2588 1162 2649; x_wconf 86' lang='lat' dir='ltr'>regnum</span> <span class='ocrx_word' id='word_1_161' title='bbox 1217 2570 1518 2651; x_wconf 77' lang='lat' dir='ltr'>principis</span> <span class='ocrx_word' id='word_1_162' title='bbox 1573 2570 1821 2649; x_wconf 86' lang='lat' dir='ltr'>gentilis</span> <span class='ocrx_word' id='word_1_163' title='bbox 1837 2616 1857 2646; x_wconf 90' lang='lat'>,</span> <span class='ocrx_word' id='word_1_164' title='bbox 1915 2572 2114 2632; x_wconf 86' lang='lat' dir='ltr'>solum</span> 
     </span>
     <span class='ocr_line' id='line_1_26' title="bbox 554 2663 2116 2744; baseline -0.001 -17"><span class='ocrx_word' id='word_1_165' title='bbox 554 2666 670 2728; x_wconf 89' lang='lat' dir='ltr'>hoc</span> <span class='ocrx_word' id='word_1_166' title='bbox 697 2665 902 2741; x_wconf 88' lang='lat' dir='ltr'>titulo,</span> <span class='ocrx_word' id='word_1_167' title='bbox 946 2670 1018 2723; x_wconf 89' lang='lat' dir='ltr'>ut</span> <span class='ocrx_word' id='word_1_168' title='bbox 1063 2663 1176 2723; x_wconf 86' lang='lat' dir='ltr'>snb</span> <span class='ocrx_word' id='word_1_169' title='bbox 1216 2663 1494 2744; x_wconf 86' lang='lat' dir='ltr'>principe</span> <span class='ocrx_word' id='word_1_170' title='bbox 1523 2663 1858 2723; x_wconf 86' lang='lat' dir='ltr'>christiano</span> <span class='ocrx_word' id='word_1_171' title='bbox 1895 2664 2116 2741; x_wconf 86' lang='lat' dir='ltr'>majori</span> 
     </span>
     <span class='ocr_line' id='line_1_27' title="bbox 553 2755 2113 2834; baseline -0.003 -12"><span class='ocrx_word' id='word_1_172' title='bbox 553 2759 989 2822; x_wconf 84' lang='lat' dir='ltr'>commoditate</span> <span class='ocrx_word' id='word_1_173' title='bbox 1057 2764 1119 2817; x_wconf 89' lang='lat' dir='ltr'>et</span> <span class='ocrx_word' id='word_1_174' title='bbox 1178 2757 1504 2816; x_wconf 83' lang='lat' dir='ltr'>securitate</span> <span class='ocrx_word' id='word_1_175' title='bbox 1561 2755 1651 2815; x_wconf 88' lang='lat' dir='ltr'>ibi</span> <span class='ocrx_word' id='word_1_176' title='bbox 1707 2756 2113 2834; x_wconf 83' lang='lat' dir='ltr'>Evangelium</span> 
     </span>
     <span class='ocr_line' id='line_1_28' title="bbox 553 2849 2115 2933; baseline -0.001 -20"><span class='ocrx_word' id='word_1_177' title='bbox 553 2852 950 2933; x_wconf 77' lang='lat' dir='ltr'>praedicetur3</span> <span class='ocrx_word' id='word_1_178' title='bbox 997 2850 1102 2911; x_wconf 88' lang='lat' dir='ltr'>sed</span> <span class='ocrx_word' id='word_1_179' title='bbox 1149 2850 1294 2929; x_wconf 87' lang='lat' dir='ltr'>quia</span> <span class='ocrx_word' id='word_1_180' title='bbox 1339 2849 1457 2909; x_wconf 88' lang='lat' dir='ltr'>hoc</span> <span class='ocrx_word' id='word_1_181' title='bbox 1500 2867 1610 2929; x_wconf 90' lang='lat' dir='ltr'>per</span> <span class='ocrx_word' id='word_1_182' title='bbox 1647 2868 1711 2911; x_wconf 90' lang='lat' dir='ltr'>se</span> <span class='ocrx_word' id='word_1_183' title='bbox 1756 2849 2115 2911; x_wconf 84' lang='lat' dir='ltr'>incredibile</span> 
     </span>
     <span class='ocr_line' id='line_1_29' title="bbox 556 2942 2117 3022; baseline -0.003 -15"><span class='ocrx_word' id='word_1_184' title='bbox 556 2952 669 3021; x_wconf 89' lang='lat' dir='ltr'>est,</span> <span class='ocrx_word' id='word_1_185' title='bbox 711 2952 782 3005; x_wconf 88' lang='lat' dir='ltr'>ut</span> <span class='ocrx_word' id='word_1_186' title='bbox 825 2962 898 3006; x_wconf 85' lang='lat' dir='ltr'>ex</span> <span class='ocrx_word' id='word_1_187' title='bbox 947 2944 1220 3004; x_wconf 87' lang='lat' dir='ltr'>dicendis</span> <span class='ocrx_word' id='word_1_188' title='bbox 1251 2942 1509 3022; x_wconf 85' lang='lat' dir='ltr'>patebit,</span> <span class='ocrx_word' id='word_1_189' title='bbox 1561 2942 1668 3003; x_wconf 86' lang='lat' dir='ltr'>alii</span> <span class='ocrx_word' id='word_1_190' title='bbox 1701 2944 1762 3003; x_wconf 90' lang='lat' dir='ltr'>id</span> <span class='ocrx_word' id='word_1_191' title='bbox 1813 2944 2117 3004; x_wconf 88' lang='lat' dir='ltr'>moderati</span> 
     </span>
     <span class='ocr_line' id='line_1_30' title="bbox 556 3034 2117 3116; baseline -0.002 -16"><span class='ocrx_word' id='word_1_192' title='bbox 556 3048 724 3107; x_wconf 82' lang='lat' dir='ltr'>sunt.</span> <span class='ocrx_word' id='word_1_193' title='bbox 755 3038 1028 3098; x_wconf 87' lang='lat' dir='ltr'>dicentes</span> <span class='ocrx_word' id='word_1_194' title='bbox 1054 3054 1229 3115; x_wconf 88' lang='lat' dir='ltr'>posse</span> <span class='ocrx_word' id='word_1_195' title='bbox 1254 3034 1562 3116; x_wconf 83' lang='lat' dir='ltr'>principes</span> <span class='ocrx_word' id='word_1_196' title='bbox 1584 3035 1944 3096; x_wconf 89' lang='lat' dir='ltr'>christianos</span> <span class='ocrx_word' id='word_1_197' title='bbox 1974 3038 2117 3097; x_wconf 89' lang='lat' dir='ltr'>mit·</span> 
     </span>
     <span class='ocr_line' id='line_1_31' title="bbox 555 3128 2111 3211; baseline -0.003 -18"><span class='ocrx_word' id='word_1_198' title='bbox 555 3138 686 3194; x_wconf 87' lang='lat' dir='ltr'>tere</span> <span class='ocrx_word' id='word_1_199' title='bbox 741 3131 1166 3211; x_wconf 70' lang='lat' dir='ltr'>praedicatores</span> <span class='ocrx_word' id='word_1_200' title='bbox 1223 3148 1364 3190; x_wconf 86' lang='lat' dir='ltr'>cum</span> <span class='ocrx_word' id='word_1_201' title='bbox 1415 3128 1746 3190; x_wconf 86' lang='lat' dir='ltr'>sufficienti</span> <span class='ocrx_word' id='word_1_202' title='bbox 1802 3130 2111 3205; x_wconf 86' lang='lat' dir='ltr'>exercitu,</span> 
     </span>
     <span class='ocr_line' id='line_1_32' title="bbox 557 3220 2115 3303; baseline -0.001 -18"><span class='ocrx_word' id='word_1_203' title='bbox 557 3243 685 3285; x_wconf 92' lang='lat' dir='ltr'>non</span> <span class='ocrx_word' id='word_1_204' title='bbox 712 3230 784 3284; x_wconf 90' lang='lat' dir='ltr'>ut</span> <span class='ocrx_word' id='word_1_205' title='bbox 813 3223 1045 3283; x_wconf 86' lang='lat' dir='ltr'>beilum</span> <span class='ocrx_word' id='word_1_206' title='bbox 1089 3222 1383 3296; x_wconf 80' lang='lat' dir='ltr'>inierant,</span> <span class='ocrx_word' id='word_1_207' title='bbox 1427 3222 1532 3282; x_wconf 89' lang='lat' dir='ltr'>sed</span> <span class='ocrx_word' id='word_1_208' title='bbox 1576 3228 1644 3303; x_wconf 73' lang='lat' dir='ltr'>ut</span> <span class='ocrx_word' id='word_1_209' title='bbox 1682 3220 2115 3300; x_wconf 64' lang='lat' dir='ltr'>praedicatores</span> 
     </span>
     <span class='ocr_line' id='line_1_33' title="bbox 555 3314 2116 3394; baseline -0.003 -15"><span class='ocrx_word' id='word_1_210' title='bbox 555 3318 755 3379; x_wconf 86' lang='lat' dir='ltr'>securi</span> <span class='ocrx_word' id='word_1_211' title='bbox 785 3316 1091 3377; x_wconf 86' lang='lat' dir='ltr'>incedant.</span> <span class='ocrx_word' id='word_1_212' title='bbox 1137 3314 1388 3376; x_wconf 84' lang='lat' dir='ltr'>Addunt</span> <span class='ocrx_word' id='word_1_213' title='bbox 1423 3321 1719 3394; x_wconf 77' lang='lat' dir='ltr'>praeterea</span> <span class='ocrx_word' id='word_1_214' title='bbox 1755 3332 1928 3392; x_wconf 88' lang='lat' dir='ltr'>posse</span> <span class='ocrx_word' id='word_1_215' title='bbox 1957 3314 2116 3374; x_wconf 83' lang='lat' dir='ltr'>chri·</span> 
     </span>
     <span class='ocr_line' id='line_1_34' title="bbox 555 3407 2115 3487; baseline -0.001 -16"><span class='ocrx_word' id='word_1_216' title='bbox 555 3412 826 3472; x_wconf 86' lang='lat' dir='ltr'>stianum</span> <span class='ocrx_word' id='word_1_217' title='bbox 877 3410 1210 3487; x_wconf 87' lang='lat' dir='ltr'>principem</span> <span class='ocrx_word' id='word_1_218' title='bbox 1251 3407 1554 3469; x_wconf 83' lang='lat' dir='ltr'>aedificare</span> <span class='ocrx_word' id='word_1_219' title='bbox 1586 3413 1788 3468; x_wconf 89' lang='lat' dir='ltr'>turres</span> <span class='ocrx_word' id='word_1_220' title='bbox 1837 3415 1900 3469; x_wconf 84' lang='lat' dir='ltr'>et</span> <span class='ocrx_word' id='word_1_221' title='bbox 1946 3424 2115 3469; x_wconf 86' lang='lat' dir='ltr'>arces</span> 
     </span>
     <span class='ocr_line' id='line_1_35' title="bbox 557 3499 2115 3576; baseline -0.003 -12"><span class='ocrx_word' id='word_1_222' title='bbox 557 3504 830 3565; x_wconf 82' lang='lat' dir='ltr'>munitas</span> <span class='ocrx_word' id='word_1_223' title='bbox 865 3502 932 3561; x_wconf 87' lang='lat' dir='ltr'>in</span> <span class='ocrx_word' id='word_1_224' title='bbox 959 3503 1140 3561; x_wconf 87' lang='lat' dir='ltr'>terris</span> <span class='ocrx_word' id='word_1_225' title='bbox 1168 3500 1540 3576; x_wconf 84' lang='lat' dir='ltr'>infidelium,</span> <span class='ocrx_word' id='word_1_226' title='bbox 1567 3501 1786 3561; x_wconf 85' lang='lat' dir='ltr'>saltem</span> <span class='ocrx_word' id='word_1_227' title='bbox 1810 3499 1876 3559; x_wconf 89' lang='lat' dir='ltr'>in</span> <span class='ocrx_word' id='word_1_228' title='bbox 1899 3500 2115 3561; x_wconf 87' lang='lat' dir='ltr'>termi-</span> 
     </span>
     <span class='ocr_line' id='line_1_36' title="bbox 554 3594 2115 3675; baseline -0.003 -17"><span class='ocrx_word' id='word_1_229' title='bbox 554 3598 651 3658; x_wconf 89' lang='lat' dir='ltr'>nis</span> <span class='ocrx_word' id='word_1_230' title='bbox 679 3594 1159 3675; x_wconf 87' lang='lat' dir='ltr'>provinciarum,</span> <span class='ocrx_word' id='word_1_231' title='bbox 1190 3600 1262 3654; x_wconf 90' lang='lat' dir='ltr'>ut</span> <span class='ocrx_word' id='word_1_232' title='bbox 1285 3594 1576 3654; x_wconf 86' lang='lat' dir='ltr'>introitus</span> <span class='ocrx_word' id='word_1_233' title='bbox 1601 3600 1661 3653; x_wconf 90' lang='lat' dir='ltr'>et</span> <span class='ocrx_word' id='word_1_234' title='bbox 1691 3594 2000 3671; x_wconf 88' lang='lat' dir='ltr'>ingressus</span> <span class='ocrx_word' id='word_1_235' title='bbox 2034 3594 2115 3654; x_wconf 87' lang='lat' dir='ltr'>ad</span> 
     </span>
     <span class='ocr_line' id='line_1_37' title="bbox 553 3685 2111 3751; baseline -0.002 0"><span class='ocrx_word' id='word_1_236' title='bbox 553 3688 834 3751; x_wconf 84' lang='lat' dir='ltr'>infideles</span> <span class='ocrx_word' id='word_1_237' title='bbox 871 3688 951 3747; x_wconf 90' lang='lat' dir='ltr'>sit</span> <span class='ocrx_word' id='word_1_238' title='bbox 985 3685 1224 3747; x_wconf 86' lang='lat' dir='ltr'>facilior</span> <span class='ocrx_word' id='word_1_239' title='bbox 1260 3692 1322 3747; x_wconf 89' lang='lat' dir='ltr'>et</span> <span class='ocrx_word' id='word_1_240' title='bbox 1359 3686 1631 3746; x_wconf 88' lang='lat' dir='ltr'>securior</span> <span class='ocrx_word' id='word_1_241' title='bbox 1656 3686 1959 3748; x_wconf 88' lang='lat' dir='ltr'>fidelibus.</span> <span class='ocrx_word' id='word_1_242' title='bbox 1994 3688 2111 3748; x_wconf 84' lang='lat' dir='ltr'>De-</span> 
     </span>
     <span class='ocr_line' id='line_1_38' title="bbox 554 3780 2114 3863; baseline -0.001 -20"><span class='ocrx_word' id='word_1_243' title='bbox 554 3784 741 3863; x_wconf 88' lang='lat' dir='ltr'>nique</span> <span class='ocrx_word' id='word_1_244' title='bbox 773 3780 990 3842; x_wconf 87' lang='lat' dir='ltr'>dicunt</span> <span class='ocrx_word' id='word_1_245' title='bbox 1033 3798 1203 3859; x_wconf 87' lang='lat' dir='ltr'>posse</span> <span class='ocrx_word' id='word_1_246' title='bbox 1249 3780 1578 3859; x_wconf 84' lang='lat' dir='ltr'>principes,</span> <span class='ocrx_word' id='word_1_247' title='bbox 1621 3798 1919 3858; x_wconf 82' lang='lat' dir='ltr'>expensas</span> <span class='ocrx_word' id='word_1_248' title='bbox 1960 3799 2114 3860; x_wconf 90' lang='lat' dir='ltr'>quas</span> 
     </span>
     <span class='ocr_line' id='line_1_39' title="bbox 553 3872 2113 3951; baseline -0.001 -15"><span class='ocrx_word' id='word_1_249' title='bbox 553 3875 620 3936; x_wconf 92' lang='lat' dir='ltr'>in</span> <span class='ocrx_word' id='word_1_250' title='bbox 650 3875 747 3936; x_wconf 88' lang='lat' dir='ltr'>his</span> <span class='ocrx_word' id='word_1_251' title='bbox 779 3873 961 3935; x_wconf 87' lang='lat' dir='ltr'>rebus</span> <span class='ocrx_word' id='word_1_252' title='bbox 987 3874 1268 3948; x_wconf 86' lang='lat' dir='ltr'>fecerint,</span> <span class='ocrx_word' id='word_1_253' title='bbox 1295 3891 1334 3933; x_wconf 87' lang='lat' dir='ltr'>a</span> <span class='ocrx_word' id='word_1_254' title='bbox 1361 3873 1566 3951; x_wconf 84' lang='lat' dir='ltr'>regnis</span> <span class='ocrx_word' id='word_1_255' title='bbox 1607 3872 1959 3934; x_wconf 82' lang='lat' dir='ltr'>infidelibus</span> <span class='ocrx_word' id='word_1_256' title='bbox 1985 3876 2113 3934; x_wconf 81' lang='lat' dir='ltr'>exi·</span> 
     </span>
     <span class='ocr_line' id='line_1_40' title="bbox 552 3962 2110 4047; baseline -0.001 -19"><span class='ocrx_word' id='word_1_257' title='bbox 552 3986 723 4047; x_wconf 84' lang='lat' dir='ltr'>gere,</span> <span class='ocrx_word' id='word_1_258' title='bbox 764 3967 912 4046; x_wconf 87' lang='lat' dir='ltr'>quia</span> <span class='ocrx_word' id='word_1_259' title='bbox 953 3967 1019 4026; x_wconf 92' lang='lat' dir='ltr'>in</span> <span class='ocrx_word' id='word_1_260' title='bbox 1063 3984 1277 4027; x_wconf 86' lang='lat' dir='ltr'>eorum</span> <span class='ocrx_word' id='word_1_261' title='bbox 1316 3965 1709 4026; x_wconf 88' lang='lat' dir='ltr'>commodum</span> <span class='ocrx_word' id='word_1_262' title='bbox 1754 3962 2110 4045; x_wconf 79' lang='lat' dir='ltr'>expendun-</span> 
     </span>
     <span class='ocr_line' id='line_1_41' title="bbox 550 4058 2109 4138; baseline -0.001 -17"><span class='ocrx_word' id='word_1_263' title='bbox 550 4067 674 4137; x_wconf 90' lang='lat' dir='ltr'>tur,</span> <span class='ocrx_word' id='word_1_264' title='bbox 701 4067 764 4121; x_wconf 86' lang='lat' dir='ltr'>ct</span> <span class='ocrx_word' id='word_1_265' title='bbox 789 4066 1229 4138; x_wconf 88' lang='lat' dir='ltr'>consequenter</span> <span class='ocrx_word' id='word_1_266' title='bbox 1255 4077 1429 4137; x_wconf 83' lang='lat' dir='ltr'>posse</span> <span class='ocrx_word' id='word_1_267' title='bbox 1467 4078 1573 4137; x_wconf 86' lang='lat' dir='ltr'>per</span> <span class='ocrx_word' id='word_1_268' title='bbox 1614 4060 1742 4118; x_wconf 87' lang='lat' dir='ltr'>vim</span> <span class='ocrx_word' id='word_1_269' title='bbox 1785 4066 1846 4119; x_wconf 87' lang='lat' dir='ltr'>et</span> <span class='ocrx_word' id='word_1_270' title='bbox 1878 4058 2109 4120; x_wconf 87' lang='lat' dir='ltr'>bellum</span> 
     </span>
     <span class='ocr_line' id='line_1_42' title="bbox 550 4152 2111 4232; baseline -0.001 -19"><span class='ocrx_word' id='word_1_271' title='bbox 550 4152 686 4213; x_wconf 88' lang='lat' dir='ltr'>illas</span> <span class='ocrx_word' id='word_1_272' title='bbox 723 4159 1111 4232; x_wconf 78' lang='lat' dir='ltr'>extorquere,</span> <span class='ocrx_word' id='word_1_273' title='bbox 1137 4154 1188 4211; x_wconf 89' lang='lat' dir='ltr'>si</span> <span class='ocrx_word' id='word_1_274' title='bbox 1211 4158 1542 4229; x_wconf 84' lang='lat' dir='ltr'>negentur,</span> <span class='ocrx_word' id='word_1_275' title='bbox 1571 4158 1755 4231; x_wconf 85' lang='lat' dir='ltr'>atque</span> <span class='ocrx_word' id='word_1_276' title='bbox 1781 4154 1868 4211; x_wconf 88' lang='lat' dir='ltr'>ita</span> <span class='ocrx_word' id='word_1_277' title='bbox 1896 4170 2111 4232; x_wconf 88' lang='lat' dir='ltr'>proce-</span> 
     </span>
     <span class='ocr_line' id='line_1_43' title="bbox 549 4245 2110 4325; baseline 0.001 -20"><span class='ocrx_word' id='word_1_278' title='bbox 549 4245 692 4307; x_wconf 89' lang='lat' dir='ltr'>dere</span> <span class='ocrx_word' id='word_1_279' title='bbox 737 4264 934 4325; x_wconf 90' lang='lat' dir='ltr'>usque</span> <span class='ocrx_word' id='word_1_280' title='bbox 975 4246 1054 4305; x_wconf 86' lang='lat' dir='ltr'>ad</span> <span class='ocrx_word' id='word_1_281' title='bbox 1094 4247 1561 4325; x_wconf 86' lang='lat' dir='ltr'>occupationem</span> <span class='ocrx_word' id='word_1_282' title='bbox 1600 4246 1798 4322; x_wconf 83' lang='lat' dir='ltr'>regni,</span> <span class='ocrx_word' id='word_1_283' title='bbox 1839 4246 1887 4303; x_wconf 89' lang='lat' dir='ltr'>si</span> <span class='ocrx_word' id='word_1_284' title='bbox 1931 4262 2110 4325; x_wconf 92' lang='lat' dir='ltr'>opor-</span> 
     </span>
     <span class='ocr_line' id='line_1_44' title="bbox 549 4336 2113 4416; baseline -0.001 -17"><span class='ocrx_word' id='word_1_285' title='bbox 549 4340 756 4400; x_wconf 89' lang='lat' dir='ltr'>tuerit.</span> <span class='ocrx_word' id='word_1_286' title='bbox 777 4339 866 4400; x_wconf 87' lang='lat' dir='ltr'>1ta</span> <span class='ocrx_word' id='word_1_287' title='bbox 899 4338 1084 4398; x_wconf 89' lang='lat' dir='ltr'>sentit</span> <span class='ocrx_word' id='word_1_288' title='bbox 1107 4338 1324 4416; x_wconf 87' lang='lat' dir='ltr'>Major,</span> <span class='ocrx_word' id='word_1_289' title='bbox 1356 4338 1422 4397; x_wconf 90' lang='lat' dir='ltr'>in</span> <span class='ocrx_word' id='word_1_290' title='bbox 1451 4336 1741 4410; x_wconf 87' lang='lat' dir='ltr'>secundo,</span> <span class='ocrx_word' id='word_1_291' title='bbox 1774 4337 2113 4398; x_wconf 88' lang='lat' dir='ltr'>distinctio-</span> 
     </span>
     <span class='ocr_line' id='line_1_45' title="bbox 549 4430 2106 4510; baseline -0.001 -19"><span class='ocrx_word' id='word_1_292' title='bbox 549 4448 636 4491; x_wconf 81' lang='lat' dir='ltr'>ne</span> <span class='ocrx_word' id='word_1_293' title='bbox 667 4431 1142 4510; x_wconf 84' lang='lat' dir='ltr'>quadragesima</span> <span class='ocrx_word' id='word_1_294' title='bbox 1173 4437 1416 4509; x_wconf 88' lang='lat' dir='ltr'>quarta,</span> <span class='ocrx_word' id='word_1_295' title='bbox 1445 4430 1782 4509; x_wconf 67' lang='lat' dir='ltr'>quaestione</span> <span class='ocrx_word' id='word_1_296' title='bbox 1810 4430 2106 4501; x_wconf 79' lang='lat' dir='ltr'>secunda:</span> 
     </span>
     <span class='ocr_line' id='line_1_46' title="bbox 548 4521 1986 4600; baseline -0.001 -16"><span class='ocrx_word' id='word_1_297' title='bbox 548 4530 610 4585; x_wconf 89' lang='lat' dir='ltr'>et</span> <span class='ocrx_word' id='word_1_298' title='bbox 637 4524 836 4584; x_wconf 90' lang='lat' dir='ltr'>solum</span> <span class='ocrx_word' id='word_1_299' title='bbox 875 4523 1175 4584; x_wconf 84' lang='lat' dir='ltr'>fundatur</span> <span class='ocrx_word' id='word_1_300' title='bbox 1215 4524 1282 4583; x_wconf 89' lang='lat' dir='ltr'>in</span> <span class='ocrx_word' id='word_1_301' title='bbox 1325 4523 1544 4600; x_wconf 87' lang='lat' dir='ltr'>majori</span> <span class='ocrx_word' id='word_1_302' title='bbox 1585 4522 1796 4582; x_wconf 85' lang='lat' dir='ltr'>favore</span> <span class='ocrx_word' id='word_1_303' title='bbox 1821 4521 1986 4583; x_wconf 88' lang='lat' dir='ltr'>fidei.</span> 
     </span>
    </p>

    <p class='ocr_par' dir='ltr' id='par_1_6' title="bbox 539 4615 2112 5609">
     <span class='ocr_line' id='line_1_47' title="bbox 626 4615 2111 4696; baseline -0.002 -19"><span class='ocrx_word' id='word_1_304' title='bbox 626 4616 685 4677; x_wconf 86' lang='grc'>9.</span> <span class='ocrx_word' id='word_1_305' title='bbox 720 4615 1030 4696; x_wconf 69' lang='lat' dir='ltr'>Neyativa</span> <span class='ocrx_word' id='word_1_306' title='bbox 1056 4615 1352 4679; x_wconf 76' lang='lat' dir='ltr'>sententia</span> <span class='ocrx_word' id='word_1_307' title='bbox 1380 4616 2111 4696; x_wconf 77' lang='lat' dir='ltr'>approbatur.—Verum-</span> 
     </span>
     <span class='ocr_line' id='line_1_48' title="bbox 547 4707 2111 4786; baseline 0 -18"><span class='ocrx_word' id='word_1_308' title='bbox 547 4714 752 4769; x_wconf 84' lang='lat' dir='ltr'>tamen</span> <span class='ocrx_word' id='word_1_309' title='bbox 783 4709 914 4769; x_wconf 83' lang='lat' dir='ltr'>haec</span> <span class='ocrx_word' id='word_1_310' title='bbox 940 4708 1220 4768; x_wconf 86' lang='lat' dir='ltr'>doctrina</span> <span class='ocrx_word' id='word_1_311' title='bbox 1251 4707 1568 4786; x_wconf 87' lang='lat' dir='ltr'>probanda</span> <span class='ocrx_word' id='word_1_312' title='bbox 1597 4726 1721 4768; x_wconf 90' lang='lat' dir='ltr'>non</span> <span class='ocrx_word' id='word_1_313' title='bbox 1747 4714 1860 4783; x_wconf 90' lang='lat' dir='ltr'>est,</span> <span class='ocrx_word' id='word_1_314' title='bbox 1888 4714 1959 4767; x_wconf 90' lang='lat' dir='ltr'>ut</span> <span class='ocrx_word' id='word_1_315' title='bbox 1988 4726 2111 4768; x_wconf 85' lang='lat' dir='ltr'>me-</span> 
     </span>
     <span class='ocr_line' id='line_1_49' title="bbox 545 4800 2107 4876; baseline 0.001 -17"><span class='ocrx_word' id='word_1_316' title='bbox 545 4800 665 4861; x_wconf 90' lang='lat' dir='ltr'>lius</span> <span class='ocrx_word' id='word_1_317' title='bbox 693 4802 968 4860; x_wconf 87' lang='lat' dir='ltr'>sentiunt</span> <span class='ocrx_word' id='word_1_318' title='bbox 996 4800 1254 4874; x_wconf 67' lang='lat' dir='ltr'>Victor„</span> <span class='ocrx_word' id='word_1_319' title='bbox 1291 4800 1551 4875; x_wconf 78' lang='lat' dir='ltr'>BanheS,</span> <span class='ocrx_word' id='word_1_320' title='bbox 1582 4800 1772 4861; x_wconf 88' lang='lat' dir='ltr'>etalii</span> <span class='ocrx_word' id='word_1_321' title='bbox 1805 4801 2107 4876; x_wconf 88' lang='lat' dir='ltr'>moderni,</span> 
     </span>
     <span class='ocr_line' id='line_1_50' title="bbox 545 4891 2112 4971; baseline 0.001 -18"><span class='ocrx_word' id='word_1_322' title='bbox 545 4892 695 4953; x_wconf 88' lang='lat' dir='ltr'>locis</span> <span class='ocrx_word' id='word_1_323' title='bbox 735 4910 920 4971; x_wconf 86' lang='lat' dir='ltr'>supra</span> <span class='ocrx_word' id='word_1_324' title='bbox 966 4892 1269 4969; x_wconf 86' lang='lat' dir='ltr'>allegatis.</span> <span class='ocrx_word' id='word_1_325' title='bbox 1308 4893 1536 4966; x_wconf 86' lang='lat' dir='ltr'>Prim0,</span> <span class='ocrx_word' id='word_1_326' title='bbox 1577 4894 1722 4971; x_wconf 85' lang='lat' dir='ltr'>quia</span> <span class='ocrx_word' id='word_1_327' title='bbox 1759 4910 1887 4953; x_wconf 90' lang='lat' dir='ltr'>nou</span> <span class='ocrx_word' id='word_1_328' title='bbox 1925 4891 2112 4954; x_wconf 87' lang='lat' dir='ltr'>habet</span> 
     </span>
     <span class='ocr_line' id='line_1_51' title="bbox 545 4984 2111 5060; baseline 0.001 -15"><span class='ocrx_word' id='word_1_329' title='bbox 545 4984 1022 5047; x_wconf 84' lang='lat' dir='ltr'>fundamentum</span> <span class='ocrx_word' id='word_1_330' title='bbox 1052 4987 1119 5046; x_wconf 90' lang='lat' dir='ltr'>in</span> <span class='ocrx_word' id='word_1_331' title='bbox 1155 4988 1542 5047; x_wconf 87' lang='lat' dir='ltr'>institutione</span> <span class='ocrx_word' id='word_1_332' title='bbox 1579 4987 1826 5060; x_wconf 84' lang='lat' dir='ltr'>Christi,</span> <span class='ocrx_word' id='word_1_333' title='bbox 1858 4988 1985 5047; x_wconf 88' lang='lat' dir='ltr'>imo</span> <span class='ocrx_word' id='word_1_334' title='bbox 2013 5006 2111 5047; x_wconf 86' lang='lat' dir='ltr'>re-</span> 
     </span>
     <span class='ocr_line' id='line_1_52' title="bbox 546 5078 2111 5157; baseline 0.004 -21"><span class='ocrx_word' id='word_1_335' title='bbox 546 5086 784 5157; x_wconf 85' lang='lat' dir='ltr'>pugnat</span> <span class='ocrx_word' id='word_1_336' title='bbox 804 5078 1006 5140; x_wconf 82' lang='lat' dir='ltr'>verbis</span> <span class='ocrx_word' id='word_1_337' title='bbox 1021 5078 1174 5157; x_wconf 81' lang='lat' dir='ltr'>ejus,</span> <span class='ocrx_word' id='word_1_338' title='bbox 1203 5080 1416 5139; x_wconf 85' lang='lat' dir='ltr'>Matth.</span> <span class='ocrx_word' id='word_1_339' title='bbox 1446 5082 1543 5154; x_wconf 75' lang='lat'>10,</span> <span class='ocrx_word' id='word_1_340' title='bbox 1563 5086 1623 5139; x_wconf 88' lang='lat' dir='ltr'>et</span> <span class='ocrx_word' id='word_1_341' title='bbox 1639 5081 1781 5139; x_wconf 90' lang='lat' dir='ltr'>Luc.</span> <span class='ocrx_word' id='word_1_342' title='bbox 1811 5080 1886 5139; x_wconf 76' lang='lat'>10</span> <span class='ocrx_word' id='word_1_343' title='bbox 1911 5098 1924 5139; x_wconf 92' lang='lat'><strong>:</strong></span> <span class='ocrx_word' id='word_1_344' title='bbox 1948 5080 2111 5143; x_wconf 75' lang='lat' dir='ltr'>Ecce</span> 
     </span>
     <span class='ocr_line' id='line_1_53' title="bbox 544 5173 2109 5254; baseline 0 -21"><span class='ocrx_word' id='word_1_345' title='bbox 544 5190 646 5254; x_wconf 69' lang='lat' dir='ltr'>eqo</span> <span class='ocrx_word' id='word_1_346' title='bbox 690 5174 863 5235; x_wconf 80' lang='lat' dir='ltr'>mitto</span> <span class='ocrx_word' id='word_1_347' title='bbox 908 5189 1012 5234; x_wconf 70' lang='lat' dir='ltr'>vos</span> <span class='ocrx_word' id='word_1_348' title='bbox 1063 5174 1218 5234; x_wconf 78' lang='lat' dir='ltr'>sicut</span> <span class='ocrx_word' id='word_1_349' title='bbox 1267 5192 1400 5235; x_wconf 76' lang='lat' dir='ltr'>oves</span> <span class='ocrx_word' id='word_1_350' title='bbox 1443 5174 1605 5235; x_wconf 76' lang='lat' dir='ltr'>inter</span> <span class='ocrx_word' id='word_1_351' title='bbox 1645 5174 1852 5251; x_wconf 54' lang='lat' dir='ltr'>hapa„</span> <span class='ocrx_word' id='word_1_352' title='bbox 1887 5173 2109 5252; x_wconf 87' lang='lat' dir='ltr'>quibus</span> 
     </span>
     <span class='ocr_line' id='line_1_54' title="bbox 543 5264 2107 5344; baseline 0.002 -21"><span class='ocrx_word' id='word_1_353' title='bbox 543 5264 726 5341; x_wconf 87' lang='lat' dir='ltr'>plane</span> <span class='ocrx_word' id='word_1_354' title='bbox 765 5265 1030 5326; x_wconf 85' lang='lat' dir='ltr'>ostendit</span> <span class='ocrx_word' id='word_1_355' title='bbox 1075 5264 1334 5325; x_wconf 84' lang='lat' dir='ltr'>verbum</span> <span class='ocrx_word' id='word_1_356' title='bbox 1384 5266 1528 5344; x_wconf 79' lang='lat' dir='ltr'>fidei</span> <span class='ocrx_word' id='word_1_357' title='bbox 1569 5284 1695 5326; x_wconf 90' lang='lat' dir='ltr'>non</span> <span class='ocrx_word' id='word_1_358' title='bbox 1743 5284 1872 5326; x_wconf 84' lang='lat' dir='ltr'>esse</span> <span class='ocrx_word' id='word_1_359' title='bbox 1917 5268 2107 5327; x_wconf 86' lang='lat' dir='ltr'>armis</span> 
     </span>
     <span class='ocr_line' id='line_1_55' title="bbox 543 5356 2108 5438; baseline 0.003 -23"><span class='ocrx_word' id='word_1_360' title='bbox 543 5356 1087 5430; x_wconf 86' lang='lat' dir='ltr'>introducendum,</span> <span class='ocrx_word' id='word_1_361' title='bbox 1115 5358 1220 5417; x_wconf 87' lang='lat' dir='ltr'>sed</span> <span class='ocrx_word' id='word_1_362' title='bbox 1249 5374 1350 5417; x_wconf 87' lang='lat' dir='ltr'>ma</span> <span class='ocrx_word' id='word_1_363' title='bbox 1411 5426 1424 5435; x_wconf 55' lang='grc'>,</span> <span class='ocrx_word' id='word_1_364' title='bbox 1513 5358 1748 5433; x_wconf 86' lang='lat' dir='ltr'>tudine,</span> <span class='ocrx_word' id='word_1_365' title='bbox 1774 5377 1844 5418; x_wconf 87' lang='lat' dir='ltr'>ac</span> <span class='ocrx_word' id='word_1_366' title='bbox 1867 5360 2108 5438; x_wconf 87' lang='lat' dir='ltr'>patien-</span> 
     </span>
     <span class='ocr_line' id='line_1_56' title="bbox 543 5448 2107 5531; baseline 0.004 -25"><span class='ocrx_word' id='word_1_367' title='bbox 543 5448 654 5523; x_wconf 85' lang='lat' dir='ltr'>tia,</span> <span class='ocrx_word' id='word_1_368' title='bbox 688 5455 750 5510; x_wconf 90' lang='lat' dir='ltr'>et</span> <span class='ocrx_word' id='word_1_369' title='bbox 778 5448 1044 5511; x_wconf 87' lang='lat' dir='ltr'>efficacia</span> <span class='ocrx_word' id='word_1_370' title='bbox 1073 5449 1267 5523; x_wconf 86' lang='lat' dir='ltr'>verbi,</span> <span class='ocrx_word' id='word_1_371' title='bbox 1297 5468 1371 5511; x_wconf 88' lang='lat' dir='ltr'>ac</span> <span class='ocrx_word' id='word_1_372' title='bbox 1414 5450 1554 5511; x_wconf 75' lang='lat' dir='ltr'>vitae</span> <span class='ocrx_word' id='word_1_373' title='bbox 1590 5452 1895 5531; x_wconf 83' lang='lat' dir='ltr'>exemplo,</span> <span class='ocrx_word' id='word_1_374' title='bbox 1924 5452 2107 5530; x_wconf 81' lang='lat' dir='ltr'>juxta</span> 
     </span>
     <span class='ocr_line' id='line_1_57' title="bbox 539 5539 2105 5609; baseline 0.006 -9"><span class='ocrx_word' id='word_1_375' title='bbox 539 5539 700 5601; x_wconf 87' lang='lat' dir='ltr'>illud</span> <span class='ocrx_word' id='word_1_376' title='bbox 727 5542 900 5603; x_wconf 88' lang='lat' dir='ltr'>Pauli</span> <span class='ocrx_word' id='word_1_377' title='bbox 931 5556 949 5603; x_wconf 77' lang='lat' dir='ltr'>t</span> <span class='ocrx_word' id='word_1_378' title='bbox 983 5542 1178 5605; x_wconf 80' lang='lat' dir='ltr'>Arma</span> <span class='ocrx_word' id='word_1_379' title='bbox 1205 5544 1454 5606; x_wconf 73' lang='lat' dir='ltr'>militia·</span> <span class='ocrx_word' id='word_1_380' title='bbox 1478 5550 1706 5607; x_wconf 57' lang='grc' dir='ltr'>ποεῖν-ω</span> <span class='ocrx_word' id='word_1_381' title='bbox 1729 5563 1848 5609; x_wconf 75' lang='lat' dir='ltr'>non</span> <span class='ocrx_word' id='word_1_382' title='bbox 1887 5562 2105 5609; x_wconf 80' lang='lat' dir='ltr'>carna-</span> 
     </span>
    </p>
   </div>
   <div class='ocr_carea' id='block_1_5' title="bbox 2188 611 3703 878">
    <p class='ocr_par' dir='ltr' id='par_1_7' title="bbox 2188 611 3703 878">
     <span class='ocr_line' id='line_1_58' title="bbox 2188 611 3699 690; baseline 0.002 -18"><span class='ocrx_word' id='word_1_383' title='bbox 2188 611 2483 687; x_wconf 86' lang='lat' dir='ltr'>Secund0,</span> <span class='ocrx_word' id='word_1_384' title='bbox 2523 618 2613 671; x_wconf 88' lang='lat' dir='ltr'>est</span> <span class='ocrx_word' id='word_1_385' title='bbox 2638 617 2855 672; x_wconf 89' lang='lat' dir='ltr'>contra</span> <span class='ocrx_word' id='word_1_386' title='bbox 2894 628 3130 671; x_wconf 90' lang='lat' dir='ltr'>morem</span> <span class='ocrx_word' id='word_1_387' title='bbox 3170 616 3230 671; x_wconf 87' lang='lat' dir='ltr'>et</span> <span class='ocrx_word' id='word_1_388' title='bbox 3259 611 3492 690; x_wconf 81' lang='lat' dir='ltr'>praxim</span> <span class='ocrx_word' id='word_1_389' title='bbox 3528 614 3699 675; x_wconf 83' lang='lat' dir='ltr'>Eccle-</span> 
     </span>
     <span class='ocr_line' id='line_1_59' title="bbox 2188 704 3703 784; baseline 0.003 -21"><span class='ocrx_word' id='word_1_390' title='bbox 2188 704 2330 778; x_wconf 82' lang='lat' dir='ltr'>siae;</span> <span class='ocrx_word' id='word_1_391' title='bbox 2370 724 2516 764; x_wconf 89' lang='lat' dir='ltr'>nam</span> <span class='ocrx_word' id='word_1_392' title='bbox 2546 704 2819 784; x_wconf 83' lang='lat' dir='ltr'>Apostoli</span> <span class='ocrx_word' id='word_1_393' title='bbox 2849 710 2910 763; x_wconf 91' lang='lat' dir='ltr'>et</span> <span class='ocrx_word' id='word_1_394' title='bbox 2944 720 3317 765; x_wconf 79' lang='lat' dir='ltr'>successores</span> <span class='ocrx_word' id='word_1_395' title='bbox 3350 721 3554 765; x_wconf 87' lang='lat' dir='ltr'>eorum</span> <span class='ocrx_word' id='word_1_396' title='bbox 3592 726 3703 784; x_wconf 85' lang='lat' dir='ltr'>pro·</span> 
     </span>
     <span class='ocr_line' id='line_1_60' title="bbox 2189 798 3702 878; baseline 0.001 -19"><span class='ocrx_word' id='word_1_397' title='bbox 2189 798 2350 859; x_wconf 85' lang='lat' dir='ltr'>fecto</span> <span class='ocrx_word' id='word_1_398' title='bbox 2380 817 2502 859; x_wconf 88' lang='lat' dir='ltr'>non</span> <span class='ocrx_word' id='word_1_399' title='bbox 2532 798 2639 858; x_wconf 89' lang='lat' dir='ltr'>illo</span> <span class='ocrx_word' id='word_1_400' title='bbox 2666 798 2845 858; x_wconf 91' lang='lat' dir='ltr'>modo</span> <span class='ocrx_word' id='word_1_401' title='bbox 2869 798 3287 878; x_wconf 78' lang='lat' dir='ltr'>praedicarunt</span> <span class='ocrx_word' id='word_1_402' title='bbox 3313 799 3702 876; x_wconf 79' lang='lat' dir='ltr'>Evangelium,</span> 
     </span>
    </p>
   </div>
   <div class='ocr_carea' id='block_1_6' title="bbox 3818 648 3820 791">
    <p class='ocr_par' dir='ltr' id='par_1_8' title="bbox 3818 648 3820 791">
     <span class='ocr_line' id='line_1_61' title="bbox 3818 648 3820 677; baseline 0 0"><span class='ocrx_word' id='word_1_403' title='bbox 3818 648 3820 677; x_wconf 69' lang='lat' dir='ltr'>l</span> 
     </span>
     <span class='ocr_line' id='line_1_62' title="bbox 3819 716 3820 747; baseline 0 0"><span class='ocrx_word' id='word_1_404' title='bbox 3819 716 3820 747; x_wconf 65' lang='lat' dir='ltr'>l</span> 
     </span>
     <span class='ocr_line' id='line_1_63' title="bbox 3819 776 3820 791; baseline 0 0"><span class='ocrx_word' id='word_1_405' title='bbox 3819 776 3820 791; x_wconf 68' lang='lat' dir='ltr'>l</span> 
     </span>
    </p>
   </div>
   <div class='ocr_carea' id='block_1_7' title="bbox 2192 891 3820 971">
    <p class='ocr_par' dir='ltr' id='par_1_9' title="bbox 2192 891 3820 971">
     <span class='ocr_line' id='line_1_64' title="bbox 2192 891 3820 971; baseline -0.001 -18"><span class='ocrx_word' id='word_1_406' title='bbox 2192 909 2395 971; x_wconf 86' lang='lat' dir='ltr'>neque</span> <span class='ocrx_word' id='word_1_407' title='bbox 2420 892 2607 953; x_wconf 85' lang='lat' dir='ltr'>etiam</span> <span class='ocrx_word' id='word_1_408' title='bbox 2644 892 2983 955; x_wconf 76' lang='lat' dir='ltr'>Pontifices,</span> <span class='ocrx_word' id='word_1_409' title='bbox 3010 891 3200 951; x_wconf 85' lang='lat' dir='ltr'>etiam</span> <span class='ocrx_word' id='word_1_410' title='bbox 3232 897 3367 971; x_wconf 87' lang='lat' dir='ltr'>post</span> <span class='ocrx_word' id='word_1_411' title='bbox 3401 894 3705 954; x_wconf 82' lang='lat' dir='ltr'>conversio-</span> <span class='ocrx_word' id='word_1_412' title='bbox 3818 896 3820 937; x_wconf 54' lang='grc' dir='ltr'>ἕ</span> 
     </span>
    </p>
   </div>
   <div class='ocr_carea' id='block_1_8' title="bbox 2194 984 3703 1064">
    <p class='ocr_par' dir='ltr' id='par_1_10' title="bbox 2194 984 3703 1064">
     <span class='ocr_line' id='line_1_65' title="bbox 2194 984 3703 1064; baseline 0.001 -18"><span class='ocrx_word' id='word_1_413' title='bbox 2194 1002 2335 1046; x_wconf 90' lang='lat' dir='ltr'>nem</span> <span class='ocrx_word' id='word_1_414' title='bbox 2364 986 2807 1064; x_wconf 83' lang='lat' dir='ltr'>imperatorum</span> <span class='ocrx_word' id='word_1_415' title='bbox 2832 984 2910 1045; x_wconf 87' lang='lat' dir='ltr'>ad</span> <span class='ocrx_word' id='word_1_416' title='bbox 2934 984 3146 1060; x_wconf 85' lang='lat' dir='ltr'>fidem,</span> <span class='ocrx_word' id='word_1_417' title='bbox 3169 992 3601 1047; x_wconf 79' lang='lat' dir='ltr'>consueverunt</span> <span class='ocrx_word' id='word_1_418' title='bbox 3618 986 3703 1049; x_wconf 86' lang='lat' dir='ltr'>illo</span> 
     </span>
    </p>
   </div>
   <div class='ocr_carea' id='block_1_9' title="bbox 2193 1076 3820 1251">
    <p class='ocr_par' dir='ltr' id='par_1_11' title="bbox 2193 1076 3820 1251">
     <span class='ocr_line' id='line_1_66' title="bbox 2194 1076 3820 1159; baseline 0.002 -20"><span class='ocrx_word' id='word_1_419' title='bbox 2194 1078 2377 1141; x_wconf 91' lang='lat' dir='ltr'>modo</span> <span class='ocrx_word' id='word_1_420' title='bbox 2424 1079 2673 1139; x_wconf 88' lang='lat' dir='ltr'>mittere</span> <span class='ocrx_word' id='word_1_421' title='bbox 2722 1078 3150 1159; x_wconf 58' lang='lat' dir='ltr'>praedicatores</span> <span class='ocrx_word' id='word_1_422' title='bbox 3191 1078 3267 1139; x_wconf 89' lang='lat' dir='ltr'>ad</span> <span class='ocrx_word' id='word_1_423' title='bbox 3316 1076 3579 1138; x_wconf 82' lang='lat' dir='ltr'>infideles</span> <span class='ocrx_word' id='word_1_424' title='bbox 3598 1124 3615 1153; x_wconf 94' lang='lat'>,</span> <span class='ocrx_word' id='word_1_425' title='bbox 3650 1087 3707 1141; x_wconf 87' lang='lat' dir='ltr'>ut</span> <span class='ocrx_word' id='word_1_426' title='bbox 3819 1118 3820 1143; x_wconf 76' lang='grc'>;</span> 
     </span>
     <span class='ocr_line' id='line_1_67' title="bbox 2193 1170 3820 1251; baseline 0 -18"><span class='ocrx_word' id='word_1_427' title='bbox 2193 1176 2432 1233; x_wconf 83' lang='lat' dir='ltr'>constat</span> <span class='ocrx_word' id='word_1_428' title='bbox 2469 1171 2548 1234; x_wconf 89' lang='lat' dir='ltr'>de</span> <span class='ocrx_word' id='word_1_429' title='bbox 2577 1171 2871 1249; x_wconf 88' lang='lat' dir='ltr'>Gregorio</span> <span class='ocrx_word' id='word_1_430' title='bbox 2900 1172 3187 1232; x_wconf 85' lang='lat' dir='ltr'>mittente</span> <span class='ocrx_word' id='word_1_431' title='bbox 3226 1170 3633 1251; x_wconf 78' lang='lat' dir='ltr'>proedicatores</span> <span class='ocrx_word' id='word_1_432' title='bbox 3652 1173 3706 1233; x_wconf 87' lang='lat' dir='ltr'>in</span> <span class='ocrx_word' id='word_1_433' title='bbox 3819 1186 3820 1249; x_wconf 58' lang='lat' dir='ltr'><em>g</em></span> 
     </span>
    </p>
   </div>
   <div class='ocr_carea' id='block_1_10' title="bbox 2194 1264 3711 1435">
    <p class='ocr_par' dir='ltr' id='par_1_12' title="bbox 2194 1264 3711 1435">
     <span class='ocr_line' id='line_1_68' title="bbox 2194 1264 3710 1345; baseline 0 -17"><span class='ocrx_word' id='word_1_434' title='bbox 2194 1266 2519 1345; x_wconf 85' lang='lat' dir='ltr'>Angliam,</span> <span class='ocrx_word' id='word_1_435' title='bbox 2568 1271 2630 1326; x_wconf 89' lang='lat' dir='ltr'>et</span> <span class='ocrx_word' id='word_1_436' title='bbox 2678 1264 3003 1326; x_wconf 86' lang='lat' dir='ltr'>similibus.</span> <span class='ocrx_word' id='word_1_437' title='bbox 3052 1265 3298 1339; x_wconf 86' lang='lat' dir='ltr'>Tertio,</span> <span class='ocrx_word' id='word_1_438' title='bbox 3342 1264 3487 1343; x_wconf 83' lang='lat' dir='ltr'>qnia</span> <span class='ocrx_word' id='word_1_439' title='bbox 3528 1283 3710 1328; x_wconf 78' lang='lat' dir='ltr'>revera</span> 
     </span>
     <span class='ocr_line' id='line_1_69' title="bbox 2194 1358 3711 1435; baseline 0 -16"><span class='ocrx_word' id='word_1_440' title='bbox 2194 1378 2319 1420; x_wconf 91' lang='lat' dir='ltr'>non</span> <span class='ocrx_word' id='word_1_441' title='bbox 2360 1365 2451 1419; x_wconf 90' lang='lat' dir='ltr'>est</span> <span class='ocrx_word' id='word_1_442' title='bbox 2490 1358 2597 1419; x_wconf 89' lang='lat' dir='ltr'>illa</span> <span class='ocrx_word' id='word_1_443' title='bbox 2624 1358 2921 1433; x_wconf 76' lang='lat' dir='ltr'>defensio,</span> <span class='ocrx_word' id='word_1_444' title='bbox 2964 1358 3067 1418; x_wconf 88' lang='lat' dir='ltr'>sed</span> <span class='ocrx_word' id='word_1_445' title='bbox 3097 1358 3439 1435; x_wconf 69' lang='lat' dir='ltr'>aggraesi03</span> <span class='ocrx_word' id='word_1_446' title='bbox 3464 1358 3613 1419; x_wconf 86' lang='lat' dir='ltr'>unde</span> <span class='ocrx_word' id='word_1_447' title='bbox 3635 1366 3711 1419; x_wconf 84' lang='lat' dir='ltr'>est</span> 
     </span>
    </p>
   </div>
   <div class='ocr_carea' id='block_1_11' title="bbox 2194 1450 3820 1525">
    <p class='ocr_par' dir='ltr' id='par_1_13' title="bbox 2194 1450 3820 1525">
     <span class='ocr_line' id='line_1_70' title="bbox 2194 1450 3820 1525; baseline -0.002 -13"><span class='ocrx_word' id='word_1_448' title='bbox 2194 1450 2474 1513; x_wconf 79' lang='lat' dir='ltr'>virtualis</span> <span class='ocrx_word' id='word_1_449' title='bbox 2510 1453 2741 1512; x_wconf 86' lang='lat' dir='ltr'>coactio</span> <span class='ocrx_word' id='word_1_450' title='bbox 2778 1453 2855 1512; x_wconf 86' lang='lat' dir='ltr'>ad</span> <span class='ocrx_word' id='word_1_451' title='bbox 2896 1451 3105 1525; x_wconf 84' lang='lat' dir='ltr'>fidem,</span> <span class='ocrx_word' id='word_1_452' title='bbox 3132 1450 3231 1511; x_wconf 80' lang='lat' dir='ltr'>vel</span> <span class='ocrx_word' id='word_1_453' title='bbox 3273 1451 3485 1511; x_wconf 80' lang='lat' dir='ltr'>saltem</span> <span class='ocrx_word' id='word_1_454' title='bbox 3521 1450 3591 1511; x_wconf 90' lang='lat' dir='ltr'>ad</span> <span class='ocrx_word' id='word_1_455' title='bbox 3624 1470 3713 1511; x_wconf 85' lang='lat' dir='ltr'>au·</span> <span class='ocrx_word' id='word_1_456' title='bbox 3819 1504 3820 1509; x_wconf 73' lang='grc'>,</span> 
     </span>
    </p>
   </div>
   <div class='ocr_carea' id='block_1_12' title="bbox 2193 1543 3713 1625">
    <p class='ocr_par' dir='ltr' id='par_1_14' title="bbox 2193 1543 3713 1625">
     <span class='ocr_line' id='line_1_71' title="bbox 2193 1543 3713 1625; baseline -0.001 -19"><span class='ocrx_word' id='word_1_457' title='bbox 2193 1544 2395 1606; x_wconf 90' lang='lat' dir='ltr'>ditum</span> <span class='ocrx_word' id='word_1_458' title='bbox 2424 1544 2592 1621; x_wconf 86' lang='lat' dir='ltr'>fidei,</span> <span class='ocrx_word' id='word_1_459' title='bbox 2616 1564 2755 1625; x_wconf 81' lang='lat' dir='ltr'>quae</span> <span class='ocrx_word' id='word_1_460' title='bbox 2794 1563 2919 1604; x_wconf 89' lang='lat' dir='ltr'>non</span> <span class='ocrx_word' id='word_1_461' title='bbox 2957 1550 3049 1605; x_wconf 90' lang='lat' dir='ltr'>est</span> <span class='ocrx_word' id='word_1_462' title='bbox 3082 1543 3275 1618; x_wconf 88' lang='lat' dir='ltr'>licita,</span> <span class='ocrx_word' id='word_1_463' title='bbox 3304 1548 3375 1603; x_wconf 88' lang='lat' dir='ltr'>ut</span> <span class='ocrx_word' id='word_1_464' title='bbox 3412 1545 3603 1604; x_wconf 83' lang='lat' dir='ltr'>statim</span> <span class='ocrx_word' id='word_1_465' title='bbox 3638 1545 3713 1605; x_wconf 86' lang='lat' dir='ltr'>di-</span> 
     </span>
    </p>
   </div>
   <div class='ocr_carea' id='block_1_13' title="bbox 2195 1637 3820 1719">
    <p class='ocr_par' dir='ltr' id='par_1_15' title="bbox 2195 1637 3820 1719">
     <span class='ocr_line' id='line_1_72' title="bbox 2195 1637 3820 1719; baseline -0.001 -20"><span class='ocrx_word' id='word_1_466' title='bbox 2195 1658 2424 1701; x_wconf 89' lang='lat' dir='ltr'>cemus.</span> <span class='ocrx_word' id='word_1_467' title='bbox 2460 1639 2839 1700; x_wconf 85' lang='lat' dir='ltr'>Antecedens</span> <span class='ocrx_word' id='word_1_468' title='bbox 2876 1637 3240 1719; x_wconf 82' lang='lat' dir='ltr'>explicatur,</span> <span class='ocrx_word' id='word_1_469' title='bbox 3272 1640 3417 1717; x_wconf 87' lang='lat' dir='ltr'>quia</span> <span class='ocrx_word' id='word_1_470' title='bbox 3456 1638 3503 1697; x_wconf 87' lang='lat' dir='ltr'>si</span> <span class='ocrx_word' id='word_1_471' title='bbox 3528 1639 3713 1717; x_wconf 79' lang='lat' dir='ltr'>praedi·</span> <span class='ocrx_word' id='word_1_472' title='bbox 3819 1658 3820 1663; x_wconf 49' lang='lat'>¹</span> 
     </span>
    </p>
   </div>
   <div class='ocr_carea' id='block_1_14' title="bbox 2194 1731 3715 2188">
    <p class='ocr_par' dir='ltr' id='par_1_16' title="bbox 2194 1731 3715 2188">
     <span class='ocr_line' id='line_1_73' title="bbox 2194 1731 3712 1811; baseline 0 -18"><span class='ocrx_word' id='word_1_473' title='bbox 2194 1739 2427 1793; x_wconf 86' lang='lat' dir='ltr'>catores</span> <span class='ocrx_word' id='word_1_474' title='bbox 2463 1734 2791 1799; x_wconf 84' lang='lat' dir='ltr'>mittantur</span> <span class='ocrx_word' id='word_1_475' title='bbox 2836 1750 2977 1793; x_wconf 87' lang='lat' dir='ltr'>cum</span> <span class='ocrx_word' id='word_1_476' title='bbox 3023 1732 3317 1807; x_wconf 83' lang='lat' dir='ltr'>exercitu,</span> <span class='ocrx_word' id='word_1_477' title='bbox 3354 1731 3443 1791; x_wconf 87' lang='lat' dir='ltr'>illi</span> <span class='ocrx_word' id='word_1_478' title='bbox 3485 1731 3559 1791; x_wconf 90' lang='lat' dir='ltr'>ad</span> <span class='ocrx_word' id='word_1_479' title='bbox 3591 1750 3712 1811; x_wconf 86' lang='lat' dir='ltr'>quos</span> 
     </span>
     <span class='ocr_line' id='line_1_74' title="bbox 2196 1824 3714 1903; baseline -0.002 -15"><span class='ocrx_word' id='word_1_480' title='bbox 2196 1829 2553 1903; x_wconf 90' lang='lat' dir='ltr'>mittuntur,</span> <span class='ocrx_word' id='word_1_481' title='bbox 2595 1826 2812 1886; x_wconf 89' lang='lat' dir='ltr'>morali</span> <span class='ocrx_word' id='word_1_482' title='bbox 2858 1825 3065 1900; x_wconf 89' lang='lat' dir='ltr'>modo,</span> <span class='ocrx_word' id='word_1_483' title='bbox 3112 1830 3174 1885; x_wconf 90' lang='lat' dir='ltr'>et</span> <span class='ocrx_word' id='word_1_484' title='bbox 3218 1843 3347 1884; x_wconf 86' lang='lat' dir='ltr'>non</span> <span class='ocrx_word' id='word_1_485' title='bbox 3394 1824 3521 1885; x_wconf 91' lang='lat' dir='ltr'>sine</span> <span class='ocrx_word' id='word_1_486' title='bbox 3561 1844 3714 1903; x_wconf 70' lang='lat' dir='ltr'>appi-</span> 
     </span>
     <span class='ocr_line' id='line_1_75' title="bbox 2195 1920 3714 2000; baseline -0.003 -16"><span class='ocrx_word' id='word_1_487' title='bbox 2195 1924 2357 1984; x_wconf 87' lang='lat' dir='ltr'>renti</span> <span class='ocrx_word' id='word_1_488' title='bbox 2398 1920 2661 1996; x_wconf 87' lang='lat' dir='ltr'>ratione,</span> <span class='ocrx_word' id='word_1_489' title='bbox 2706 1925 3087 2000; x_wconf 85' lang='lat' dir='ltr'>praesument</span> <span class='ocrx_word' id='word_1_490' title='bbox 3117 1920 3283 1979; x_wconf 84' lang='lat' dir='ltr'>mitti</span> <span class='ocrx_word' id='word_1_491' title='bbox 3312 1920 3513 1999; x_wconf 89' lang='lat' dir='ltr'>potius</span> <span class='ocrx_word' id='word_1_492' title='bbox 3544 1921 3611 1980; x_wconf 86' lang='lat' dir='ltr'>ad</span> <span class='ocrx_word' id='word_1_493' title='bbox 3635 1940 3714 1981; x_wconf 87' lang='lat' dir='ltr'>oc-</span> 
     </span>
     <span class='ocr_line' id='line_1_76' title="bbox 2195 2013 3713 2095; baseline -0.002 -19"><span class='ocrx_word' id='word_1_494' title='bbox 2195 2014 2543 2095; x_wconf 88' lang='lat' dir='ltr'>cupandam</span> <span class='ocrx_word' id='word_1_495' title='bbox 2568 2013 2971 2093; x_wconf 83' lang='lat' dir='ltr'>provinciam,</span> <span class='ocrx_word' id='word_1_496' title='bbox 2994 2032 3181 2093; x_wconf 87' lang='lat' dir='ltr'>quam</span> <span class='ocrx_word' id='word_1_497' title='bbox 3206 2013 3284 2073; x_wconf 87' lang='lat' dir='ltr'>ad</span> <span class='ocrx_word' id='word_1_498' title='bbox 3308 2013 3713 2091; x_wconf 85' lang='lat' dir='ltr'>procurandam</span> 
     </span>
     <span class='ocr_line' id='line_1_77' title="bbox 2196 2104 3715 2188; baseline -0.003 -19"><span class='ocrx_word' id='word_1_499' title='bbox 2196 2109 2459 2169; x_wconf 86' lang='lat' dir='ltr'>salutem</span> <span class='ocrx_word' id='word_1_500' title='bbox 2505 2105 2887 2188; x_wconf 88' lang='lat' dir='ltr'>spiritualem</span> <span class='ocrx_word' id='word_1_501' title='bbox 2940 2124 3175 2166; x_wconf 86' lang='lat' dir='ltr'>eorum.</span> <span class='ocrx_word' id='word_1_502' title='bbox 3230 2104 3408 2165; x_wconf 88' lang='lat' dir='ltr'>Unde</span> <span class='ocrx_word' id='word_1_503' title='bbox 3452 2104 3715 2183; x_wconf 84' lang='lat' dir='ltr'>loquendo</span> 
     </span>
    </p>
   </div>
   <div class='ocr_carea' id='block_1_15' title="bbox 2196 2196 3820 2279">
    <p class='ocr_par' dir='ltr' id='par_1_17' title="bbox 2196 2196 3820 2279">
     <span class='ocr_line' id='line_1_78' title="bbox 2196 2196 3820 2279; baseline -0.004 -16"><span class='ocrx_word' id='word_1_504' title='bbox 2196 2203 2383 2263; x_wconf 87' lang='lat' dir='ltr'>etiam</span> <span class='ocrx_word' id='word_1_505' title='bbox 2438 2199 2845 2279; x_wconf 85' lang='lat' dir='ltr'>regulariter,</span> <span class='ocrx_word' id='word_1_506' title='bbox 2894 2198 3062 2277; x_wconf 84' lang='lat' dir='ltr'>juste</span> <span class='ocrx_word' id='word_1_507' title='bbox 3118 2196 3371 2258; x_wconf 84' lang='lat' dir='ltr'>defendi</span> <span class='ocrx_word' id='word_1_508' title='bbox 3428 2202 3712 2276; x_wconf 87' lang='lat' dir='ltr'>poterunt,</span> <span class='ocrx_word' id='word_1_509' title='bbox 3819 2272 3820 2275; x_wconf 7' lang='grc' dir='ltr'><strong>Ἴ</strong></span> 
     </span>
    </p>
   </div>
   <div class='ocr_carea' id='block_1_16' title="bbox 2192 2290 3717 2374">
    <p class='ocr_par' dir='ltr' id='par_1_18' title="bbox 2192 2290 3717 2374">
     <span class='ocr_line' id='line_1_79' title="bbox 2192 2290 3717 2374; baseline -0.001 -21"><span class='ocrx_word' id='word_1_510' title='bbox 2192 2296 2371 2374; x_wconf 89' lang='lat' dir='ltr'>juxta</span> <span class='ocrx_word' id='word_1_511' title='bbox 2400 2292 2765 2373; x_wconf 84' lang='lat' dir='ltr'>prudentem</span> <span class='ocrx_word' id='word_1_512' title='bbox 2795 2292 3341 2371; x_wconf 84' lang='lat' dir='ltr'>praesumptioncm</span> <span class='ocrx_word' id='word_1_513' title='bbox 3356 2307 3377 2368; x_wconf 81' lang='lat'>3</span> <span class='ocrx_word' id='word_1_514' title='bbox 3400 2308 3541 2367; x_wconf 89' lang='lat' dir='ltr'>ergo</span> <span class='ocrx_word' id='word_1_515' title='bbox 3568 2290 3717 2351; x_wconf 82' lang='lat' dir='ltr'>datur</span> 
     </span>
    </p>
   </div>
   <div class='ocr_carea' id='block_1_17' title="bbox 2196 2383 3717 2466">
    <p class='ocr_par' dir='ltr' id='par_1_19' title="bbox 2196 2380 3820 2481">
     <span class='ocr_line' id='line_1_80' title="bbox 2196 2383 3717 2466; baseline -0.002 -18"><span class='ocrx_word' id='word_1_516' title='bbox 2196 2389 2317 2448; x_wconf 88' lang='lat' dir='ltr'>illis</span> <span class='ocrx_word' id='word_1_517' title='bbox 2356 2387 2588 2447; x_wconf 87' lang='lat' dir='ltr'>occasio</span> <span class='ocrx_word' id='word_1_518' title='bbox 2623 2386 2772 2466; x_wconf 86' lang='lat' dir='ltr'>justi</span> <span class='ocrx_word' id='word_1_519' title='bbox 2810 2383 2988 2461; x_wconf 89' lang='lat' dir='ltr'>belli,</span> <span class='ocrx_word' id='word_1_520' title='bbox 3040 2392 3102 2445; x_wconf 87' lang='lat' dir='ltr'>et</span> <span class='ocrx_word' id='word_1_521' title='bbox 3152 2386 3239 2445; x_wconf 87' lang='lat' dir='ltr'>ita</span> <span class='ocrx_word' id='word_1_522' title='bbox 3290 2384 3401 2444; x_wconf 88' lang='lat' dir='ltr'>illa</span> <span class='ocrx_word' id='word_1_523' title='bbox 3446 2384 3717 2445; x_wconf 78' lang='lat' dir='ltr'>reducitur</span> 
     </span>
    </p>
   </div>
   <div class='ocr_carea' id='block_1_18' title="bbox 2196 2476 3719 2747">
    <p class='ocr_par' dir='ltr' id='par_1_20' title="bbox 2196 2476 3719 2747">
     <span class='ocr_line' id='line_1_81' title="bbox 2196 2476 3713 2560; baseline -0.001 -21"><span class='ocrx_word' id='word_1_524' title='bbox 2196 2481 2399 2560; x_wconf 89' lang='lat' dir='ltr'>potius</span> <span class='ocrx_word' id='word_1_525' title='bbox 2424 2480 2500 2539; x_wconf 90' lang='lat' dir='ltr'>ad</span> <span class='ocrx_word' id='word_1_526' title='bbox 2522 2480 2978 2557; x_wconf 78' lang='lat' dir='ltr'>aggressionem</span> <span class='ocrx_word' id='word_1_527' title='bbox 3004 2494 3191 2557; x_wconf 85' lang='lat' dir='ltr'>quam</span> <span class='ocrx_word' id='word_1_528' title='bbox 3212 2477 3297 2537; x_wconf 87' lang='lat' dir='ltr'>ad</span> <span class='ocrx_word' id='word_1_529' title='bbox 3316 2476 3713 2538; x_wconf 77' lang='lat' dir='ltr'>defensionem.</span> 
     </span>
     <span class='ocr_line' id='line_1_82' title="bbox 2196 2571 3719 2652; baseline -0.002 -18"><span class='ocrx_word' id='word_1_530' title='bbox 2196 2574 2365 2647; x_wconf 89' lang='lat' dir='ltr'>Quod</span> <span class='ocrx_word' id='word_1_531' title='bbox 2401 2574 2453 2633; x_wconf 89' lang='lat' dir='ltr'>si</span> <span class='ocrx_word' id='word_1_532' title='bbox 2494 2573 2602 2632; x_wconf 89' lang='lat' dir='ltr'>alii</span> <span class='ocrx_word' id='word_1_533' title='bbox 2648 2590 2773 2632; x_wconf 90' lang='lat' dir='ltr'>non</span> <span class='ocrx_word' id='word_1_534' title='bbox 2821 2573 3059 2652; x_wconf 89' lang='lat' dir='ltr'>possint</span> <span class='ocrx_word' id='word_1_535' title='bbox 3104 2571 3415 2645; x_wconf 84' lang='lat' dir='ltr'>resistere,</span> <span class='ocrx_word' id='word_1_536' title='bbox 3444 2576 3505 2629; x_wconf 89' lang='lat' dir='ltr'>et</span> <span class='ocrx_word' id='word_1_537' title='bbox 3532 2571 3719 2631; x_wconf 81' lang='lat' dir='ltr'>timore</span> 
     </span>
     <span class='ocr_line' id='line_1_83' title="bbox 2196 2665 3719 2747; baseline -0.001 -20"><span class='ocrx_word' id='word_1_538' title='bbox 2196 2668 2439 2743; x_wconf 87' lang='lat' dir='ltr'>cedant,</span> <span class='ocrx_word' id='word_1_539' title='bbox 2476 2669 2605 2747; x_wconf 88' lang='lat' dir='ltr'>jam</span> <span class='ocrx_word' id='word_1_540' title='bbox 2660 2666 2767 2727; x_wconf 90' lang='lat' dir='ltr'>illa</span> <span class='ocrx_word' id='word_1_541' title='bbox 2818 2673 2909 2727; x_wconf 91' lang='lat' dir='ltr'>est</span> <span class='ocrx_word' id='word_1_542' title='bbox 2958 2667 3232 2727; x_wconf 84' lang='lat' dir='ltr'>maxima</span> <span class='ocrx_word' id='word_1_543' title='bbox 3280 2665 3530 2726; x_wconf 83' lang='lat' dir='ltr'>coactio.</span> <span class='ocrx_word' id='word_1_544' title='bbox 3576 2665 3719 2725; x_wconf 83' lang='lat' dir='ltr'>Unde</span> 
     </span>
    </p>
   </div>
   <div class='ocr_carea' id='block_1_19' title="bbox 2195 2759 3820 2838">
    <p class='ocr_par' dir='ltr' id='par_1_21' title="bbox 2195 2759 3820 2838">
     <span class='ocr_line' id='line_1_84' title="bbox 2195 2759 3820 2838; baseline -0.002 -18"><span class='ocrx_word' id='word_1_545' title='bbox 2195 2760 2619 2835; x_wconf 87' lang='lat' dir='ltr'>confirmatur,</span> <span class='ocrx_word' id='word_1_546' title='bbox 2650 2759 2795 2838; x_wconf 87' lang='lat' dir='ltr'>quia</span> <span class='ocrx_word' id='word_1_547' title='bbox 2838 2759 2993 2819; x_wconf 88' lang='lat' dir='ltr'>illud</span> <span class='ocrx_word' id='word_1_548' title='bbox 3044 2760 3327 2819; x_wconf 87' lang='lat' dir='ltr'>medium</span> <span class='ocrx_word' id='word_1_549' title='bbox 3370 2776 3495 2818; x_wconf 88' lang='lat' dir='ltr'>non</span> <span class='ocrx_word' id='word_1_550' title='bbox 3528 2764 3611 2819; x_wconf 88' lang='lat' dir='ltr'>est</span> <span class='ocrx_word' id='word_1_551' title='bbox 3632 2775 3719 2836; x_wconf 83' lang='lat' dir='ltr'>ap-</span> <span class='ocrx_word' id='word_1_552' title='bbox 3819 2826 3820 2831; x_wconf 8' lang='grc' dir='ltr'>η</span> 
     </span>
    </p>
   </div>
   <div class='ocr_carea' id='block_1_20' title="bbox 2196 2851 3719 2926">
    <p class='ocr_par' dir='ltr' id='par_1_22' title="bbox 2196 2851 3719 2926">
     <span class='ocr_line' id='line_1_85' title="bbox 2196 2851 3719 2926; baseline -0.002 -13"><span class='ocrx_word' id='word_1_553' title='bbox 2196 2860 2331 2913; x_wconf 89' lang='lat' dir='ltr'>tum</span> <span class='ocrx_word' id='word_1_554' title='bbox 2373 2852 2451 2915; x_wconf 87' lang='lat' dir='ltr'>ad</span> <span class='ocrx_word' id='word_1_555' title='bbox 2492 2851 3007 2913; x_wconf 81' lang='lat' dir='ltr'>introducendam</span> <span class='ocrx_word' id='word_1_556' title='bbox 3042 2852 3254 2926; x_wconf 88' lang='lat' dir='ltr'>fidem,</span> <span class='ocrx_word' id='word_1_557' title='bbox 3298 2870 3445 2913; x_wconf 84' lang='lat' dir='ltr'>nam</span> <span class='ocrx_word' id='word_1_558' title='bbox 3496 2851 3643 2911; x_wconf 86' lang='lat' dir='ltr'>cedit</span> <span class='ocrx_word' id='word_1_559' title='bbox 3668 2851 3719 2910; x_wconf 89' lang='lat' dir='ltr'>iu</span> 
     </span>
    </p>
   </div>
   <div class='ocr_carea' id='block_1_21' title="bbox 2194 2944 3820 3308">
    <p class='ocr_par' dir='ltr' id='par_1_23' title="bbox 2194 2944 3820 3308">
     <span class='ocr_line' id='line_1_86' title="bbox 2197 2944 3820 3027; baseline -0.003 -20"><span class='ocrx_word' id='word_1_560' title='bbox 2197 2945 2490 3025; x_wconf 87' lang='lat' dir='ltr'>injuriam</span> <span class='ocrx_word' id='word_1_561' title='bbox 2515 2950 2577 3005; x_wconf 89' lang='lat' dir='ltr'>et</span> <span class='ocrx_word' id='word_1_562' title='bbox 2594 2946 2912 3006; x_wconf 83' lang='lat' dir='ltr'>infamiam</span> <span class='ocrx_word' id='word_1_563' title='bbox 2934 2947 3104 3023; x_wconf 83' lang='lat' dir='ltr'>ejus3</span> <span class='ocrx_word' id='word_1_564' title='bbox 3124 2944 3567 3005; x_wconf 82' lang='lat' dir='ltr'>existimabunt</span> <span class='ocrx_word' id='word_1_565' title='bbox 3583 2945 3719 3003; x_wconf 87' lang='lat' dir='ltr'>enim</span> <span class='ocrx_word' id='word_1_566' title='bbox 3819 3010 3820 3027; x_wconf 23' lang='lat'>1</span> 
     </span>
     <span class='ocr_line' id='line_1_87' title="bbox 2196 3036 3820 3103; baseline -0.003 -4"><span class='ocrx_word' id='word_1_567' title='bbox 2196 3038 2475 3099; x_wconf 85' lang='lat' dir='ltr'>infideles</span> <span class='ocrx_word' id='word_1_568' title='bbox 2523 3045 2797 3098; x_wconf 87' lang='lat' dir='ltr'>nostram</span> <span class='ocrx_word' id='word_1_569' title='bbox 2844 3038 3031 3099; x_wconf 89' lang='lat' dir='ltr'>fidem</span> <span class='ocrx_word' id='word_1_570' title='bbox 3078 3038 3226 3099; x_wconf 87' lang='lat' dir='ltr'>dare</span> <span class='ocrx_word' id='word_1_571' title='bbox 3278 3037 3583 3098; x_wconf 87' lang='lat' dir='ltr'>licentiam</span> <span class='ocrx_word' id='word_1_572' title='bbox 3618 3036 3719 3095; x_wconf 80' lang='lat' dir='ltr'>vio·</span> <span class='ocrx_word' id='word_1_573' title='bbox 3819 3048 3820 3103; x_wconf 56' lang='grc' dir='ltr'>ζ</span> 
     </span>
     <span class='ocr_line' id='line_1_88' title="bbox 2195 3122 3820 3211; baseline -0.003 -18"><span class='ocrx_word' id='word_1_574' title='bbox 2195 3132 2364 3193; x_wconf 86' lang='lat' dir='ltr'>laudi</span> <span class='ocrx_word' id='word_1_575' title='bbox 2386 3132 2531 3211; x_wconf 90' lang='lat' dir='ltr'>jura</span> <span class='ocrx_word' id='word_1_576' title='bbox 2566 3134 2871 3209; x_wconf 87' lang='lat' dir='ltr'>gentium,</span> <span class='ocrx_word' id='word_1_577' title='bbox 2901 3133 3025 3191; x_wconf 88' lang='lat' dir='ltr'>imo</span> <span class='ocrx_word' id='word_1_578' title='bbox 3054 3138 3117 3193; x_wconf 89' lang='lat' dir='ltr'>et</span> <span class='ocrx_word' id='word_1_579' title='bbox 3136 3133 3241 3209; x_wconf 86' lang='lat' dir='ltr'>jus</span> <span class='ocrx_word' id='word_1_580' title='bbox 3284 3138 3545 3204; x_wconf 63' lang='lat' dir='ltr'>naturas,</span> <span class='ocrx_word' id='word_1_581' title='bbox 3572 3145 3720 3188; x_wconf 87' lang='lat' dir='ltr'>occu-</span> <span class='ocrx_word' id='word_1_582' title='bbox 3819 3122 3820 3155; x_wconf 28' lang='lat' dir='ltr'>l</span> 
     </span>
     <span class='ocr_line' id='line_1_89' title="bbox 2194 3224 3719 3308; baseline -0.004 -21"><span class='ocrx_word' id='word_1_583' title='bbox 2194 3228 2401 3308; x_wconf 88' lang='lat' dir='ltr'>pando</span> <span class='ocrx_word' id='word_1_584' title='bbox 2427 3244 2523 3287; x_wconf 89' lang='lat' dir='ltr'>res</span> <span class='ocrx_word' id='word_1_585' title='bbox 2550 3226 2805 3302; x_wconf 82' lang='lat' dir='ltr'>alienas„</span> <span class='ocrx_word' id='word_1_586' title='bbox 2838 3228 3049 3287; x_wconf 86' lang='lat' dir='ltr'>invitis</span> <span class='ocrx_word' id='word_1_587' title='bbox 3074 3226 3373 3299; x_wconf 88' lang='lat' dir='ltr'>dominis,</span> <span class='ocrx_word' id='word_1_588' title='bbox 3404 3232 3466 3286; x_wconf 88' lang='lat' dir='ltr'>et</span> <span class='ocrx_word' id='word_1_589' title='bbox 3490 3224 3719 3285; x_wconf 81' lang='lat' dir='ltr'>inferen-</span> 
     </span>
    </p>
   </div>
   <div class='ocr_carea' id='block_1_22' title="bbox 2195 3317 3720 3493">
    <p class='ocr_par' dir='ltr' id='par_1_24' title="bbox 2195 3317 3720 3493">
     <span class='ocr_line' id='line_1_90' title="bbox 2196 3317 3719 3399; baseline -0.004 -18"><span class='ocrx_word' id='word_1_590' title='bbox 2196 3321 2275 3381; x_wconf 92' lang='lat' dir='ltr'>do</span> <span class='ocrx_word' id='word_1_591' title='bbox 2326 3320 2558 3382; x_wconf 89' lang='lat' dir='ltr'>bellum</span> <span class='ocrx_word' id='word_1_592' title='bbox 2599 3321 2732 3380; x_wconf 86' lang='lat' dir='ltr'>sine</span> <span class='ocrx_word' id='word_1_593' title='bbox 2780 3320 2963 3380; x_wconf 88' lang='lat' dir='ltr'>titulo</span> <span class='ocrx_word' id='word_1_594' title='bbox 3008 3322 3198 3399; x_wconf 81' lang='lat' dir='ltr'>juste.</span> <span class='ocrx_word' id='word_1_595' title='bbox 3252 3319 3432 3381; x_wconf 86' lang='lat' dir='ltr'>Unde</span> <span class='ocrx_word' id='word_1_596' title='bbox 3480 3317 3719 3378; x_wconf 86' lang='lat' dir='ltr'>duriores</span> 
     </span>
     <span class='ocr_line' id='line_1_91' title="bbox 2195 3412 3720 3493; baseline -0.005 -17"><span class='ocrx_word' id='word_1_597' title='bbox 2195 3416 2380 3476; x_wconf 89' lang='lat' dir='ltr'>etiam</span> <span class='ocrx_word' id='word_1_598' title='bbox 2414 3414 2585 3489; x_wconf 85' lang='lat' dir='ltr'>fient,</span> <span class='ocrx_word' id='word_1_599' title='bbox 2612 3419 2673 3475; x_wconf 88' lang='lat' dir='ltr'>et</span> <span class='ocrx_word' id='word_1_600' title='bbox 2702 3416 2899 3492; x_wconf 85' lang='lat' dir='ltr'>magis</span> <span class='ocrx_word' id='word_1_601' title='bbox 2925 3414 3271 3493; x_wconf 88' lang='lat' dir='ltr'>indispositi</span> <span class='ocrx_word' id='word_1_602' title='bbox 3301 3414 3379 3475; x_wconf 86' lang='lat' dir='ltr'>ad</span> <span class='ocrx_word' id='word_1_603' title='bbox 3409 3412 3585 3473; x_wconf 80' lang='lat' dir='ltr'>{idem</span> <span class='ocrx_word' id='word_1_604' title='bbox 3614 3428 3720 3469; x_wconf 82' lang='lat' dir='ltr'>sus·</span> 
     </span>
    </p>
   </div>
   <div class='ocr_carea' id='block_1_23' title="bbox 2194 3503 3820 3587">
    <p class='ocr_par' dir='ltr' id='par_1_25' title="bbox 2194 3503 3820 3587">
     <span class='ocr_line' id='line_1_92' title="bbox 2194 3503 3820 3587; baseline -0.005 -18"><span class='ocrx_word' id='word_1_605' title='bbox 2194 3508 2573 3587; x_wconf 83' lang='lat' dir='ltr'>cipiendam3</span> <span class='ocrx_word' id='word_1_606' title='bbox 2602 3526 2728 3567; x_wconf 90' lang='lat' dir='ltr'>non</span> <span class='ocrx_word' id='word_1_607' title='bbox 2759 3513 2852 3567; x_wconf 92' lang='lat' dir='ltr'>est</span> <span class='ocrx_word' id='word_1_608' title='bbox 2878 3524 3025 3583; x_wconf 85' lang='lat' dir='ltr'>ergo</span> <span class='ocrx_word' id='word_1_609' title='bbox 3054 3507 3257 3567; x_wconf 89' lang='lat' dir='ltr'>licitus</span> <span class='ocrx_word' id='word_1_610' title='bbox 3286 3506 3395 3567; x_wconf 87' lang='lat' dir='ltr'>ille</span> <span class='ocrx_word' id='word_1_611' title='bbox 3424 3504 3627 3567; x_wconf 86' lang='lat' dir='ltr'>modus</span> <span class='ocrx_word' id='word_1_612' title='bbox 3644 3503 3719 3563; x_wconf 83' lang='lat' dir='ltr'>in·</span> <span class='ocrx_word' id='word_1_613' title='bbox 3819 3522 3820 3525; x_wconf 43' lang='lat'>¹</span> 
     </span>
    </p>
   </div>
   <div class='ocr_carea' id='block_1_24' title="bbox 2196 3598 3284 3679">
    <p class='ocr_par' dir='ltr' id='par_1_26' title="bbox 2196 3598 3284 3679">
     <span class='ocr_line' id='line_1_93' title="bbox 2196 3598 3284 3679; baseline -0.001 -20"><span class='ocrx_word' id='word_1_614' title='bbox 2196 3600 2555 3659; x_wconf 84' lang='lat' dir='ltr'>troducendi</span> <span class='ocrx_word' id='word_1_615' title='bbox 2584 3598 3079 3679; x_wconf 83' lang='lat' dir='ltr'>praedicationem</span> <span class='ocrx_word' id='word_1_616' title='bbox 3112 3598 3284 3659; x_wconf 84' lang='lat' dir='ltr'>fidei.</span> 
     </span>
    </p>
   </div>
   <div class='ocr_carea' id='block_1_25' title="bbox 2190 3690 3820 4141">
    <p class='ocr_par' dir='ltr' id='par_1_27' title="bbox 2190 3690 3820 4141">
     <span class='ocr_line' id='line_1_94' title="bbox 2276 3690 3820 3773; baseline -0.003 -22"><span class='ocrx_word' id='word_1_617' title='bbox 2276 3694 2371 3754; x_wconf 78' lang='lat'>10.</span> <span class='ocrx_word' id='word_1_618' title='bbox 2437 3692 2727 3765; x_wconf 78' lang='lat' dir='ltr'>Quomodo</span> <span class='ocrx_word' id='word_1_619' title='bbox 2783 3710 2844 3753; x_wconf 78' lang='lat' dir='ltr'>se</span> <span class='ocrx_word' id='word_1_620' title='bbox 2900 3710 3103 3773; x_wconf 65' lang='lat' dir='ltr'>perere</span> <span class='ocrx_word' id='word_1_621' title='bbox 3155 3693 3404 3753; x_wconf 75' lang='lat' dir='ltr'>debeant</span> <span class='ocrx_word' id='word_1_622' title='bbox 3447 3690 3720 3771; x_wconf 68' lang='lat' dir='ltr'>pn&#39;noipss</span> <span class='ocrx_word' id='word_1_623' title='bbox 3819 3718 3820 3733; x_wconf 34' lang='grc' dir='ltr'><strong>κ</strong></span> 
     </span>
     <span class='ocr_line' id='line_1_95' title="bbox 2194 3780 3820 3863; baseline -0.004 -16"><span class='ocrx_word' id='word_1_624' title='bbox 2194 3785 2519 3847; x_wconf 64' lang='lat' dir='ltr'>christiani</span> <span class='ocrx_word' id='word_1_625' title='bbox 2550 3802 2683 3846; x_wconf 74' lang='lat' dir='ltr'>oum</span> <span class='ocrx_word' id='word_1_626' title='bbox 2718 3784 3078 3863; x_wconf 77' lang='lat' dir='ltr'>infidelibus,</span> <span class='ocrx_word' id='word_1_627' title='bbox 3110 3786 3193 3845; x_wconf 83' lang='lat' dir='ltr'>od</span> <span class='ocrx_word' id='word_1_628' title='bbox 3227 3785 3339 3845; x_wconf 80' lang='grc' dir='ltr'><em>Ιιοσ</em></span> <span class='ocrx_word' id='word_1_629' title='bbox 3364 3790 3431 3845; x_wconf 66' lang='grc' dir='ltr'>ιιι</span> <span class='ocrx_word' id='word_1_630' title='bbox 3465 3782 3719 3861; x_wconf 78' lang='lat' dir='ltr'>prcedioa-</span> <span class='ocrx_word' id='word_1_631' title='bbox 3819 3780 3820 3783; x_wconf 73' lang='grc'>’</span> 
     </span>
     <span class='ocr_line' id='line_1_96' title="bbox 2194 3874 3820 3957; baseline -0.005 -18"><span class='ocrx_word' id='word_1_632' title='bbox 2194 3878 2347 3939; x_wconf 72' lang='lat' dir='ltr'>ttoni</span> <span class='ocrx_word' id='word_1_633' title='bbox 2375 3879 2514 3939; x_wconf 76' lang='lat' dir='ltr'>dent</span> <span class='ocrx_word' id='word_1_634' title='bbox 2542 3878 2852 3939; x_wconf 80' lang='lat' dir='ltr'>locum.—-</span> <span class='ocrx_word' id='word_1_635' title='bbox 2878 3876 3259 3957; x_wconf 87' lang='lat' dir='ltr'>Quapropter</span> <span class='ocrx_word' id='word_1_636' title='bbox 3302 3874 3617 3936; x_wconf 87' lang='lat' dir='ltr'>dicendum</span> <span class='ocrx_word' id='word_1_637' title='bbox 3648 3876 3723 3931; x_wconf 86' lang='lat' dir='ltr'>cst</span> <span class='ocrx_word' id='word_1_638' title='bbox 3819 3902 3820 3931; x_wconf 76' lang='grc'><strong>;</strong></span> 
     </span>
     <span class='ocr_line' id='line_1_97' title="bbox 2193 3966 3820 4049; baseline -0.004 -20"><span class='ocrx_word' id='word_1_639' title='bbox 2193 3974 2364 4049; x_wconf 87' lang='lat' dir='ltr'>prius</span> <span class='ocrx_word' id='word_1_640' title='bbox 2392 3988 2520 4030; x_wconf 82' lang='lat' dir='ltr'>esse</span> <span class='ocrx_word' id='word_1_641' title='bbox 2552 3970 2849 4029; x_wconf 88' lang='lat' dir='ltr'>tentanda</span> <span class='ocrx_word' id='word_1_642' title='bbox 2879 3971 3083 4030; x_wconf 89' lang='lat' dir='ltr'>media</span> <span class='ocrx_word' id='word_1_643' title='bbox 3123 3970 3314 4049; x_wconf 80' lang='lat' dir='ltr'>pacis„</span> <span class='ocrx_word' id='word_1_644' title='bbox 3344 3966 3649 4029; x_wconf 82' lang='lat' dir='ltr'>invitando</span> <span class='ocrx_word' id='word_1_645' title='bbox 3672 3968 3720 4022; x_wconf 87' lang='lat' dir='ltr'>et</span> <span class='ocrx_word' id='word_1_646' title='bbox 3819 4012 3820 4023; x_wconf 48' lang='lat'>2</span> 
     </span>
     <span class='ocr_line' id='line_1_98' title="bbox 2190 4054 3820 4141; baseline -0.006 -18"><span class='ocrx_word' id='word_1_647' title='bbox 2190 4063 2465 4141; x_wconf 81' lang='lat' dir='ltr'>rogando</span> <span class='ocrx_word' id='word_1_648' title='bbox 2495 4062 2683 4123; x_wconf 86' lang='lat' dir='ltr'>semel</span> <span class='ocrx_word' id='word_1_649' title='bbox 2720 4069 2904 4141; x_wconf 87' lang='lat' dir='ltr'>atque</span> <span class='ocrx_word' id='word_1_650' title='bbox 2950 4063 3175 4122; x_wconf 88' lang='lat' dir='ltr'>iterum</span> <span class='ocrx_word' id='word_1_651' title='bbox 3205 4060 3487 4122; x_wconf 86' lang='lat' dir='ltr'>infideles</span> <span class='ocrx_word' id='word_1_652' title='bbox 3524 4056 3717 4137; x_wconf 83' lang='lat' dir='ltr'>princi·</span> <span class='ocrx_word' id='word_1_653' title='bbox 3819 4054 3820 4107; x_wconf 58' lang='grc' dir='ltr'><strong>ὲ</strong></span> 
     </span>
    </p>
   </div>
   <div class='ocr_carea' id='block_1_26' title="bbox 2190 4151 3721 4234">
    <p class='ocr_par' dir='ltr' id='par_1_28' title="bbox 2190 4151 3721 4234">
     <span class='ocr_line' id='line_1_99' title="bbox 2190 4151 3721 4234; baseline -0.005 -20"><span class='ocrx_word' id='word_1_654' title='bbox 2190 4173 2295 4234; x_wconf 82' lang='lat' dir='ltr'>pes</span> <span class='ocrx_word' id='word_1_655' title='bbox 2331 4154 2429 4213; x_wconf 79' lang='lat' dir='ltr'>vei</span> <span class='ocrx_word' id='word_1_656' title='bbox 2456 4153 2858 4233; x_wconf 84' lang='lat' dir='ltr'>respublicas,</span> <span class='ocrx_word' id='word_1_657' title='bbox 2890 4160 2961 4212; x_wconf 85' lang='lat' dir='ltr'>ut</span> <span class='ocrx_word' id='word_1_658' title='bbox 3004 4154 3373 4231; x_wconf 86' lang='lat' dir='ltr'>permittant</span> <span class='ocrx_word' id='word_1_659' title='bbox 3412 4154 3477 4213; x_wconf 89' lang='lat' dir='ltr'>in</span> <span class='ocrx_word' id='word_1_660' title='bbox 3502 4151 3621 4210; x_wconf 88' lang='lat' dir='ltr'>suis</span> <span class='ocrx_word' id='word_1_661' title='bbox 3644 4166 3721 4207; x_wconf 88' lang='lat' dir='ltr'>re·</span> 
     </span>
    </p>
   </div>
   <div class='ocr_carea' id='block_1_27' title="bbox 3817 1018 3822 4139">
    <p class='ocr_par' dir='ltr' id='par_1_29' title="bbox 3817 1018 3822 4139">
     <span class='ocr_line' id='line_1_100' title="bbox 3817 1018 3822 4139; baseline 0 0"><span class='ocrx_word' id='word_1_662' title='bbox 3817 1018 3822 4139; x_wconf 95' lang='lat' dir='ltr'> </span> 
     </span>
    </p>
   </div>
   <div class='ocr_carea' id='block_1_28' title="bbox 2192 4240 3820 4325">
    <p class='ocr_par' dir='ltr' id='par_1_30' title="bbox 2192 4240 3820 4325">
     <span class='ocr_line' id='line_1_101' title="bbox 2192 4240 3820 4325; baseline -0.007 -20"><span class='ocrx_word' id='word_1_663' title='bbox 2192 4248 2332 4325; x_wconf 83' lang='lat' dir='ltr'>gnis</span> <span class='ocrx_word' id='word_1_664' title='bbox 2358 4247 2681 4325; x_wconf 66' lang='lat' dir='ltr'>praedicari</span> <span class='ocrx_word' id='word_1_665' title='bbox 2721 4246 2931 4321; x_wconf 88' lang='lat' dir='ltr'>fidem,</span> <span class='ocrx_word' id='word_1_666' title='bbox 2964 4253 3026 4307; x_wconf 89' lang='lat' dir='ltr'>et</span> <span class='ocrx_word' id='word_1_667' title='bbox 3052 4246 3315 4305; x_wconf 86' lang='lat' dir='ltr'>offerant</span> <span class='ocrx_word' id='word_1_668' title='bbox 3358 4243 3457 4305; x_wconf 85' lang='lat' dir='ltr'>vel</span> <span class='ocrx_word' id='word_1_669' title='bbox 3500 4240 3719 4323; x_wconf 84' lang='lat' dir='ltr'>permit·</span> <span class='ocrx_word' id='word_1_670' title='bbox 3819 4278 3820 4293; x_wconf 61' lang='grc'>,</span> 
     </span>
    </p>
   </div>
   <div class='ocr_carea' id='block_1_29' title="bbox 2192 4334 3820 4417">
    <p class='ocr_par' dir='ltr' id='par_1_31' title="bbox 2192 4334 3820 4417">
     <span class='ocr_line' id='line_1_102' title="bbox 2192 4334 3820 4417; baseline -0.006 -19"><span class='ocrx_word' id='word_1_671' title='bbox 2192 4345 2328 4399; x_wconf 86' lang='lat' dir='ltr'>tant</span> <span class='ocrx_word' id='word_1_672' title='bbox 2354 4340 2740 4399; x_wconf 85' lang='lat' dir='ltr'>securitatem</span> <span class='ocrx_word' id='word_1_673' title='bbox 2770 4339 3041 4417; x_wconf 87' lang='lat' dir='ltr'>personis</span> <span class='ocrx_word' id='word_1_674' title='bbox 3066 4338 3143 4398; x_wconf 89' lang='lat' dir='ltr'>ad</span> <span class='ocrx_word' id='word_1_675' title='bbox 3166 4337 3321 4397; x_wconf 88' lang='lat' dir='ltr'>illud</span> <span class='ocrx_word' id='word_1_676' title='bbox 3340 4355 3566 4397; x_wconf 60' lang='lat' dir='ltr'>⁴munus</span> <span class='ocrx_word' id='word_1_677' title='bbox 3592 4350 3719 4413; x_wconf 80' lang='lat' dir='ltr'>prae-</span> <span class='ocrx_word' id='word_1_678' title='bbox 3819 4334 3820 4365; x_wconf 72' lang='lat'>³</span> 
     </span>
    </p>
   </div>
   <div class='ocr_carea' id='block_1_30' title="bbox 2192 4426 3820 4696">
    <p class='ocr_par' dir='ltr' id='par_1_32' title="bbox 2192 4426 3820 4696">
     <span class='ocr_line' id='line_1_103' title="bbox 2192 4426 3820 4517; baseline -0.006 -25"><span class='ocrx_word' id='word_1_679' title='bbox 2192 4432 2481 4492; x_wconf 87' lang='lat' dir='ltr'>standum</span> <span class='ocrx_word' id='word_1_680' title='bbox 2508 4451 2618 4492; x_wconf 86' lang='lat' dir='ltr'>sua</span> <span class='ocrx_word' id='word_1_681' title='bbox 2648 4450 2841 4510; x_wconf 83' lang='lat' dir='ltr'>regna</span> <span class='ocrx_word' id='word_1_682' title='bbox 2870 4430 3382 4510; x_wconf 84' lang='lat' dir='ltr'>ingredientibus,</span> <span class='ocrx_word' id='word_1_683' title='bbox 3409 4428 3505 4489; x_wconf 78' lang='lat' dir='ltr'>vel</span> <span class='ocrx_word' id='word_1_684' title='bbox 3530 4430 3591 4487; x_wconf 88' lang='lat' dir='ltr'>in</span> <span class='ocrx_word' id='word_1_685' title='bbox 3616 4426 3719 4485; x_wconf 87' lang='lat' dir='ltr'>illis</span> <span class='ocrx_word' id='word_1_686' title='bbox 3819 4476 3820 4517; x_wconf 65' lang='lat'>3</span> 
     </span>
     <span class='ocr_line' id='line_1_104' title="bbox 2192 4518 3820 4597; baseline -0.006 -12"><span class='ocrx_word' id='word_1_687' title='bbox 2192 4524 2734 4585; x_wconf 86' lang='lat' dir='ltr'>commorantibus.</span> <span class='ocrx_word' id='word_1_688' title='bbox 2764 4522 2939 4597; x_wconf 89' lang='lat' dir='ltr'>Quod</span> <span class='ocrx_word' id='word_1_689' title='bbox 2976 4522 3217 4583; x_wconf 84' lang='lat' dir='ltr'>videtur</span> <span class='ocrx_word' id='word_1_690' title='bbox 3244 4522 3515 4582; x_wconf 84' lang='lat' dir='ltr'>Christus</span> <span class='ocrx_word' id='word_1_691' title='bbox 3544 4518 3720 4579; x_wconf 88' lang='lat' dir='ltr'>Domi·</span> <span class='ocrx_word' id='word_1_692' title='bbox 3819 4542 3820 4551; x_wconf 48' lang='lat'>¹</span> 
     </span>
     <span class='ocr_line' id='line_1_105' title="bbox 2192 4612 3820 4696; baseline -0.006 -19"><span class='ocrx_word' id='word_1_693' title='bbox 2192 4636 2309 4677; x_wconf 85' lang='lat' dir='ltr'>nus</span> <span class='ocrx_word' id='word_1_694' title='bbox 2340 4616 2735 4695; x_wconf 82' lang='lat' dir='ltr'>significasse,</span> <span class='ocrx_word' id='word_1_695' title='bbox 2784 4634 2925 4677; x_wconf 89' lang='lat' dir='ltr'>cum</span> <span class='ocrx_word' id='word_1_696' title='bbox 2960 4616 3169 4677; x_wconf 85' lang='lat' dir='ltr'>docuit</span> <span class='ocrx_word' id='word_1_697' title='bbox 3207 4615 3541 4696; x_wconf 75' lang='lat' dir='ltr'>ApostoloS,</span> <span class='ocrx_word' id='word_1_698' title='bbox 3589 4626 3718 4689; x_wconf 83' lang='lat' dir='ltr'>quos</span> <span class='ocrx_word' id='word_1_699' title='bbox 3819 4612 3820 4695; x_wconf 51' lang='grc' dir='ltr'>ᾗ</span> 
     </span>
    </p>
   </div>
   <div class='ocr_carea' id='block_1_31' title="bbox 2190 4706 3718 4787">
    <p class='ocr_par' dir='ltr' id='par_1_33' title="bbox 2190 4706 3718 4787">
     <span class='ocr_line' id='line_1_106' title="bbox 2190 4706 3718 4787; baseline -0.005 -18"><span class='ocrx_word' id='word_1_700' title='bbox 2190 4709 2268 4769; x_wconf 87' lang='lat' dir='ltr'>ad</span> <span class='ocrx_word' id='word_1_701' title='bbox 2300 4708 2755 4787; x_wconf 74' lang='lat' dir='ltr'>praedicandum</span> <span class='ocrx_word' id='word_1_702' title='bbox 2792 4709 3096 4784; x_wconf 83' lang='lat' dir='ltr'>mittebat,</span> <span class='ocrx_word' id='word_1_703' title='bbox 3126 4715 3198 4769; x_wconf 86' lang='lat' dir='ltr'>ut</span> <span class='ocrx_word' id='word_1_704' title='bbox 3224 4714 3369 4769; x_wconf 83' lang='lat' dir='ltr'>aute</span> <span class='ocrx_word' id='word_1_705' title='bbox 3406 4706 3604 4766; x_wconf 85' lang='lat' dir='ltr'>omnia</span> <span class='ocrx_word' id='word_1_706' title='bbox 3626 4720 3718 4781; x_wconf 75' lang='lat' dir='ltr'>pa·</span> 
     </span>
    </p>
   </div>
   <div class='ocr_carea' id='block_1_32' title="bbox 2190 4798 3820 5067">
    <p class='ocr_par' dir='ltr' id='par_1_34' title="bbox 2190 4788 3820 5067">
     <span class='ocr_line' id='line_1_107' title="bbox 2192 4798 3715 4877; baseline -0.006 -14"><span class='ocrx_word' id='word_1_707' title='bbox 2192 4820 2325 4863; x_wconf 88' lang='lat' dir='ltr'>cem</span> <span class='ocrx_word' id='word_1_708' title='bbox 2366 4802 2828 4874; x_wconf 83' lang='lat' dir='ltr'>annuntiarent,</span> <span class='ocrx_word' id='word_1_709' title='bbox 2856 4802 3133 4863; x_wconf 82' lang='lat' dir='ltr'>Matthaei</span> <span class='ocrx_word' id='word_1_710' title='bbox 3172 4803 3268 4863; x_wconf 74' lang='lat'>10.</span> <span class='ocrx_word' id='word_1_711' title='bbox 3300 4800 3473 4875; x_wconf 86' lang='lat' dir='ltr'>Quod</span> <span class='ocrx_word' id='word_1_712' title='bbox 3494 4798 3545 4859; x_wconf 92' lang='lat' dir='ltr'>si</span> <span class='ocrx_word' id='word_1_713' title='bbox 3569 4798 3715 4877; x_wconf 84' lang='lat' dir='ltr'>prin·</span> 
     </span>
     <span class='ocr_line' id='line_1_108' title="bbox 2190 4894 3820 4983; baseline -0.004 -28"><span class='ocrx_word' id='word_1_714' title='bbox 2190 4896 2351 4975; x_wconf 86' lang='lat' dir='ltr'>cipes</span> <span class='ocrx_word' id='word_1_715' title='bbox 2392 4894 2671 4957; x_wconf 86' lang='lat' dir='ltr'>infideles</span> <span class='ocrx_word' id='word_1_716' title='bbox 2710 4896 3019 4970; x_wconf 80' lang='lat' dir='ltr'>resistant,</span> <span class='ocrx_word' id='word_1_717' title='bbox 3050 4903 3112 4956; x_wconf 87' lang='lat' dir='ltr'>et</span> <span class='ocrx_word' id='word_1_718' title='bbox 3158 4895 3501 4974; x_wconf 86' lang='lat' dir='ltr'>ingressum</span> <span class='ocrx_word' id='word_1_719' title='bbox 3528 4906 3717 4951; x_wconf 87' lang='lat' dir='ltr'>conce-</span> <span class='ocrx_word' id='word_1_720' title='bbox 3819 4904 3820 4983; x_wconf 65' lang='lat' dir='ltr'><em>J</em></span> 
     </span>
     <span class='ocr_line' id='line_1_109' title="bbox 2190 4982 3820 5067; baseline -0.005 -20"><span class='ocrx_word' id='word_1_721' title='bbox 2190 4988 2331 5049; x_wconf 87' lang='lat' dir='ltr'>dere</span> <span class='ocrx_word' id='word_1_722' title='bbox 2374 4988 2641 5067; x_wconf 78' lang='lat' dir='ltr'>nollent,</span> <span class='ocrx_word' id='word_1_723' title='bbox 2676 4994 2825 5048; x_wconf 87' lang='lat' dir='ltr'>tunc</span> <span class='ocrx_word' id='word_1_724' title='bbox 2862 4988 3147 5049; x_wconf 76' lang='lat' dir='ltr'>existimo</span> <span class='ocrx_word' id='word_1_725' title='bbox 3190 4989 3329 5065; x_wconf 87' lang='lat' dir='ltr'>cogi</span> <span class='ocrx_word' id='word_1_726' title='bbox 3376 5004 3565 5065; x_wconf 85' lang='lat' dir='ltr'>posse,</span> <span class='ocrx_word' id='word_1_727' title='bbox 3592 4982 3716 5042; x_wconf 84' lang='lat' dir='ltr'>mit·</span> <span class='ocrx_word' id='word_1_728' title='bbox 3819 5040 3820 5063; x_wconf 13' lang='grc' dir='ltr'><strong>ξ</strong></span> 
     </span>
    </p>
   </div>
   <div class='ocr_carea' id='block_1_33' title="bbox 2186 5076 3713 5627">
    <p class='ocr_par' dir='ltr' id='par_1_35' title="bbox 2186 5076 3713 5627">
     <span class='ocr_line' id='line_1_110' title="bbox 2191 5076 3712 5159; baseline -0.005 -19"><span class='ocrx_word' id='word_1_729' title='bbox 2191 5081 2376 5142; x_wconf 89' lang='lat' dir='ltr'>tendo</span> <span class='ocrx_word' id='word_1_730' title='bbox 2426 5082 2851 5159; x_wconf 68' lang='lat' dir='ltr'>praedicatores</span> <span class='ocrx_word' id='word_1_731' title='bbox 2899 5098 3041 5140; x_wconf 87' lang='lat' dir='ltr'>cum</span> <span class='ocrx_word' id='word_1_732' title='bbox 3086 5079 3411 5141; x_wconf 86' lang='lat' dir='ltr'>sufficienti</span> <span class='ocrx_word' id='word_1_733' title='bbox 3444 5076 3712 5147; x_wconf 87' lang='lat' dir='ltr'>exercitu,</span> 
     </span>
     <span class='ocr_line' id='line_1_111' title="bbox 2188 5169 3713 5253; baseline -0.006 -19"><span class='ocrx_word' id='word_1_734' title='bbox 2188 5182 2437 5253; x_wconf 86' lang='lat' dir='ltr'>propter</span> <span class='ocrx_word' id='word_1_735' title='bbox 2467 5175 2737 5234; x_wconf 89' lang='lat' dir='ltr'>rationes</span> <span class='ocrx_word' id='word_1_736' title='bbox 2764 5192 2949 5253; x_wconf 86' lang='lat' dir='ltr'>supra</span> <span class='ocrx_word' id='word_1_737' title='bbox 2978 5174 3197 5247; x_wconf 84' lang='lat' dir='ltr'>factas;</span> <span class='ocrx_word' id='word_1_738' title='bbox 3224 5181 3286 5234; x_wconf 88' lang='lat' dir='ltr'>ct</span> <span class='ocrx_word' id='word_1_739' title='bbox 3312 5172 3497 5233; x_wconf 86' lang='lat' dir='ltr'>simili</span> <span class='ocrx_word' id='word_1_740' title='bbox 3532 5169 3713 5240; x_wconf 84' lang='lat' dir='ltr'>modo,</span> 
     </span>
     <span class='ocr_line' id='line_1_112' title="bbox 2187 5260 3712 5346; baseline -0.007 -19"><span class='ocrx_word' id='word_1_741' title='bbox 2187 5267 2260 5342; x_wconf 87' lang='lat' dir='ltr'>si,</span> <span class='ocrx_word' id='word_1_742' title='bbox 2289 5274 2425 5346; x_wconf 90' lang='lat' dir='ltr'>post</span> <span class='ocrx_word' id='word_1_743' title='bbox 2452 5274 2725 5345; x_wconf 79' lang='lat' dir='ltr'>receptos</span> <span class='ocrx_word' id='word_1_744' title='bbox 2752 5267 3204 5345; x_wconf 58' lang='lat' dir='ltr'>praedicatores,</span> <span class='ocrx_word' id='word_1_745' title='bbox 3228 5284 3353 5339; x_wconf 91' lang='lat' dir='ltr'>eos,</span> <span class='ocrx_word' id='word_1_746' title='bbox 3383 5266 3509 5325; x_wconf 87' lang='lat' dir='ltr'>sine</span> <span class='ocrx_word' id='word_1_747' title='bbox 3532 5260 3712 5339; x_wconf 88' lang='lat' dir='ltr'>culpa,</span> 
     </span>
     <span class='ocr_line' id='line_1_113' title="bbox 2188 5358 3713 5439; baseline -0.007 -18"><span class='ocrx_word' id='word_1_748' title='bbox 2188 5367 2250 5421; x_wconf 90' lang='lat' dir='ltr'>et</span> <span class='ocrx_word' id='word_1_749' title='bbox 2290 5360 2518 5439; x_wconf 85' lang='lat' dir='ltr'>absque</span> <span class='ocrx_word' id='word_1_750' title='bbox 2555 5361 2675 5420; x_wconf 90' lang='lat' dir='ltr'>alia</span> <span class='ocrx_word' id='word_1_751' title='bbox 2708 5376 2915 5431; x_wconf 85' lang='lat' dir='ltr'>causa,</span> <span class='ocrx_word' id='word_1_752' title='bbox 2954 5366 3203 5439; x_wconf 86' lang='lat' dir='ltr'>propter</span> <span class='ocrx_word' id='word_1_753' title='bbox 3244 5358 3713 5439; x_wconf 66' lang='lat' dir='ltr'>praedicationem</span> 
     </span>
     <span class='ocr_line' id='line_1_114' title="bbox 2186 5452 3708 5531; baseline -0.006 -18"><span class='ocrx_word' id='word_1_754' title='bbox 2186 5452 2503 5531; x_wconf 80' lang='lat' dir='ltr'>Evangelii</span> <span class='ocrx_word' id='word_1_755' title='bbox 2544 5452 2939 5529; x_wconf 79' lang='lat' dir='ltr'>interficiant,</span> <span class='ocrx_word' id='word_1_756' title='bbox 2984 5454 3082 5513; x_wconf 77' lang='lat' dir='ltr'>vel</span> <span class='ocrx_word' id='word_1_757' title='bbox 3127 5453 3416 5531; x_wconf 84' lang='lat' dir='ltr'>injuriose</span> <span class='ocrx_word' id='word_1_758' title='bbox 3454 5452 3708 5519; x_wconf 82' lang='lat' dir='ltr'>tractent,</span> 
     </span>
     <span class='ocr_line' id='line_1_115' title="bbox 2186 5539 3706 5627; baseline 0.004 -22"><span class='ocrx_word' id='word_1_759' title='bbox 2186 5552 2335 5607; x_wconf 87' lang='lat' dir='ltr'>tunc</span> <span class='ocrx_word' id='word_1_760' title='bbox 2378 5546 2567 5607; x_wconf 86' lang='lat' dir='ltr'>etiam</span> <span class='ocrx_word' id='word_1_761' title='bbox 2612 5553 2874 5626; x_wconf 83' lang='lat' dir='ltr'>augetur</span> <span class='ocrx_word' id='word_1_762' title='bbox 2926 5546 3085 5607; x_wconf 87' lang='lat' dir='ltr'>ratio</span> <span class='ocrx_word' id='word_1_763' title='bbox 3123 5547 3309 5627; x_wconf 73' lang='lat' dir='ltr'>justus</span> <span class='ocrx_word' id='word_1_764' title='bbox 3348 5539 3706 5611; x_wconf 72' lang='lat' dir='ltr'>defensionis,</span> 
     </span>
    </p>
   </div>
  </div>
 </body>
</html>
