3900 6217
654 391 773 455 170

648 497 929 560 tellectns
954 493 1367 571 convincitur,
1394 500 1457 556 et
1484 511 1562 556 ex
1586 493 1949 555 necessitate
1977 492 2212 554 induci-

651 597 777 667 tur,
816 597 880 652 et
912 591 1000 652 ita
1040 609 1150 670 per
1190 588 1364 650 illam
1408 588 1776 668 particulam
1810 587 2216 667 distinguitur

651 684 984 746 christiana
1024 682 1177 744 fides
1203 682 1283 744 ab
1318 681 1624 758 humana3
1657 680 1830 743 addit
1870 699 2043 755 vero,
2080 698 2212 742 esse

648 795 769 840 non
790 778 1235 856 apparentium,
1257 775 1473 853 utique
1492 793 1723 850 rerum,
1746 793 1854 836 seu
1880 777 2213 836 veritatum

652 888 791 952 qum
819 887 943 932 non
979 869 1291 946 videntur,
1320 876 1391 930 ut
1416 874 1549 930 tota
1586 868 1847 932 materia
1870 867 2017 929 fidei
2045 885 2210 929 com·
2249 920 2256 924 .

650 961 1092 1045 prehendatur,
1124 968 1187 1024 et
1226 967 1399 1024 aetus
1444 961 1589 1024 fidei
1628 961 1709 1024 ab
1736 967 1880 1024 actu
1926 960 2211 1024 evidente

652 1057 1073 1135 distinguatur
1086 1073 1107 1134 3
1140 1062 1203 1120 et
1240 1057 1327 1119 ita
1357 1056 1447 1118 ibi
1481 1057 1671 1119 etiam
1709 1055 2020 1118 indicatur
2055 1057 2212 1118 ratio

650 1151 1062 1228 assentiendi,
1104 1169 1244 1230 quse
1290 1169 1421 1213 esse
1466 1150 1650 1212 debet
1693 1149 2028 1212 auctoritas
2077 1149 2208 1224 Dei,

650 1247 801 1326 quia
824 1263 951 1308 non
974 1250 1179 1325 posset
1199 1262 1481 1306 assensus
1503 1243 1797 1306 obscurus
1818 1261 1948 1305 esse
1971 1243 2060 1304 ita
2083 1261 2213 1306 cer·

648 1347 775 1415 tus,
794 1341 917 1402 nisi
948 1341 1013 1404 in
1042 1342 1165 1402 Deo
1192 1339 1516 1415 niteretur,
1539 1345 1600 1400 et
1624 1338 1713 1399 'sic
1742 1355 1850 1418 per
1869 1335 2002 1398 haec
2024 1336 2213 1398 verba

652 1433 956 1514 explicata
984 1439 1077 1495 est
1100 1432 1473 1495 sufficienter
1503 1438 1726 1493 natura
1754 1437 1925 1494 actus
1950 1430 2120 1500 fidei,
2151 1437 2214 1492 et

648 1526 849 1588 soluta
876 1533 1132 1589 manent
1154 1526 1496 1588 secundum
1520 1534 1581 1588 et
1606 1525 1859 1588 tertium
1879 1543 2211 1604 argumen-

645 1627 807 1682 tum.

732 1719 795 1778 6.
824 1715 929 1780 Aa
943 1717 1209 1796 primam
1227 1715 1563 1778 suasionem
1581 1717 1648 1778 in
1674 1734 1839 1778 num.
1864 1719 1925 1778 4.
1955 1716 2206 1792 -Οιιο-

648 1812 821 1874 niam
868 1829 1015 1874 vero
1058 1809 1211 1872 fides
1258 1828 1389 1873 non
1427 1810 1612 1872 datur
1661 1810 1903 1874 homini
1954 1817 2206 1894 propter

648 1905 845 1968 solam
872 1906 1313 1984 cognitionem,
1352 1904 1458 1966 sed
1492 1903 1765 1966 maxime
1788 1911 2040 1987 propter
2063 1925 2207 1988 ope-

648 1999 993 2076 rationem,
1045 1999 1122 2061 ad
1180 2017 1371 2078 quam
1422 1998 1624 2060 solent
1670 1996 1955 2061 homines
2010 1999 2206 2061 maxi-

647 2111 750 2156 me
802 2093 1013 2156 induci
1079 2111 1192 2174 per
1245 2110 1417 2172 spem
1471 2093 2010 2170 remunerationis,
2065 2092 2204 2156 ideo

646 2185 897 2264 Paulus,
926 2186 1005 2248 ad
1048 2192 1385 2266 utrumque
1423 2186 1613 2247 finem
1656 2191 1719 2248 et
1756 2186 2028 2248 fructum
2060 2185 2207 2248 fidei

646 2280 1001 2362 respiciens,
1036 2279 1273 2342 addidit
1301 2279 1407 2342 illa
1434 2279 1647 2358 verba,
1676 2281 1805 2343 imo
1836 2279 1917 2342 ab
1956 2281 2080 2342 illis
2107 2281 2203 2343 in·

646 2375 854 2454 coepit,
879 2372 1089 2436 dicens
1117 2389 1133 2433 τ
1165 2374 1289 2436 Est
1325 2374 1669 2436 substantia
1708 2392 1910 2437 rerum
1948 2393 2204 2455 speran-

646 2469 884 2544 darum,
914 2486 1029 2549 per
1052 2485 1191 2548 quae
1226 2466 1509 2529 homines
1530 2466 1707 2529 valde
1726 2473 1974 2548 possent
1992 2468 2204 2530 induci

646 2561 724 2624 ad
755 2561 943 2624 fidem
986 2567 1051 2623 et
1077 2579 1265 2642 opera
1292 2562 1455 2642 ejus3
1485 2562 1551 2624 in
1594 2560 1717 2622 illis
1747 2580 1893 2624 vero
1932 2562 2064 2624 sola
2100 2562 2205 2624 illa

643 2655 979 2736 particula,
1046 2657 1386 2720 substantia
1403 2701 1423 2732 ‚
1468 2655 1707 2733 indiget
1759 2655 1970 2736 aliqua
2014 2675 2205 2737 expo·

646 2749 890 2812 sitione.
951 2748 1227 2812 Habetur
1297 2754 1504 2811 autem
1574 2748 1662 2810 ibi
1717 2767 1913 2827 groece
1973 2768 2204 2812 nomen

645 2853 931 2920 ὑπόστασις,
964 2843 1131 2922 quod
1168 2843 1414 2923 proprie
1452 2843 1605 2905 solet
1638 2843 2090 2906 subsistentiam
2125 2845 2206 2905 si-

646 2936 962 3016 gnificare,
992 2941 1055 2997 et
1078 2936 1223 2998 inde
1245 2937 1456 2998 Patres
1495 2935 1691 2998 Graeci
1718 2955 1907 3018 supra
1954 2936 2205 3016 allegati

646 3029 962 3092 declarant
988 3029 1175 3091 fidem
1203 3047 1358 3104 esse,
1385 3048 1494 3110 per
1519 3048 1706 3108 quam
1739 3031 1805 3090 iu
1836 3029 2014 3091 nobis
2043 3031 2204 3092 exis-

644 3129 789 3184 tunt
814 3129 877 3185 et
894 3121 1350 3202 quodammodo
1376 3122 1712 3184 subsistunt
1736 3142 1833 3184 res
1864 3125 2202 3204 promissae,

642 3217 1006 3297 priusquam
1030 3214 1476 3296 compleantur.
1504 3216 1582 3276 Et
1621 3221 1712 3278 est
1742 3217 2073 3294 probabilis
2100 3237 2205 3280 ex·

644 3309 889 3389 positio.
932 3308 1191 3370 Videtur
1226 3315 1437 3371 tamen
1489 3309 1646 3371 mihi
1704 3309 1857 3370 illud
1914 3311 2206 3392 praedica-

648 3409 777 3463 tum
823 3403 891 3463 iu
928 3419 1003 3463 eo
1042 3420 1225 3464 sensu
1256 3401 1600 3463 formaliter
1636 3405 1836 3482 magis
1873 3405 2206 3470 convenire

642 3497 773 3577 spei
797 3514 985 3576 quam
1023 3494 1195 3572 fidei,
1223 3497 1371 3576 quia
1397 3514 1509 3576 per
1534 3515 1702 3576 spem
1744 3498 2204 3578 quodammodo

642 3590 1025 3672 possidemus
1055 3607 1186 3652 rem
1218 3590 1608 3669 promissam,
1642 3597 1705 3650 et
1740 3591 1866 3652 sola
1887 3591 2042 3654 fides
2069 3595 2204 3655 sine

642 3701 751 3764 spe
770 3701 897 3746 non
920 3683 1227 3744 sufficeret
1246 3696 1315 3743 ut
1332 3701 1429 3744 res
1450 3682 1769 3762 sperandae
1789 3684 1856 3745 in
1874 3685 2054 3746 nobis
2073 3688 2203 3765 jam

643 3776 975 3838 subsistere
1004 3777 1392 3850 dicerentur,
1422 3782 1485 3836 et
1512 3775 1631 3836 hoc
1673 3776 1915 3838 videtur
1941 3778 2099 3839 mihi
2123 3780 2204 3841 si·

642 3869 968 3948 gnificasse
997 3870 1431 3944 Damascenus,
1481 3870 1542 3932 d.
1592 3888 1723 3950 cap.
1779 3874 1875 3932 Η.
1910 3872 2204 3946 Quocirca

642 3963 944 4044 particula
993 3965 1079 4024 sie
1126 3963 1437 4026 intellecta
1474 3968 1673 4044 magis
1709 3965 2006 4028 tribuitur
2058 3967 2206 4028 fidei

643 4055 992 4130 causaliter,
1021 4075 1209 4136 quam
1234 4057 1599 4130 tormaliter,
1636 4059 1799 4120 utin
1843 4058 1979 4120 loco
2018 4079 2204 4141 supra

644 4151 855 4226 citato,
882 4149 997 4212 Joh
1022 4151 1122 4226 19,
1154 4151 1327 4230 prius
1358 4150 1436 4211 de
1464 4152 1911 4214 resurrectione
1936 4153 2200 4215 dicitur:

646 4243 794 4308 Scio
824 4244 970 4324 quia
996 4244 1353 4324 Redemptor
1372 4262 1534 4307 mous
1560 4242 1733 4318 tivit,
1763 4251 1819 4308 et
1859 4263 1964 4326 eqo
2003 4265 2204 4310 resur·

648 4341 927 4400 recturus
955 4355 1086 4400 sum
1105 4360 1134 4407 ,·
1189 4342 1251 4399 et
1296 4341 1507 4416 postea
1556 4337 1840 4399 subditur
1869 4359 1884 4398 τ
1912 4339 2205 4417 Reposita

642 4433 735 4492 est
756 4431 882 4494 Itoeo
902 4447 1037 4511 spes
1063 4448 1194 4492 ma
1218 4431 1287 4492 in
1326 4433 1468 4493 sinu
1494 4449 1643 4506 meo,
1670 4428 1777 4490 ubi
1810 4430 2204 4511 significatur

642 4541 753 4604 per
803 4522 1002 4602 ipsam
1041 4542 1212 4604 spem
1264 4523 1477 4604 reponi
1534 4524 1598 4584 in
1652 4525 1829 4585 uobis
1889 4543 2022 4587 rem
2064 4543 2203 4604 pro-

643 4617 927 4692 missam3
979 4621 1042 4676 et
1094 4616 1498 4678 nihilomiuus
1544 4617 1800 4680 scientia
1865 4619 2022 4697 ipsa,
2063 4639 2206 4700 quae

642 4707 799 4770 nihil
828 4715 960 4770 erat
1000 4708 1119 4769 nisi
1150 4708 1325 4784 fides,
1350 4717 1605 4772 vocatur
1627 4729 1787 4790 spes,
1822 4711 1974 4790 quia
1990 4719 2204 4774 causat

640 4803 837 4864 illam.
882 4803 957 4862 Et
984 4800 1313 4862 confirmat
1358 4801 1477 4862 hoe
1511 4802 1757 4878 Paulus,
1792 4804 1873 4864 ad
1908 4803 2094 4866 Hebr.
2131 4806 2198 4881 3,

642 4914 871 4958 vocans
914 4895 1102 4956 fidem
1139 4895 1387 4958 initium
1428 4896 1782 4958 substanciae
1818 4897 1964 4967 Βοὴ·
2015 4905 2204 4978 atque

640 4989 760 5052 boc
787 4989 973 5052 modo
1004 4989 1135 5052 fere
1166 4989 1459 5051 coincidit
1489 4987 1621 5050 hoec
1679 4989 2014 5052 declaratio
2059 5009 2202 5052 cum

642 5082 763 5144 alia
780 5082 1079 5160 Anselmi,
1107 5083 1174 5144 D.
1202 5083 1477 5157 Thomas,
1508 5089 1574 5144 et
1600 5082 1918 5144 communi
1936 5083 2206 5145 scholas-

645 5175 935 5250 ticorum,
952 5175 1293 5238 dicentium
1323 5176 1526 5237 vocari
1554 5176 1767 5250 fidem,
1798 5176 2204 5238 substanciam

642 5287 846 5332 rervm
882 5269 1343 5354 sperandaqcm,
1400 5269 1547 5350 quia
1586 5275 1678 5330 est
1720 5267 2202 5330 fundamentum

642 5360 805 5440 spei3
835 5365 900 5420 et
934 5359 1177 5421 videtur
1199 5362 1452 5442 quidem
1484 5361 1824 5442 simplicior
1846 5360 2203 5443 explicati0‚

644 5455 791 5532 quia
831 5469 1059 5514 nomen
1089 5454 1432 5534 hypostasis
1462 5456 1705 5536 proprie
1732 5455 2043 5535 signifieat
2061 5455 2204 5517 fun-

644 5545 1029 5624 damentum,
1055 5565 1161 5610 seu
1182 5545 1615 5624 substantiam,
1636 5556 1941 5629 quatenus
1965 5548 2202 5610 substat

1812 391 2047 450 marm.
2087 395 2167 448 Vi.
2203 393 2285 448 DE
2313 393 2436 447 ACT
2439 393 2478 448 U
2511 391 2691 448 mom.

2294 491 2454 567 aliis,
2487 499 2551 554 et
2575 490 2722 572 quia
2764 487 3086 572 proprium
3109 494 3202 550 est
3225 487 3367 550 fidei
3407 489 3608 556 fulcire
3651 513 3790 577 spem

2293 591 2356 646 et
2383 584 2672 648 fiduciam
2704 599 2723 661 3
2763 601 2888 644 non
2911 588 3111 662 posset
3135 582 3301 643 enim
3337 582 3516 646 bomo
3563 606 3790 668 sperare,

2291 677 2412 740 nisi
2445 678 2750 752 crederet;
2793 673 2933 738 ideo
2965 674 3268 736 certitudo
3323 673 3553 739 fiduciae
3583 699 3792 762 propor-

2291 771 2530 833 tionata
2565 777 2659 831 est
2693 767 3049 831 certitudini
3088 766 3232 829 fidei
3251 789 3269 843 ;
3297 773 3358 828 et
3393 766 3504 829 hoc
3534 772 3698 833 etiam
3733 777 3792 835 si-

2293 862 2614 941 gnificavit
2654 863 3061 942 Augustinus,
3107 861 3212 941 qui
3251 859 3399 922 locis
3451 863 3635 925 citatis
3672 867 3795 948 legit

2290 954 2482 1018 fidem
2521 974 2643 1020 osse
2689 955 3094 1018 substantiam
3139 955 3546 1034 sperantiwm·
3572 976 3700 1018 nam
3725 971 3794 1020 est

2290 1049 2484 1112 veluti
2520 1049 2813 1112 baculum
2859 1049 2925 1110 in
2965 1066 3089 1127 quo
3143 1048 3406 1109 viatores
3445 1049 3702 1112 nituntur
3733 1055 3793 1117 ad

2291 1143 2687 1225 sperandum.
2735 1143 2815 1204 Et
2840 1143 2929 1204 ita
2971 1141 3156 1204 etiam
3190 1147 3357 1222 patet
3404 1145 3690 1222 responsio
3733 1149 3794 1208 ad

2289 1237 2557 1318 primam
2585 1235 3018 1316 objectionem,
3043 1235 3189 1313 quia
3212 1232 3313 1293 hic
3351 1233 3591 1296 effectus
3631 1239 3792 1320 expli-

2290 1339 2461 1394 catus
2489 1336 2582 1394 est
2599 1331 2798 1411 magis
2839 1336 3090 1412 propter
3114 1328 3444 1389 utilitatem
3489 1333 3788 1412 practicam,

2290 1443 2480 1506 quam
2538 1431 2788 1506 propter
2831 1422 3024 1484 solam
3084 1420 3229 1484 fidei
3285 1423 3703 1502 cognitionem,
3747 1435 3792 1488 et

2288 1517 2428 1579 ideo
2479 1519 2668 1580 etiam
2719 1517 2808 1578 ihi
2859 1534 2983 1576 non
3026 1521 3118 1578 est
3157 1513 3354 1594 posita
3407 1521 3532 1576 tota
3577 1519 3790 1580 materia

2289 1611 2434 1675 ndei
2461 1656 2482 1687 ,
2507 1611 2613 1673 sed
2641 1617 2885 1672 tantum
2913 1627 3008 1672 res
3036 1607 3378 1689 sperandae,
3423 1609 3563 1688 quia
3589 1610 3794 1692 reliquae

2289 1704 2367 1767 ad
2395 1704 2564 1767 huuc
2594 1703 2879 1765 effectum
2903 1722 3027 1765 non
3053 1701 3465 1782 pertinebant.
3489 1703 3794 1765 Subintelli-

2290 1797 2458 1876 gitur
2473 1805 2682 1860 autem
2699 1813 3048 1858 sermonem
3058 1813 3188 1856 esse
3212 1793 3289 1856 de
3317 1793 3497 1858 rebus
3524 1797 3788 1875 sperandis

2288 1911 2326 1952 a
2355 1893 2500 1966 Deo,
2532 1911 2679 1954 nam
2714 1890 2790 1952 de
2819 1890 2940 1952 illis
2983 1891 3048 1950 in
3085 1895 3212 1950 toto
3237 1887 3350 1950 illo
3395 1891 3582 1969 capite
3617 1890 3794 1950 Paulus

2285 1982 2675 2064 loquebatur.

2895 2206 3112 2262 sssc'rlo
3155 2207 3243 2259 111.

2647 2414 2980 2495 Quotupleoe
3013 2415 3100 2478 eit
3123 2419 3298 2478 actus
3321 2413 3505 2492 fidei?

2367 2659 2424 2718 ¹.
2471 2655 2694 2718 Prima
2721 2653 2941 2716 divisio
2971 2657 3141 2716 actus
3168 2653 3342 2730 fidei,
3367 2654 3432 2716 iu
3460 2654 3726 2715 internum
3751 2658 3794 2713 et

2284 2754 2610 2812 externum.
2630 2779 2708 2792 -
2733 2745 3026 2820 Quamvis
3047 2751 3222 2807 actus
3245 2742 3391 2807 fidei
3421 2763 3620 2806 revera
3645 2746 3791 2806 unius

2283 2847 2528 2925 tantum
2582 2841 2662 2901 sit
2697 2839 2956 2901 rationis
2975 2839 3344 2916 essentialis,
3379 2845 3450 2900 ιιι
3474 2839 3788 2912 videbimus,

2285 2934 2692 2998 nihilomiuus
2740 2935 2945 2996 varias
2993 2935 3215 3013 recipit
3247 2935 3638 3016 partitiones,
3678 2950 3794 3012 quas

2285 3037 2528 3111 oportet
2566 3030 2836 3092 breviter
2877 3029 3199 3105 adnotare,
3230 3037 3369 3092 tum
3420 3036 3490 3092 ut
3533 3028 3805 3090 declaren-

2284 3128 2389 3184 tur
2429 3141 2608 3186 voees
2643 3124 2868 3204 quibus
2906 3121 3292 3203 loquendum
3338 3133 3454 3198 est,
3481 3128 3610 3182 tum
3649 3120 3794 3180 etiam

2283 3223 2356 3277 ut
2382 3217 2460 3280 de
2493 3218 2599 3280 illa
2632 3218 2872 3279 unitate
2903 3216 3050 3278 fidei
3093 3218 3300 3296 magis
3343 3221 3594 3278 constet.
3633 3215 3794 3274 Primo

2284 3328 2431 3390 ergo
2499 3313 2797 3375 dividitur
2847 3315 3022 3372 actus
3070 3308 3215 3372 fidei
3273 3313 3344 3374 in
3411 3311 3702 3372 internum
3750 3315 3803 3387 et

2283 3412 2633 3480 externum,
2662 3424 2803 3485 quoe
2833 3405 3055 3466 divisio
3083 3404 3355 3466 sumitur
3383 3423 3461 3465 ex
3481 3405 3548 3466 D.
3579 3402 3794 3468 Thema.

2283 3498 2429 3560 dict.
2459 3511 2675 3578 quaest.
2715 3501 2774 3572 Ξ,
2801 3499 3020 3579 juncta
3049 3501 3124 3571 3;
3154 3499 3221 3559 in
3255 3497 3368 3559 illa
3399 3504 3600 3559 tamen
3630 3493 3794 3554 solum

2285 3593 2453 3672 prius
2484 3592 2836 3655 membrum
2866 3595 3138 3672 pertinet
3157 3592 3239 3652 ad
3281 3591 3594 3671 propriam
3619 3581 3801 3688 fidem*

2282 3684 2359 3746 de
2381 3704 2506 3765 qua
2535 3705 2701 3748 nuuc
2726 3691 3080 3762 tractamus,
3114 3693 3177 3746 et
3202 3684 3296 3745 illi
3325 3684 3442 3746 soli
3461 3681 3792 3744 conveniunt

2282 3777 2676 3841 definitiones
2705 3779 2851 3840 fidei
2882 3779 3223 3859 explicatae,
3257 3785 3324 3838 et
3357 3784 3592 3838 tantum
3643 3773 3799 3850 etiam¹

2281 3873 2359 3934 de
2411 3874 2520 3934 illo
2559 3873 2890 3934 dicendum
2939 3879 3032 3934 est
3080 3872 3146 3933 in
3185 3871 3617 3952 sequentibus3
3655 3871 3799 3944 actus¹

2281 3967 2448 4028 enim
2465 3967 2731 4028 exterior
2757 3967 2900 4028 ndei
2919 3964 3122 4026 solum
3142 3970 3233 4028 est
3255 3963 3546 4026 sensibile
3564 3963 3794 4038 siguum,

2278 4078 2405 4139 quo
2423 4079 2533 4139 per
2560 4057 2847 4134 verbum,
2869 4057 2967 4120 vel
2996 4058 3305 4120 actionem
3331 4056 3684 4118 exteriorem
3711 4051 3797 4112 ho-

2281 4154 2491 4228 miniS,
2525 4153 2787 4214 interior
2843 4151 2998 4213 fides
3044 4150 3458 4232 significatur,
3503 4154 3561 4210 et
3601 4149 3678 4208 ita
3713 4161 3798 4223 pe?

2279 4246 2614 4326 quamdam
2657 4244 3014 4323 analogiam
3077 4245 3256 4324 signo
3288 4243 3581 4304 tribuitur
3606 4255 3798 4303 nomen

2281 4340 2528 4420 signati,
2557 4357 2757 4420 neque
2785 4337 2861 4398 de
2889 4337 3009 4398 hoc
3049 4343 3189 4398 actu
3225 4337 3293 4398 in
3331 4335 3550 4398 ordine
3594 4333 3664 4394 ad
3692 4329 3796 4408 ejus

2281 4433 2700 4510 cognitionem
2762 4430 2860 4494 vel
2913 4430 3400 4510 speculationem
3441 4427 3606 4490 aliud
3633 4425 3796 4484 dic-ere

2279 4544 2520 4589 necesse
2549 4531 2661 4586 est.
2711 4526 2782 4586 Iu
2820 4525 3039 4587 ordine
3082 4542 3229 4585 vero
3259 4524 3343 4584 ad
3393 4539 3608 4596 morea,
3637 4519 3796 4604 potest

2277 4619 2692 4682 animadverti
2727 4619 2842 4680 hoc
2867 4619 3116 4698 signum
3157 4617 3486 4700 dupliciter
3515 4631 3672 4696 posse
3715 4627 3794 4670 ex·

2278 4712 2478 4776 hiberi
2503 4733 2540 4774 a
2568 4713 2878 4788 credente,
2903 4713 3128 4791 prime,
3157 4713 3294 4776 sine
3333 4710 3580 4792 speciali
3619 4706 3794 4784 volun-7

2278 4813 2404 4868 tate
2446 4805 2775 4886 profitendi
2827 4823 3006 4866 suam
3035 4804 3250 4882 fidem,
3295 4805 3408 4868 sed
3455 4804 3552 4864 vel
3595 4817 3719 4862 casu
3751 4799 3794 4886 ci

2278 4901 2453 4980 quasi
2483 4897 2869 4974 naturaliter,
2909 4917 3016 4959 seu
3049 4917 3157 4978 per
3183 4897 3686 4960 inadvertentiam
3727 4889 3793 4966 1⁰5¹

2279 5011 2499 5073 quens,
2527 4991 2626 5053 vel
2649 4992 2724 5054 ad
2753 4991 2950 5052 alium
2971 4991 3164 5054 finem
3195 4991 3574 5064 humanum3
3599 4994 3657 5049 et
3681 4993 3792 5068 tunc

2281 5085 2421 5146 talis
2449 5091 2624 5147 actus
2664 5090 2960 5146 externus
3001 5085 3243 5146 nullam
3295 5083 3482 5146 hahet
3529 5079 3792 5152 rationem¹

2281 5179 2547 5253 virtutis,
2571 5195 2773 5259 neque
2813 5196 2851 5239 a
2878 5177 3190 5257 Tlieologo
3231 5178 3661 5240 musideratur.
3689 5169 3792 5234 Alio

2281 5289 2426 5332 vero
2455 5271 2638 5332 modo
2665 5270 2994 5334 exhibetur
3014 5271 3134 5330 hoc
3177 5270 3430 5352 signum
3476 5287 3551 5331 ex
3587 5257 3790 5346 speciali

2280 5363 2600 5429 voluntate
2635 5363 2948 5443 religiosa,
2979 5368 3052 5424 ut
3095 5364 3186 5426 sic
3233 5364 3462 5440 dicam,
3497 5371 3558 5424 et
3584 5353 3790 5454 νοοειιιιιΙ

2277 5451 2584 5518 confessio
2618 5453 2786 5531 fidei,
2817 5473 3008 5535 quam
3051 5455 3212 5518 dixit
3261 5455 3501 5528 Paulus,
3547 5451 3621 5514 ad
3649 5451 3790 5528 Romi

2285 5549 2385 5626 10,
2435 5566 2535 5612 oro
2575 5548 2717 5625 fieri
2767 5549 2850 5610 ad
2896 5547 3199 5624 calumm-
3224 5555 3288 5612 et
3339 5554 3485 5610 tunc
3533 5543 3788 5629 praecipu!
