3900 6217
556 445 674 510 380
731 451 738 458 '

555 554 816 634 obligari
859 573 1074 616 omnes
1101 556 1422 620 credentes
1447 559 1524 620 ad
1563 561 1862 640 aequalem
1906 566 2118 642 cogni·

555 649 788 710 tionem
831 667 1041 710 rerum
1065 649 1243 726 fidei3
1283 657 1352 711 ut
1391 658 1600 714 autem
1646 654 1806 716 hanc
1835 659 2117 718 assertio-

556 759 700 802 nem
723 742 922 822 magis
951 743 1012 803 in
1039 742 1399 822 particulari
1422 744 1693 807 breviter
1713 747 2113 828 explicemus,

557 833 1007 912 distinguamus
1036 853 1250 896 omnes
1269 838 1582 900 credentes
1603 840 1670 901 in
1691 840 1844 902 duas
1871 843 2115 920 classeS,

557 925 856 986 laicorum
901 928 1128 988 scilicet
1166 935 1228 989 et
1269 929 1654 993 clericorum.
1690 935 1774 996 De
1807 934 1979 998 laicis
2010 955 2116 1016 ge-

1425 462 1656 516 DlSl'L'T.
1695 465 1822 518 xut.
1861 465 1942 518 DE
1977 466 2310 521 PRAECEPTO
2346 471 2691 525 tammonis
2726 473 2907 526 ΗΒΕΙ.

2196 573 2404 630 autem
2450 571 2789 633 necessaria
2832 578 2924 633 est
2970 569 3168 648 major
3202 567 3487 646 doctrina,
3514 579 3575 633 ut
3606 591 3695 656 per

2194 679 2258 723 se
2296 671 2389 726 est
2416 665 2846 727 manifestum:
2880 681 3051 744 erg0,
3078 669 3194 726 etc.

2276 757 2337 816 6.
2382 757 2482 819 An
2528 759 2810 840 obliqatio
2863 755 3088 820 edendi
3131 757 3417 836 mysteria
3460 759 3587 832 fi‘dei
3632 762 3698 823 sit

2197 849 2448 931 oequalis
2476 851 2543 912 in
2572 852 2837 914 omnibus
2865 849 3300 914 ecclesiasticis.
3328 885 3402 895 —
3432 849 3561 924 Quoe
3582 853 3699 914 obli·
3806 925 3808 934 Ι

2195 945 2363 1023 ,catio
2394 945 2479 1005 sit
2510 944 2579 1006 in
2603 943 3008 1007 sacerdotibus
3033 941 3626 1022 simplicibus.—Quoe
3648 945 3700 1008 in

558 1020 850 1081 neraliter
904 1029 964 1081 et
1011 1023 1144 1084 sine
1197 1023 1586 1090 distinctione
1635 1028 1931 1107 dicimus,
1988 1052 2116 1096 non
2187 1037 2804 1117 parochia—Statim
2826 1053 2975 1098 vero
2998 1035 3267 1095 occurrit
3286 1034 3697 1114 inquirendum,
3808 1107 3810 1116 Ι

558 1113 820 1190 obligari
849 1113 926 1174 ad
968 1113 1398 1206 fidem-magis
1444 1121 1792 1200 explicitam
1815 1141 2010 1203 quam
2050 1127 2115 1188 in

557 1206 973 1284 superioribus
1022 1209 1392 1271 sectionibus
1438 1213 1744 1292 explicata
1795 1224 1924 1294 est,
1970 1221 2120 1298 quia

555 1317 670 1360 nee
694 1300 1012 1361 invenitur
1033 1310 1408 1382 praeceptum
1431 1305 1518 1366 eis
1540 1307 1923 1388 impositum,
1951 1313 2119 1374 unde

555 1393 688 1454 haec
735 1394 1029 1474 obligatio
1086 1396 1340 1475 oriatur,
1391 1417 1591 1478 neque
1643 1403 1831 1464 etiam
1877 1406 2118 1468 ratione

557 1488 740 1548 officii
771 1487 867 1548 vel
897 1489 1170 1550 muneris
1198 1491 1276 1551 ad
1305 1491 1421 1553 hoc
1447 1500 1760 1571 tenentur,
1792 1498 1940 1575 quia
1972 1516 2121 1560 cura

557 1599 767 1642 rerum
803 1583 1370 1660 supernaturalium
1399 1585 1476 1648 ad
1513 1605 1616 1649 eos
1641 1605 1770 1650 non
1813 1591 2114 1669 pertinet3

557 1672 720 1736 inter
746 1692 822 1734 ea
854 1691 1000 1735 vero
1033 1693 1172 1754 quoe
1197 1681 1687 1756 supernaturalia
1713 1688 1878 1757 sunt,
1919 1683 2119 1744 maxi-

557 1786 660 1830 me
695 1775 1090 1848 computatur
1123 1771 1406 1834 doctrina
1431 1772 1598 1848 fidei,
1631 1776 1888 1855 ejusque
1916 1777 2119 1838 decla-

557 1863 718 1924 ratio
750 1870 860 1926 aut
897 1863 1204 1940 defens503
1233 1872 1296 1926 et
1336 1867 1476 1927 ideo
1516 1867 1583 1927 in
1623 1867 1721 1928 his
1764 1887 1901 1948 quat
1930 1872 2119 1951 perti-

558 1963 710 2016 nent
729 1957 806 2020 ad
829 1956 1160 2037 perfectam
1182 1959 1658 2037 intelligentiam
1679 1965 2117 2041 mysteriorum

559 2047 726 2126 fidei,
775 2052 978 2129 potius
1021 2057 1314 2113 tenentur
1355 2052 1495 2114 laici
1534 2053 1834 2133 implicite
1871 2057 2118 2120 credere

560 2145 724 2223 quod
755 2144 1022 2206 Ecclesia
1051 2145 1267 2220 credit,
1298 2152 1360 2207 et
1391 2147 1478 2208 ita
1519 2165 1633 2208 suo
1660 2149 1904 2209 muneri
1941 2151 2120 2211 satis-

558 2235 818 2306 faciunt.
862 2239 938 2300 Et
975 2240 1262 2317 quamvis
1298 2239 1430 2301 haec
1473 2239 1626 2302 fides
1665 2241 1967 2321 implicita
2010 2243 2123 2303 ali-

559 2347 750 2408 quam
789 2331 1208 2409 ignorantiam
1247 2333 1550 2408 ineludat,
1597 2352 1724 2396 non
1762 2341 1972 2396 tamen
2010 2355 2123 2396 no-

559 2425 754 2497 xiam,
801 2425 948 2504 quia
991 2443 1118 2486 non
1163 2435 1254 2488 est
1295 2426 1372 2488 de
1419 2427 1602 2489 rebus
1641 2429 1997 2490 necessariis
2038 2427 2119 2490 ad

556 2519 881 2596 justitiam,
923 2537 1126 2600 neque
1171 2527 1493 2599 propterea
1535 2521 1644 2582 illa
1687 2522 1839 2583 fides
1882 2522 2119 2584 inutilis

561 2617 676 2687 est,
717 2619 788 2674 ut
813 2613 1142 2692 objiciebat
1175 2613 1484 2690 Calvinus,
1516 2617 1656 2695 quia
1697 2622 1762 2676 et
1787 2623 2121 2695 praeservat

561 2723 600 2766 a
631 2707 918 2785 periculis
959 2725 1258 2781 errorum,
1295 2713 1358 2767 et
1381 2707 1634 2786 subjicit
1666 2719 1941 2770 mentem
1980 2727 2121 2789 pro-

559 2801 746 2862 ximae
779 2800 924 2864 fidei
965 2801 1198 2881 regulae
1243 2801 1423 2863 nobis
1466 2802 1728 2878 traditae,
1757 2821 1896 2882 quae
1923 2809 2016 2864 est
2050 2803 2121 2865 in

561 2895 846 2959 Ecclesia.

641 2991 702 3052 5.
733 2988 837 3054 Aa
857 3008 1036 3071 quam
1067 2990 1211 3068 fidei
1237 2991 1518 3053 notitiam
1540 2991 1859 3054 habendam
1887 2997 2125 3055 teneaa-

561 3089 664 3148 ίαν
695 3085 1106 3150 ecelesiastici.
1131 3115 1216 3132 ——-
1251 3085 1338 3146 De
1362 3085 1556 3146 altera
1590 3103 1737 3147 vero
1763 3092 1936 3165 parte
1972 3085 2124 3146 fide·

563 3177 744 3256 lium,
771 3179 1142 3252 generaliter
1163 3179 1499 3240 dicendum
1525 3187 1617 3240 est
1644 3179 2123 3241 ecclesiasticum

561 3272 842 3334 ordinem
889 3272 1150 3350 obligari
1191 3271 1269 3334 ad
1313 3273 1614 3351 majorem
1657 3273 1978 3352 magisque
2018 3291 2124 3334 ex-

559 3365 834 3442 plicitam
866 3366 1278 3444 cognitionem
1309 3383 1518 3428 rerum
1563 3366 1728 3427 fidei.
1771 3368 1863 3427 lta
1901 3367 2115 3428 docent

559 3457 914 3520 Schola-stici
969 3460 1034 3519 in
1095 3460 1280 3520 tertio
1303 3505 1320 3532 ,
1377 3459 1770 3520 distinctione
1821 3459 2123 3538 vigesima

560 3553 803 3633 quinta,
841 3561 906 3614 et
939 3553 1121 3614 divus
1165 3555 1432 3615 Thomas
1477 3557 1538 3615 2.
1573 3557 1633 3629 ἓ,
1669 3556 2011 3634 quaestione
2056 3557 2119 3636 2,

559 3650 732 3708 artic.
765 3649 828 3721 6,
869 3653 932 3708 et
968 3647 1155 3708 latius
1185 3649 1252 3708 in
1295 3647 1714 3708 additionibus
1752 3648 1831 3708 ad
1875 3649 2122 3712 tertiam

560 3745 826 3820 partem,
863 3741 1200 3819 quaestione
1236 3741 1556 3818 trigesima
1597 3747 1790 3816 sexta,
1833 3743 2011 3804 artic.
2044 3745 2117 3817 Ως

546 3840 625 3894 ·et
661 3833 910 3914 probari
959 3840 1156 3912 potest
1191 3853 1269 3894 ex
1305 3833 1414 3893 illo
1459 3833 1775 3894 Malachiae
1803 3835 1844 3895 Ξ
1878 3856 1894 3895 :
1932 3835 2125 3898 Labici:

561 3927 890 3990 sacerdotis
929 3927 1276 3991 custodiant
1315 3927 1650 4000 scienciam,
1681 3933 1740 3991 et
1781 3927 1965 4010 leycm
2014 3929 2127 3990 Dei

562 4021 868 4100 requio-ent
910 4022 979 4083 de
1021 4037 1122 4082 ore
1161 4020 1332 4098 ejue,·
1377 4026 1439 4080 et
1481 4019 1779 4080 Ezechiel.
1825 4023 1904 4080 44
1935 4041 1950 4079 ε
1986 4021 2129 4098 Ipsi

561 4115 867 4188 docebant,
899 4119 1020 4174 etc.
1049 4113 1126 4174 Et
1151 4113 1291 4174 ideo
1321 4112 1382 4172 in
1415 4113 1833 4174 sacerdotibus
1859 4113 2133 4193 peculia-

561 4207 715 4268 riter
745 4207 1220 4286 reprehenditur
1249 4212 1312 4268 et
1341 4213 1724 4286 aggravatur
1748 4207 2123 4285 ignorantia,

559 4301 787 4362 Jerem.
815 4305 893 4362 2:
928 4299 1283 4364 Sacerdotes
1309 4315 1428 4360 aon
1453 4299 1734 4362 dicerunt
1761 4301 1864 4362 ubi
1893 4306 1985 4364 est
2009 4301 2128 4364 Do·

561 4395 790 4468 minue,
819 4398 880 4456 et
905 4398 1167 4457 tenentes
1197 4393 1388 4474 legem
1425 4391 1768 4454 nescierant
1811 4409 1922 4455 me.
1956 4393 2132 4456 Unde

563 4487 974 4566 Symmachus
1003 4487 1188 4566 Papa,
1217 4486 1284 4546 in
1311 4484 1570 4564 epistola
1596 4483 1676 4544 ad
1703 4485 2129 4560 Laurentium,

563 4579 1078 4642 Mediolanensem
1115 4579 1504 4658 Episcopum,
1539 4576 1626 4638 sic
1655 4579 1900 4657 inquit:
1948 4579 2134 4646 Vilis-

562 4675 757 4737 simae
783 4675 1158 4755 reputandae
1195 4679 1286 4737 est
1311 4673 1368 4735 ei
1406 4687 1525 4733 non
1543 4673 1852 4752 pravo-edat
1877 4673 2133 4737 scientia

567 4775 625 4831 et
665 4767 1011 4842 sanctitate,
1056 4769 1160 4847 qui
1208 4767 1422 4828 honoro
1466 4766 1862 4846 prm-cantior
1905 4771 2017 4828 est.
2056 4765 2135 4828 Et

564 4862 832 4923 habetur
863 4863 1066 4940 capite
1127 4858 1501 4933 Vilissimae,
1533 4859 1756 4937 prima,
1801 4864 2015 4937 quaest.
2064 4863 2125 4920 l.

567 4955 734 5016 Idem
773 4955 954 5016 docet
987 4953 1318 5032 Gregorius
1350 4951 1418 5012 in
1447 4951 1634 5011 citato
1677 4951 1832 5026 loco,
1865 4957 1927 5010 et
1972 4950 2129 5012 libro

571 5048 772 5130 primo
802 5044 1149 5121 pastoralis,
1178 5062 1311 5126 cap.
1349 5048 1406 5105 1.
1439 5044 1618 5105 Ratio
1645 5061 1793 5104 vero
1821 5043 1986 5103 clara
2013 5049 2125 5119 est,

568 5144 718 5224 quia
749 5143 824 5204 ad
869 5142 1304 5204 ecclesiasticos
1347 5139 1616 5219 pertinet
1659 5139 1875 5200 docere
1917 5137 2125 5213 laicos,

569 5244 633 5300 et
653 5237 1010 5298 illuminare
1039 5235 1178 5296 illos
1200 5237 1282 5296 >de
1310 5235 1494 5296 rebus
1515 5233 1660 5295 fidei
1673 5249 1694 5310 ;
1720 5249 1868 5310 ergo
1895 5231 1976 5292 ad
2002 5247 2133 5290 ma·-

562 5332 763 5410 jorem
819 5329 1237 5408 cognitionem
1279 5345 1494 5390 earum
1537 5331 1868 5392 tenentur„
1901 5323 2131 5385 Deinde

569 5425 736 5505 quod
766 5427 980 5486 Petrus
1008 5425 1117 5497 ait,
1149 5428 1174 5483 1
1213 5422 1472 5496 Canon,
1501 5439 1562 5481 c.-
1580 5423 1618 5482 3
1643 5442 1656 5480 ε
1686 5419 1916 5483 Parati
1943 5418 2137 5480 ratio-

568 5537 702 5582 nem
737 5519 979 5581 reddere
1006 5517 1161 5596 ejus,
1189 5535 1324 5598 quoe
1347 5518 1414 5578 in
1441 5515 1608 5577 nobis
1635 5519 1724 5576 est
1744 5511 1906 5592 fidei,
1942 5509 2136 5570 maxi-

571 5628 672 5672 me
707 5611 974 5692 pertinet
997 5610 1076 5670 ad
1103 5608 1596 5690 ,ecclesiasticum
1639 5610 1868 5667 statum
1892 5619 1914 5682 ;
1945 5603 2025 5664 ad
2073 5601 2139 5663 id

2196 1149 2277 1191 an
2302 1131 2433 1192 haec
2460 1131 2757 1209 obligatio
2784 1131 2863 1189 sit
2892 1127 3143 1208 aequalis
3166 1127 3230 1186 in
3260 1125 3530 1188 omnibus
3554 1131 3701 1190 eccle-

2196 1225 2476 1299 siasticis,
2506 1225 2603 1285 vel
2642 1221 2951 1302 quomodo
2984 1222 3064 1282 sit
3105 1219 3594 1281 accommodanda
3624 1225 3702 1285 vel
3782 1297 3809 1314 ι

2198 1315 2642 1378 distribuenda.
2672 1315 2761 1376 Ad
2792 1315 2909 1376 hoc
2940 1315 3211 1376 breviter
3244 1329 3385 1374 cum
3414 1311 3547 1373 divo
3575 1315 3704 1374 Tho·
3810 1309 3812 1332 ²

2202 1427 2303 1470 ma
2354 1428 2541 1488 supra
2595 1410 2999 1490 respondetur
3019 1453 3040 1482 ,
3091 1422 3219 1467 non
3274 1421 3399 1466 esse
3450 1406 3706 1484 aequalem

2198 1505 2357 1566 hanc
2385 1503 2826 1583 obligationem
2858 1504 2923 1563 in
2952 1499 3263 1576 omnibus,
3296 1500 3437 1578 quia
3468 1517 3579 1559 non
3604 1517 3709 1560 om-

2200 1615 2309 1658 nes
2332 1597 2565 1658 habent
2592 1595 2824 1676 aequale
2853 1611 3102 1656 munuS.
3136 1593 3439 1670 Distingui
3468 1611 3600 1672 ergo
3622 1611 3708 1673 po-

2198 1696 2315 1752 test
2356 1695 2551 1750 status
2577 1690 2643 1749 in
2678 1696 2804 1749 tres
2836 1687 3083 1767 gradus.
3110 1685 3359 1756 Primus
3399 1691 3485 1745 est
3512 1685 3713 1764 simpli-

2200 1783 2369 1844 (ium
2407 1783 2768 1844 clericorum
2801 1797 2995 1860 usque
3024 1779 3103 1841 ad
3136 1779 3495 1854 sacerdotes,
3520 1779 3617 1857 qui
3640 1779 3715 1839 di·

2202 1882 2428 1938 cuntur
2455 1875 2782 1956 simplices,
2812 1875 2959 1956 quia
2990 1889 3205 1934 curam
3242 1872 3575 1932 animarum
3610 1889 3713 1932 non

2200 1969 2454 2044 habent,
2494 1969 2798 2030 secundus
2846 1967 3301 2048 parochorum3
3348 1965 3551 2025 tertius
3584 1965 3713 2044 epis·
3818 2005 3820 2044 ὲ

2202 2080 2517 2142 coporum.
2553 2063 2638 2122 De
2684 2057 3060 2140 simplicibus
3104 2053 3511 2120 sacerdotibus
3533 2055 3715 2132 regula

2200 2161 2313 2227 est,
2358 2171 2485 2215 non
2526 2155 2726 2216 teneri
2776 2153 2855 2214 ad
2897 2151 3084 2214 fidem
3134 2151 3336 2230 magis
3382 2147 3714 2229 explicitam,

2201 2263 2391 2327 quam
2428 2247 2507 2307 sit
2546 2246 2811 2307 aliorum
2846 2243 3147 2320 fidelium,
3182 2245 3287 2306 his
3330 2247 3532 2304 tamen
3573 2259 3717 2302 exce·

2202 2343 2322 2421 ptis
2360 2357 2497 2420 quae
2524 2341 2601 2400 ad
2631 2357 2812 2400 suum
2857 2357 3087 2399 munus
3118 2335 3496 2411 obeundum,
3534 2333 3717 2414 utique

2202 2433 2279 2494 ad
2296 2433 2746 2495 conficiendum
2762 2439 3243 2507 sacramentum,
3263 2435 3325 2491 et
3350 2429 3584 2504 similia,
3606 2447 3717 2507 per·

2201 2528 2423 2588 tinent.
2450 2527 2539 2588 lta
2570 2529 2642 2588 D.
2670 2525 2937 2588 Thomas
2958 2543 3164 2607 supra.
3192 2527 3269 2586 Et
3296 2523 3451 2585 ratio
3473 2530 3577 2598 est,
3600 2520 3717 2602 quia
3824 2513 3826 2554 ³

2201 2640 2405 2701 neque
2442 2639 2519 2682 ex
2566 2621 2628 2681 vi
2670 2619 2817 2682 fidei
2863 2619 3183 2681 invenitur
3230 2617 3489 2698 speciale
3526 2631 3720 2695 praece-

2202 2723 2380 2797 ptum
2426 2715 2548 2777 illis
2575 2715 2979 2796 impositum3
3024 2731 3100 2778 ex
3140 2714 3206 2774 vi
3244 2719 3453 2774 autem
3482 2710 3720 2771 muneris
3827 2708 3828 2720 ¹

2200 2810 2345 2870 satis
2380 2816 2493 2886 est,
2522 2819 2595 2870 ut
2624 2805 2760 2871 eam‘
2808 2810 3231 2889 cognitionem
3282 2805 3569 2879 habeant,
3610 2823 3721 2884 qum

2201 2903 2281 2964 ad
2307 2921 2488 2964 suum
2523 2921 2752 2963 munus
2780 2908 2942 2964 recte
2970 2899 3406 2980 exequendum
3434 2903 3525 2959 est
3548 2913 3721 2957 neces-

2202 2996 2363 3057 saria
2379 3011 2403 3066 ε,
2424 2995 2557 3057 haec
2583 2997 2749 3057 enim
2782 2995 3078 3074 obligatio
3112 2993 3291 3075 quasi
3318 2989 3605 3052 naturalis
3628 2997 3719 3064 est,

2204 3099 2265 3150 et
2302 3091 2502 3169 major
2529 3107 2657 3150 non
2685 3094 2775 3150 est
2803 3087 3110 3168 imposita.
3144 3081 3454 3158 Secundo,
3484 3081 3556 3142 de
3576 3097 3724 3162 paro·

2201 3182 2331 3243 chis
2372 3180 2705 3243 dicendum
2756 3187 2851 3242 est
2894 3179 3196 3258 majorem
3243 3175 3498 3256 quidem
3548 3175 3725 3251 cogni-

2201 3276 2433 3337 tionem
2474 3277 2541 3336 in
2576 3275 2664 3336 eis
2703 3275 3022 3356 postulari,
3054 3279 3265 3334 tamen
3296 3289 3376 3332 ex
3420 3269 3618 3330 eadem
3644 3285 3725 3326 ra-

2201 3369 2335 3430 dice
2358 3376 2423 3430 et
2458 3371 2892 3448 proportione3
2920 3385 3093 3442 nam,
3125 3373 3195 3426 ut
3242 3365 3318 3426 D.
3364 3363 3619 3425 Thomas
3646 3377 3726 3420 su-

2204 3481 2316 3545 pra
2352 3463 2525 3538 dicit,
2556 3461 2788 3523 habent
2818 3465 3205 3543 potestatem,
3232 3477 3367 3522 non
3412 3463 3638 3518 tantum
3672 3453 3725 3512 in

2202 3575 2422 3636 corpus
2458 3555 2682 3616 Christi
2726 3573 2942 3616 verum
2966 3599 2986 3630 ‚
3033 3555 3138 3615 sed
3184 3554 3378 3615 etiam
3428 3551 3494 3612 in
3539 3565 3727 3626 corpus

2204 3648 2428 3712 Christi
2469 3648 2822 3728 mysticum.
2860 3649 2935 3709 Et
2959 3648 3199 3708 ratione
3236 3646 3429 3725 hujus
3472 3642 3728 3724 posterio-

2202 3743 2289 3804 ris
2338 3741 2655 3822 potestatis
2692 3739 2928 3803 habent
2954 3740 3141 3801 etiam
3180 3740 3487 3818 majorem
3529 3735 3728 3812 obliga·

2204 3838 2464 3911 tionem,
2496 3835 2644 3916 quia
2671 3840 2963 3897 tenentur
2990 3833 3193 3914 quoad
3237 3831 3581 3894 doctrinam
3624 3845 3731 3908 pas-

2206 3947 2347 3990 cere
2392 3945 2645 4008 gregem
2678 3945 2885 4003 snum,
2919 3937 2981 3988 et
3012 3926 3213 4006 quoad
3248 3943 3455 3986 mores
3480 3929 3735 3986 tenentur

2208 4023 2401 4084 etiam
2444 4027 2901 4082 sacramentum
2949 4019 3359 4081 confessionis
3396 4017 3732 4086 ministrare,

2208 4123 2272 4178 et
2315 4133 2391 4176 ex
2440 4122 2702 4195 utroque
2752 4116 2953 4196 eapite
2992 4119 3287 4176 tenentur
3346 4111 3427 4172 ad
3472 4110 3735 4188 majorem

2208 4207 2553 4269 doctrinam
2602 4214 2665 4268 et
2720 4207 3137 4286 cognitionem
3171 4226 3185 4264 τ
3223 4223 3400 4281 nam,
3432 4209 3501 4264 ut
3546 4202 3739 4262 dicitur

2206 4299 2425 4364 Matth.
2472 4303 2584 4364 15:
2622 4300 2705 4366 Si
2741 4318 2933 4365 coecue
2975 4317 3124 4364 eoeco
3166 4299 3451 4367 ducatum
3494 4297 3736 4378 praestet,

2214 4394 2380 4456 ambo
2418 4395 2487 4455 ia
2514 4401 2743 4470 foveam
2771 4395 3004 4457 cadent.
3045 4395 3128 4455 De
3155 4412 3280 4474 qua
3313 4411 3384 4454 re
3416 4391 3602 4452 videri
3626 4407 3741 4467 pos·

2210 4494 2356 4547 sunt
2398 4487 2682 4568 Capitula
2726 4486 2805 4546 de
2848 4486 2995 4565 ipsis
3045 4485 3487 4562 sacerdotibus,
3516 4481 3738 4544 distinc-

2210 4580 2379 4642 tione
2425 4581 2525 4656 383
2558 4587 2620 4642 et
2670 4597 2803 4659 cap.
2843 4581 3056 4643 Omnes
3100 4581 3420 4662 utriusque
3464 4591 3652 4650 sexus,
3679 4573 3741 4632 (le

2218 4675 2595 4736 Poenitentiis
2628 4679 2692 4735 et
2717 4674 3207 4736 remissionibus,

2292 4771 2351 4829 7.
2385 4767 2467 4830 In
2494 4785 2561 4847 ep
2576 4761 2786 4846 ‘scopis
2818 4767 3023 4847 major
3046 4767 3301 4830 scientia
3348 4765 3745 4847 mysteriorum

2204 4861 2348 4943 fidei
2374 4865 2433 4924 et
2458 4879 2691 4923 morum
2719 4854 3080 4940 reqiciritur.
3106 4893 3188 4905 —
3206 4861 3488 4921 Tandem
3508 4853 3746 4938 episcopi

2210 4955 2567 5034 obligantur
2581 4955 2713 5014 sine
2728 4953 2916 5013 dubio
2934 4953 3012 5013 ad
3032 4957 3333 5035 majorem
3358 4951 3745 5032 cognitionem

2208 5067 2417 5110 rerum
2440 5047 2589 5108 fidei
2616 5053 2679 5107 et
2708 5063 2977 5120 morum,
3013 5047 3100 5106 ita
3126 5053 3196 5107 ut
3222 5063 3329 5124 per
3357 5063 3421 5108 se
3449 5044 3673 5124 possint
3696 5047 3746 5100 et

2210 5140 2597 5202 difficultates
2624 5155 2983 5199 communes
3008 5137 3378 5218 intelligere,
3400 5143 3462 5198 et
3476 5135 3647 5196 fidem
3662 5135 3747 5192 de-

2210 5234 2485 5308 fendere,
2524 5233 2577 5292 si
2615 5250 2768 5311 opus
2808 5231 2909 5292 sit.
2936 5231 3112 5293 Unde
3143 5231 3220 5292 de
3244 5231 3525 5312 episcopo
3553 5229 3748 5289 dicitur

2212 5347 2249 5387 a
2281 5325 2471 5387 Paulo
2508 5325 2585 5385 ad
2618 5323 2831 5385 Titum
2870 5323 3073 5404 primo
3107 5340 3126 5384 z
3172 5321 3414 5406 Oportet
3442 5323 3749 5406 episcopum

2214 5435 2341 5482 esee
2360 5419 2629 5498 justum,
2686 5415 3138 5498 amplectentem
3174 5435 3306 5480 eum
3328 5417 3431 5499 qui
3460 5415 3749 5480 secundum

2216 5513 2559 5575 doctrinam
2614 5513 2728 5582 eet,
2792 5509 3024 5589 fidelem
3073 5527 3431 5584 sermonem,
3475 5515 3545 5572 at
3578 5508 3751 5589 possit

2218 5602 2551 5680 exhortari,
2590 5607 2647 5667 et
2684 5619 2779 5666 eos
2826 5601 2931 5684 qm·
2956 5605 3372 5666 contradicunt
3400 5617 3658 5680 arguere.
3688 5598 3752 5657 Et
