3900 6217
531 407 650 466 404

531 529 665 573 eros
690 525 955 571 canones
973 506 1307 585 prohibita,
1338 514 1406 567 ut
1435 510 1702 569 sumitur
1720 528 1798 571 ex
1825 510 2098 571 Concilio

531 600 1010 667 chalcedonensi
1029 644 1048 673 ,
1111 600 1352 661 actione
1407 603 1467 675 5,
1523 603 1591 661 in
1639 604 1680 663 2
1736 602 2096 663 definitione

529 696 709 775 fidei3
764 695 986 756 elarius
1027 698 1090 753 et
1117 692 1414 772 copiosius
1442 694 1510 755 in
1547 696 1748 757 Leone
1778 694 1966 774 Papa,
1990 712 2088 775 ep.

529 792 634 865 48,
678 789 830 850 alias
858 790 961 861 50,
1015 787 1094 846 ad
1145 787 1522 849 Martianum
1568 788 1942 867 Augustum,
1985 790 2093 849 ubi

529 884 694 945 inter
724 884 846 945 alia
879 882 1060 941 dicit:
1095 881 1176 942 In
1212 898 1342 942 eam
1373 882 1575 960 fidem,
1603 900 1781 961 qaam
1809 882 2096 964 Evanye-

529 976 690 1051 licis,
748 980 806 1039 et
853 974 1214 1056 Apostolicis
1251 975 1788 1054 praedicationibus
1828 976 2095 1039 declara·

531 1075 656 1132 tam
691 1088 806 1151 per
865 1069 1144 1147 antiquos
1199 1067 1422 1129 Patres
1483 1070 1722 1131 nostroe
1763 1068 2095 1149 accepimns

531 1162 730 1240 (nulla
770 1163 1012 1242 penitae
1037 1162 1446 1241 disputatione
1469 1162 1825 1242 cujusquam
1869 1169 2099 1225 retrac-

535 1256 785 1319 tationis
828 1255 1120 1333 admissa)
1168 1254 1430 1316 omnium
1483 1254 1664 1317 corda
1711 1262 2095 1331 concurrant,

529 1367 602 1413 ne
619 1368 728 1430 per
753 1366 974 1412 canam
998 1348 1388 1427 fallacemque
1411 1348 1764 1423 versutiam,
1793 1356 1903 1412 ant
1919 1350 2097 1426 infir-

529 1460 632 1505 ma
669 1442 1012 1515 videantur,
1058 1446 1168 1505 aut
1203 1442 1404 1515 dubia,
1432 1458 1566 1521 qnoe
1589 1441 1655 1501 in
1695 1440 1940 1503 Christo
1974 1443 2093 1518 fir-

528 1540 699 1599 mata
725 1540 891 1610 sant,
926 1540 981 1597 et
1005 1534 1135 1596 sine
1153 1536 1276 1613 fine
1303 1550 1616 1595 mansura.
1650 1532 1842 1595 Multa
1868 1534 2099 1596 similia

529 1629 718 1691 habet
757 1648 852 1707 ep.
878 1632 980 1704 73,
1014 1631 1092 1689 75
1123 1634 1186 1689 et
1205 1629 1282 1688 78
1307 1626 1384 1687 ad
1415 1628 1681 1687 Leonem
1718 1627 2091 1706 Augustum,

530 1728 593 1784 et
619 1724 698 1783 76
723 1723 804 1782 ad
829 1720 1224 1799 Anatolinm3
1251 1726 1314 1781 et
1335 1722 1566 1800 optime
1594 1722 1780 1781 etiam
1818 1722 2093 1783 Gelasius

531 1817 696 1895 Papa
719 1816 898 1895 epist.
934 1818 1002 1876 11
1039 1814 1114 1875 ad
1145 1814 1470 1894 Episcopos
1497 1814 1840 1891 Dardaniae3
1865 1824 1926 1875 et
1946 1832 2093 1875 eon-

530 1908 742 1968 eordat
779 1907 880 1968 lex
922 1907 1120 1967 civilis
1155 1906 1222 1965 in
1277 1906 1319 1967 l.
1359 1908 1578 1983 Nemo,
1623 1908 1687 1969 C.
1721 1906 1798 1967 de
1837 1909 2093 1968 Summa

530 2002 832 2063 Trinitate
859 2008 924 2061 et
947 2000 1070 2060 fide
1102 2000 1417 2061 catholica.

613 2096 670 2156 3.
723 2094 1068 2159 Secundam
1124 2095 1448 2156 membrum
1485 2112 1560 2157 ecc
1604 2095 1821 2158 Paulo.
1865 2127 1946 2142 —
1984 2098 2095 2159 Ea

533 2187 771 2252 Gelasio
799 2188 998 2271 Papa.
1017 2222 1098 2235 —
1118 2187 1552 2265 Consti-matur.
1581 2220 1660 2235 —-
1681 2190 1969 2268 Superest
1998 2191 2095 2250 di-

531 2281 798 2344 cendum
835 2282 911 2343 de
954 2282 1075 2341 aiio
1103 2282 1288 2341 modo
1323 2282 1756 2359 disputationis
1788 2300 1932 2343 eum
1966 2282 2092 2345 hae-

529 2375 756 2449 reticis,
797 2392 877 2435 an
918 2374 1122 2435 licitus
1171 2375 1269 2435 sit.
1325 2376 1504 2435 Ratio
1553 2374 1877 2436 dubitandi
1928 2376 2092 2436 sumi

529 2468 832 2547 imprimis
878 2474 1077 2547 potest
1131 2486 1207 2528 ex
1253 2468 1458 2528 verbis
1502 2468 1674 2528 Pauli
1721 2468 1800 2529 ad
1840 2470 1963 2529 Tit.
2005 2470 2088 2529 3:

528 2559 902 2623 Hareticum
932 2561 1246 2637 hominem,
1279 2568 1424 2642 post
1464 2580 1646 2623 anam
1689 2566 1746 2625 et
1771 2564 2093 2626 secundam

531 2656 954 2735 correptionem
983 2656 1200 2730 devita,
1240 2656 1436 2719 sciens
1465 2655 1604 2735 qaia
1638 2656 1954 2719 subversas
1980 2662 2085 2733 est,

528 2750 636 2829 qui
684 2750 1032 2829 hujusmodi
1079 2755 1167 2811 est
1190 2794 1205 2822 ,
1259 2768 1393 2813 cum
1433 2748 1518 2811 sit
1563 2750 1814 2831 proprio
1849 2751 2093 2830 judicio

529 2845 890 2915 damnatas,-
919 2842 1026 2903 ubi
1074 2843 1300 2903 Paulus
1328 2843 1529 2903 solum
1560 2844 1863 2922 permittit
1891 2844 2091 2905 haere-

531 2936 720 2997 ticum
761 2954 1051 3011 monere,
1105 2936 1268 3015 quod
1306 2935 1487 3015 longe
1541 2935 1712 2996 aliud
1764 2942 1854 2997 est
1900 2956 2090 3017 quam

526 3048 667 3090 cum
695 3028 804 3090 illo
835 3028 1187 3109 disputare3
1211 3034 1272 3091 et
1303 3038 1439 3109 post
1461 3030 1863 3091 sufficientem
1891 3032 2089 3092 moni-

527 3123 760 3183 tionem
792 3122 1077 3203 prohibet
1103 3140 1245 3183 eum
1271 3122 1377 3184 illo
1407 3124 1887 3185 communicare.
1913 3125 2089 3186 Unde

527 3215 805 3278 Gelasius
837 3217 1022 3295 Papa,
1055 3216 1120 3276 in
1145 3216 1630 3277 commonitorio
1655 3215 1734 3277 ad
1763 3218 2083 3294 Faustum,

525 3309 874 3387 ponderans
899 3308 1030 3369 hoee
1054 3308 1262 3383 verba,
1293 3310 1381 3369 ait
1413 3331 1426 3369 :
1465 3308 1659 3373 Nobis
1700 3308 1934 3371 nullum
1988 3316 2086 3390 fas

527 3411 618 3467 est
644 3406 804 3467 inire
841 3411 1137 3469 certamen
1165 3425 1296 3469 cum
1328 3408 1663 3469 hominibus
1695 3408 2086 3471 communica-

413 3504 424 3515 *
527 3501 713 3562 tionis
761 3499 974 3561 alienoe
993 3545 1008 3573 ,
1063 3500 1288 3562 dicente
1336 3498 1661 3581 Apostolo:
1708 3499 2083 3562 Haereticam

525 3594 859 3667 hominem,
903 3600 1021 3653 etc.
1063 3592 1478 3654 Confirmatur
1524 3612 1600 3655 ex
1634 3594 1740 3654 illo
1775 3598 1812 3655 2
1863 3594 1938 3653 ad
1984 3595 2085 3654 Ti-

524 3691 677 3745 mot.
714 3687 753 3746 2
781 3706 795 3745 ε
827 3684 983 3749 Noli
1014 3688 1356 3749 contendere
1386 3687 1601 3763 verbis,
1634 3690 1716 3751 ad
1738 3689 1896 3751 nihil
1927 3690 2084 3751 enim

523 3780 674 3842 ‘utile
701 3783 814 3855 est,
851 3778 977 3841 nisi
1003 3781 1084 3843 ad
1107 3780 1545 3843 subversionem
1583 3782 1948 3848 audientiam
1960 3808 1987 3856 ‚·
2016 3784 2084 3843 in

524 3871 749 3952 quibus
778 3872 982 3933 verbis
1015 3874 1285 3934 maxime
1313 3874 1560 3936 videtur
1596 3876 1922 3955 prohibere
1964 3876 2084 3939 dis-

525 3968 873 4045 putationes
901 3984 1046 4027 eum
1090 3966 1391 4029 haereticis
1410 4016 1430 4046 ,
1467 3988 1606 4049 quae
1653 3976 1895 4031 tantum
1954 3990 2084 4033 esse

525 4059 723 4121 solent
754 4060 1200 4135 contentioneS,
1228 4066 1290 4120 et
1324 4079 1548 4140 pugnae
1576 4063 1928 4125 verborum.
1958 4064 2086 4126 Un-

527 4154 602 4215 de
633 4157 662 4215 1
693 4153 770 4215 ad
800 4153 1032 4215 Corint.
1069 4154 1131 4228 2,
1173 4154 1260 4213 ait
1300 4154 1464 4215 idem
1497 4156 1721 4217 Paulus
1768 4174 1784 4217 ε
1817 4156 1898 4221 Si
1944 4160 2085 4238 quis

523 4249 764 4313 cidetwr
789 4264 913 4310 esee
965 4246 1385 4323 contentiosas,
1424 4266 1532 4311 nos
1565 4250 1744 4312 talem
1779 4256 2085 4315 consueta·
2136 4300 2147 4313 .

524 4344 724 4408 dinem
766 4360 882 4404 non
928 4343 1226 4415 habemus,
1273 4344 1379 4404 sed
1403 4360 1584 4424 neque
1609 4344 1892 4408 Ecclesia
1939 4348 2076 4410 Dei.

527 4436 807 4500 Secundo
863 4436 980 4497 hoe
1060 4435 1387 4497 confirmat
1441 4436 1784 4499 Concilium
1843 4440 2084 4502 Toleta-

523 4550 678 4594 num
707 4530 863 4606 xlv,
910 4547 1044 4609 cap.
1080 4532 1179 4605 10,
1213 4531 1362 4591 dum
1390 4532 1478 4591 ait
1527 4548 1542 4592 ε
1585 4532 1730 4597 Non
1757 4534 1922 4597 nobis
1954 4536 2085 4598 ina-

522 4627 695 4688 nium
733 4624 1130 4705 quoeetionwm
1179 4624 1479 4688 tendicula
1505 4643 1944 4706 proeparemm,
1985 4647 2084 4691 ne-

524 4738 638 4801 que
674 4720 968 4781 discutere
1017 4716 1341 4780 audeamus
1394 4735 1524 4799 qaoe
1589 4736 1827 4783 summa
1877 4727 2024 4784 sunt
2062 4749 2084 4783 .-

525 4830 667 4876 nam
690 4830 824 4893 qnoe
862 4814 1008 4872 eant
1051 4810 1284 4885 divina,
1333 4829 1449 4873 non
1498 4812 1865 4893 disputanda
1913 4820 2083 4891 sant,

525 4907 634 4969 sed
656 4906 964 4969 credenda.
998 4904 1206 4965 Tertio
1230 4904 1347 4964 hoc
1378 4906 1624 4967 tradere
1650 4906 1944 4968 videntur
1975 4909 2086 4969 Pa-

525 5005 650 5060 tres
665 5020 682 5075 ;
708 5015 854 5059 nam
867 4996 1281 5059 Tertullianus
1301 4994 1411 5058 lib.
1429 4998 1504 5059 de
1521 5001 1864 5079 Praeseript.
1889 5000 2083 5062 haere-

527 5094 816 5166 ticorum,
857 5108 991 5170 cap.
1029 5093 1102 5151 15
1149 5096 1211 5151 et
1243 5090 1676 5171 sequentibuS,
1709 5112 1784 5154 ex
1815 5093 2082 5172 professo

525 5184 746 5265 probat
769 5200 897 5245 non
923 5202 1052 5245 esse
1081 5184 1492 5246 admittendos
1519 5184 1841 5247 haereticos
1866 5186 1943 5246 ad
1963 5186 2085 5247 dis-

527 5279 914 5360 putationem
947 5278 1022 5340 de
1050 5280 1381 5360 seripturis
1423 5280 1646 5354 saeris3
1690 5288 1752 5341 et
1777 5282 2085 5343 rationem

525 5372 757 5434 indicat
775 5371 1178 5451 AugustinuS,
1212 5374 1288 5433 15
1316 5379 1530 5435 eontra
1556 5374 1788 5446 Faust.,
1819 5391 1952 5454 cap.
1986 5376 2084 5450 12,

527 5464 738 5526 dicens
771 5484 784 5524 :
828 5464 974 5530 Non
1018 5463 1482 5546 disputationem
1535 5472 1744 5531 amant
1792 5466 2083 5541 haretici,

529 5558 636 5621 sed
655 5574 882 5640 quoquo
909 5560 1078 5622 modo
1107 5576 1394 5641 superare
1409 5558 1932 5641 impudentissima
1948 5576 2087 5640 per-

994 406 1228 457 ulsPU‘r.
1267 408 1373 458 XX.
1409 406 1488 459 DE
1523 408 1808 461 REMEDHS
1843 408 2155 461 ECCLESJAE
2186 410 2431 463 CONTRA
2464 408 2759 463 HAERESES
2792 409 2871 461 m·
2908 408 3298 462 RAERE‘rlcos.

2181 512 2436 586 tinacia,
2463 517 2535 574 at
2562 514 2919 594 conyreyent
2943 527 3076 591 qaoe
3103 526 3228 571 non
3249 516 3599 590 pepererant
3612 538 3632 582 ;
3659 518 3707 573 et

2174 603 2305 665 fere
2356 604 2638 666 eamdem
2698 606 3072 665 sententiam
3120 600 3321 663 habet
3376 601 3705 681 Gregorius,

2174 697 2214 757 8
2253 698 2495 773 Moral.,
2546 718 2599 760 e.
2634 702 2671 759 2
2691 720 2707 773 3
2740 703 2803 759 et
2846 696 3329 775 chrysostomus
3353 741 3371 770 ,
3406 714 3509 755 seu
3536 704 3710 759 auctor

2176 789 2517 870 imperfecti
2540 792 2605 851 in
2624 789 2872 865 Matth„
2904 788 3120 849 homil.
3154 790 3261 863 12,
3289 788 3371 849 ad
3399 786 3597 865 finem,
3622 791 3708 852 ubi

2175 890 2617 961 argumentum
2672 887 2861 944 sumit
2902 902 2977 945 ex
3022 882 3372 961 pertinacia
3409 880 3708 943 Pharisaeo-

2176 993 2312 1037 rum
2329 998 2347 1051 3
2376 982 2435 1037 et
2466 978 2553 1037 ait
2601 992 2616 1037 ε
2659 978 2844 1051 Audi,
2893 977 3060 1038 homo
3098 972 3328 1052 fidelis,
3386 974 3489 1054 qui
3538 982 3710 1038 contra

2176 1069 2523 1133 haereticam
2545 1070 2801 1132 libenter
2826 1069 3152 1142 contendi-5,
3174 1068 3241 1130 si
3262 1068 3569 1129 Phariam·
3594 1071 3713 1131 victi

2179 1178 2300 1224 non
2325 1166 2498 1242 sant,
2524 1168 2593 1225 ta
2620 1164 2897 1227 certando
2932 1167 3140 1225 contra
3170 1161 3543 1235 noereticum,
3578 1168 3712 1241 pote-

2179 1255 2271 1319 ris
2320 1274 2451 1320 eam
2490 1257 2742 1337 placare
2792 1274 2925 1319 cum
2956 1256 3179 1319 viceris
3198 1256 3230 1315 ἓ
3282 1260 3348 1316 et
3374 1255 3708 1330 Bernartius,

2179 1368 2365 1411 serm.
2402 1350 2483 1411 66
2513 1351 2577 1412 in
2606 1351 2780 1411 Cant.
2790 1394 2811 1426 ,
2862 1349 2937 1410 de
2980 1347 3305 1409 Haeretieis
3342 1348 3542 1426 inquit
3568 1368 3583 1407 ε
3606 1348 3711 1412 Nec

2178 1444 2519 1505 rationibus
2542 1446 2999 1515 convineuntur,
3030 1442 3175 1523 qnia
3196 1458 3326 1503 non
3352 1440 3712 1518 intelliyum

2176 1552 2285 1599 nec
2331 1537 2694 1600 auctoritate
2738 1536 3135 1616 corriyuntar
3154 1578 3174 1609 ,
3236 1532 3390 1614 qaia
3434 1550 3545 1594 non
3592 1536 3709 1596 reci-

2168 1628 2371 1706 piant,
2402 1646 2506 1691 nec
2521 1630 2851 1709 flectantur
2877 1628 3287 1699 suasionibus,
3314 1627 3462 1707 quia
3482 1627 3708 1689 subversi

2176 1727 2343 1784 sant.
2374 1722 2547 1783 Unde
2576 1722 2765 1783 refert
2806 1723 3005 1797 Soer.,
3044 1720 3155 1782 lib.
3196 1724 3233 1781 5
3270 1722 3525 1796 Histor„
3550 1738 3597 1779 c.
3628 1722 3702 1797 10,

2174 1814 2495 1891 cujusdam
2519 1816 2639 1876 viri
2660 1815 2887 1894 gravia,
2912 1814 3145 1889 Sisinii,
3182 1814 3583 1886 sententiam,
3612 1814 3700 1875 dis·

2175 1912 2475 1988 ceptantes
2492 1926 2612 1969 non
2628 1908 2823 1971 solum
2837 1926 2954 1969 non
2967 1907 3367 1970 reconciliare
3390 1905 3699 1979 schismata,

2174 2003 2281 2063 sed
2318 2002 2525 2083 polias
2583 2001 2891 2064 noeretieos
2939 2002 3021 2066 ad
3063 2000 3502 2065 contentionem
3553 2002 3705 2061 multo

2173 2097 2373 2177 mayie
2412 2098 2720 2160 accendere
2730 2122 2757 2169 ;
2782 2096 2858 2157 de
2886 2115 3007 2176 qua
3038 2116 3106 2158 re
3130 2102 3307 2157 extat
3330 2096 3561 2175 optima
3580 2096 3704 2174 epis·

2173 2189 2299 2249 tola
2345 2189 2731 2250 Constantini
2784 2188 2947 2269 apud
2998 2190 3263 2264 Euseb.·,
3325 2187 3439 2249 lib.
3495 2188 3535 2248 Ξ
3580 2188 3705 2247 Vitae

2174 2284 2343 2361 ejus;
2376 2290 2438 2343 et
2465 2283 2813 2362 Nicephor.‚
2844 2282 2957 2343 lib.
2987 2284 3051 2356 8,
3088 2300 3227 2361 cap.
3264 2284 3367 2343 13.

2252 2378 2315 2436 4.
2366 2375 2757 2439 Concluditar
2804 2392 2875 2438 erc
2926 2377 3203 2439 adductis
3248 2374 3619 2439 testimoniis.
3644 2408 3706 2421 —

2178 2468 2428 2544 Ultimo,
2466 2488 2540 2531 ex
2587 2469 2684 2530 his
2730 2470 3101 2530 testimoniis
3142 2470 3387 2550 optima
3424 2470 3707 2530 conficitur

2173 2564 2353 2638 ratio,
2382 2564 2528 2641 quia
2557 2582 2633 2624 ex
2665 2563 2781 2624 hae
2805 2563 3216 2643 disputatione
3247 2580 3395 2625 eum
3436 2563 3704 2623 haereticis

2175 2672 2304 2715 non
2334 2662 2531 2735 potest
2574 2656 2809 2717 fruetus
2840 2656 3157 2717 moraliter
3183 2658 3427 2737 sperari
3460 2656 3610 2717 circa
3632 2656 3705 2735 ip-

2175 2766 2298 2825 508,
2352 2754 2415 2810 et
2465 2750 2715 2811 aliunde
2761 2750 2966 2810 timeri
3002 2756 3200 2829 potest
3250 2750 3611 2831 simplicium
3638 2749 3701 2808 fi-

2171 2843 2407 2904 delium
2436 2850 2880 2931 nocumentum
2897 2858 2917 2921 3
2948 2862 3097 2921 ergo
3127 2863 3204 2905 ex
3232 2850 3499 2923 utroque
3534 2842 3701 2921 capite

2170 2943 2260 2998 est
2285 2936 2501 2998 illicita
2530 2938 2670 2997 talis
2700 2937 3035 3018 disputatio
3048 2952 3068 3015 3
3094 2956 3167 2998 ex
3192 2940 3425 3017 prim0,
3448 2937 3583 3016 quia
3606 2934 3701 2995 erit

2169 3030 2395 3105 otiosa3
2428 3047 2505 3091 ex
2532 3029 2799 3091 seeundo
2830 3048 2998 3105 vero,
3024 3029 3170 3109 quia
3196 3032 3321 3090 erit
3350 3036 3557 3090 contra
3580 3027 3700 3086 clia-

2166 3123 2442 3199 ritatem,
2468 3129 2530 3184 et
2554 3128 2768 3184 contra
2796 3122 3031 3183 bonum
3060 3123 3391 3203 ipsiusmet
3418 3120 3573 3181 fidei.
3596 3118 3698 3178 Pri-

2166 3232 2271 3277 ma
2313 3235 2453 3296 pars
2480 3216 2897 3277 antecedentis
2917 3216 3063 3276 satis
3092 3216 3345 3276 videtur
3374 3211 3605 3295 probari
3636 3226 3697 3269 ex

2168 3307 2371 3369 verbis
2400 3309 2597 3380 Pauli,
2628 3316 2691 3370 et
2718 3310 2981 3369 aliorum
3026 3310 3305 3385 Patrum,
3356 3314 3417 3369 et
3460 3303 3693 3385 proprie-

2168 3401 2402 3464 tatibus
2424 3404 2855 3465 haereticorum
2872 3424 2891 3478 3
2914 3401 3112 3463 solent
3141 3404 3313 3463 enim
3356 3416 3483 3462 esse
3518 3412 3695 3476 super-

2168 3496 2323 3559 hiet
2359 3499 2648 3573 audaces,
2679 3503 2741 3558 et
2783 3496 2923 3557 ideo
2970 3514 3096 3557 non
3132 3495 3314 3559 facile
3343 3494 3575 3567 cedunt,
3606 3487 3691 3550 sed

2169 3591 2319 3651 dum
2348 3594 2732 3669 argumentis
2770 3598 3175 3669 premuntur,
3216 3590 3495 3651 duriores
3535 3582 3688 3645 fiunt·

2165 3684 2319 3745 Item
2346 3686 2493 3764 quia
2531 3684 3027 3765 supernaturalia
3052 3684 3353 3764 mysteria
3384 3676 3687 3741 rationibus

2167 3777 2573 3839 demonstrari
2600 3794 2725 3839 non
2770 3786 3028 3857 possunt
3043 3793 3063 3853 ;
3114 3774 3468 3837 testimonia
3509 3774 3685 3831 autem

2166 3871 2493 3951 Scripturas
2520 3870 2620 3932 vel
2646 3870 2725 3931 ab
2771 3870 2863 3931 veis
2894 3869 3074 3931 facile
3102 3868 3447 3931 eluduntur
3466 3875 3567 3945 per
3604 3876 3684 3919 va·

2164 3966 2289 4026 rias
2320 3964 2855 4045 interpretationes
2886 3970 2994 4025 aut
3017 3963 3336 4038 lectioneS,
3357 3959 3453 4021 vel
3476 3958 3523 4018 si
3548 3948 3687 4015 aliud

2164 4058 2509 4119 remedium
2540 4078 2665 4119 non
2693 4064 2992 4138 superest,
3028 4058 3456 4119 auctoritatem
3482 4050 3605 4113 talis
3626 4045 3685 4105 li·

2164 4151 2265 4212 bri
2298 4157 2549 4231 negant.
2582 4152 2791 4213 Altera
2834 4170 2981 4213 vero
3031 4170 3171 4232 pars
3209 4150 3387 4213 facile
3430 4143 3685 4209 suadetur

2165 4246 2402 4308 ratione
2430 4262 2617 4324 supra
2641 4246 2977 4321 insinuata,
3004 4246 3151 4324 quia
3178 4244 3482 4325 simplices
3505 4234 3682 4299 fideles

2164 4339 2341 4400 facile
2370 4338 2759 4399 difficultates
2794 4336 2895 4397 vel
2936 4336 3309 4417 objectiones
3338 4330 3678 4417 percipiunt3

2164 4450 2291 4493 non
2321 4436 2530 4492 autem
2560 4432 2649 4493 ita
2675 4429 2855 4493 facile
2889 4430 3109 4493 altiora
3145 4430 3294 4492 fidei
3322 4422 3682 4491 fundamenta

2165 4532 2226 4586 et
2253 4523 2666 4603 objectionum
2703 4541 2996 4604 responsa
3022 4522 3410 4603 intelligunt3
3452 4522 3509 4579 et
3544 4526 3678 4613 prae·⁴

2164 4626 2335 4681 terea
2375 4618 2749 4679 commoveri
2785 4618 2967 4679 facile
3010 4622 3264 4696 possunt
3306 4614 3571 4677 libertate
3608 4602 3681 4661 dl-

2166 4713 2345 4775 cendi
2372 4713 2832 4788 haereticorum,
2876 4712 2983 4791 qui
3030 4711 3208 4773 valde
3258 4710 3529 4790 loquaces
3572 4708 3677 4797 esse

2167 4806 2386 4868 solent.
2418 4806 2597 4868 Unde
2642 4806 2922 4872 Clemens
2950 4806 3135 4886 Papa,
3178 4804 3289 4865 lib.
3342 4804 3379 4865 8
3420 4800 3677 4868 Recogffl‘

2168 4900 2431 4974 tionum,
2460 4898 2562 4961 vel
2602 4900 2976 4979 quicumque
3022 4900 3103 4959 sit
3140 4898 3306 4959 illius
3348 4890 3530 4975 operis
3558 4896 3675 4985 auc·

2162 5000 2283 5070 tor,
2308 4993 2457 5054 hine
2496 4992 2829 5069 concludit,
2856 4993 2934 5053 ad
2962 4990 3203 5053 nullum
3234 4990 3421 5052 finem
3446 4978 3675 5044 scientim

2164 5088 2263 5149 vel
2304 5086 2699 5166 cognitionis,
2746 5106 2856 5167 per
2892 5086 3251 5167 hujusmodi
3277 5074 3672 5164 disputationes

2164 5184 2495 5263 perveniri.

2248 5280 2308 5339 5.
2354 5277 2483 5339 Pro
2525 5280 2704 5357 parte
2750 5272 3128 5353 affirmativa
3168 5254 3667 5356 asseram—PT&

2168 5370 2347 5434 batur
2378 5369 2585 5449 primo
2624 5367 2974 5447 Scriptura.
3007 5401 3087 5411 —
3118 5362 3512 5427 Nihilominus
3554 5346 3667 5407 <110⁰

2166 5464 2389 5543 primo,
2420 5462 2899 5542 disputationem
2937 5474 3079 5521 cum
3122 5454 3418 5518 haereticis
3442 5460 3537 5530 pro
3566 5432 3665 5497 fide

2166 5556 2401 5619 tuenda
2428 5561 2491 5617 et
2518 5572 2734 5618 eorum
2766 5552 3077 5617 erroribus
3130 5536 3561 5631 impugnandis,
3600 5524 3663 5587 ὅθ
