<?xml version="1.0" encoding="UTF-8"?>
<!DOCTYPE html PUBLIC "-//W3C//DTD XHTML 1.0 Transitional//EN"
    "http://www.w3.org/TR/xhtml1/DTD/xhtml1-transitional.dtd">
<html xmlns="http://www.w3.org/1999/xhtml" xml:lang="en" lang="en">
 <head>
  <title>
</title>
<meta http-equiv="Content-Type" content="text/html;charset=utf-8" />
  <meta name='ocr-system' content='tesseract 3.04.00' />
  <meta name='ocr-capabilities' content='ocr_page ocr_carea ocr_par ocr_line ocrx_word'/>
</head>
<body>
  <div class='ocr_page' id='page_1' title='image "./rpfranciscisuar00duvagoog_0395.png"; bbox 0 0 3900 6217; ppageno 0'>
   <div class='ocr_carea' id='block_1_1' title="bbox 823 455 2714 522">
    <p class='ocr_par' dir='ltr' id='par_1_1' title="bbox 823 455 2714 522">
     <span class='ocr_line' id='line_1_1' title="bbox 823 455 2714 522; baseline 0.003 -14"><span class='ocrx_word' id='word_1_1' title='bbox 823 455 992 508; x_wconf 80' lang='lat' dir='ltr'>SECT.</span> <span class='ocrx_word' id='word_1_2' title='bbox 1029 457 1086 510; x_wconf 80' lang='lat' dir='ltr'>V.</span> <span class='ocrx_word' id='word_1_3' title='bbox 1123 457 1372 520; x_wconf 78' lang='lat' dir='ltr'>Qc.·.N1›0</span> <span class='ocrx_word' id='word_1_4' title='bbox 1409 461 1486 511; x_wconf 75' lang='lat' dir='ltr'>ET</span> <span class='ocrx_word' id='word_1_5' title='bbox 1520 461 1602 512; x_wconf 78' lang='lat' dir='ltr'>AD</span> <span class='ocrx_word' id='word_1_6' title='bbox 1637 459 1783 522; x_wconf 81' lang='lat' dir='ltr'>Qctn</span> <span class='ocrx_word' id='word_1_7' title='bbox 1820 458 2083 512; x_wconf 80' lang='lat' dir='ltr'>OBLlGET</span> <span class='ocrx_word' id='word_1_8' title='bbox 2120 460 2498 514; x_wconf 68' lang='lat' dir='ltr'>PRAEOEPTUM</span> <span class='ocrx_word' id='word_1_9' title='bbox 2534 460 2714 514; x_wconf 74' lang='lat' dir='ltr'>Ftnsst.</span> 
     </span>
    </p>
   </div>
   <div class='ocr_carea' id='block_1_2' title="bbox 203 559 1726 733">
    <p class='ocr_par' dir='ltr' id='par_1_2' title="bbox 203 559 1726 733">
     <span class='ocr_line' id='line_1_2' title="bbox 208 559 1725 646; baseline -0.001 -24"><span class='ocrx_word' id='word_1_10' title='bbox 208 577 412 646; x_wconf 79' lang='lat' dir='ltr'>qnoque</span> <span class='ocrx_word' id='word_1_11' title='bbox 453 559 548 620; x_wconf 77' lang='lat' dir='ltr'>die</span> <span class='ocrx_word' id='word_1_12' title='bbox 604 560 859 620; x_wconf 88' lang='lat' dir='ltr'>istorum</span> <span class='ocrx_word' id='word_1_13' title='bbox 920 565 1278 621; x_wconf 81' lang='lat' dir='ltr'>exerceatur</span> <span class='ocrx_word' id='word_1_14' title='bbox 1337 568 1512 622; x_wconf 85' lang='lat' dir='ltr'>actus</span> <span class='ocrx_word' id='word_1_15' title='bbox 1577 560 1725 622; x_wconf 85' lang='lat' dir='ltr'>fidei</span> 
     </span>
     <span class='ocr_line' id='line_1_3' title="bbox 203 651 1726 733; baseline -0.003 -15"><span class='ocrx_word' id='word_1_16' title='bbox 203 660 338 719; x_wconf 84' lang='lat' dir='ltr'>circa</span> <span class='ocrx_word' id='word_1_17' title='bbox 375 653 514 714; x_wconf 80' lang='lat' dir='ltr'>illud</span> <span class='ocrx_word' id='word_1_18' title='bbox 549 651 917 733; x_wconf 80' lang='lat' dir='ltr'><strong>mysterium</strong></span> <span class='ocrx_word' id='word_1_19' title='bbox 963 653 1129 732; x_wconf 84' lang='lat' dir='ltr'>quod</span> <span class='ocrx_word' id='word_1_20' title='bbox 1171 653 1277 714; x_wconf 91' lang='lat' dir='ltr'>illo</span> <span class='ocrx_word' id='word_1_21' title='bbox 1319 653 1421 715; x_wconf 89' lang='lat' dir='ltr'>die</span> <span class='ocrx_word' id='word_1_22' title='bbox 1455 654 1726 716; x_wconf 87' lang='lat' dir='ltr'>celebra-</span> 
     </span>
    </p>
   </div>
   <div class='ocr_carea' id='block_1_3' title="bbox 3246 464 3364 522">
    <p class='ocr_par' dir='ltr' id='par_1_3' title="bbox 3246 464 3364 522">
     <span class='ocr_line' id='line_1_4' title="bbox 3246 464 3364 522; baseline 0 0"><span class='ocrx_word' id='word_1_23' title='bbox 3246 464 3364 522; x_wconf 81' lang='lat'>377</span> 
     </span>
    </p>
   </div>
   <div class='ocr_carea' id='block_1_4' title="bbox 1803 559 3367 740">
    <p class='ocr_par' dir='ltr' id='par_1_4' title="bbox 1803 559 3367 740">
     <span class='ocr_line' id='line_1_5' title="bbox 1805 559 3367 646; baseline 0.006 -27"><span class='ocrx_word' id='word_1_24' title='bbox 1805 559 2049 638; x_wconf 74' lang='lat' dir='ltr'>similis,</span> <span class='ocrx_word' id='word_1_25' title='bbox 2104 567 2347 640; x_wconf 82' lang='lat' dir='ltr'>oportet</span> <span class='ocrx_word' id='word_1_26' title='bbox 2408 570 2617 626; x_wconf 87' lang='lat' dir='ltr'>autem</span> <span class='ocrx_word' id='word_1_27' title='bbox 2674 569 2743 624; x_wconf 84' lang='lat' dir='ltr'>ut</span> <span class='ocrx_word' id='word_1_28' title='bbox 2798 561 2917 626; x_wconf 88' lang='lat' dir='ltr'>hoc</span> <span class='ocrx_word' id='word_1_29' title='bbox 2990 573 3367 646; x_wconf 77' lang='lat' dir='ltr'>praeceptum</span> 
     </span>
     <span class='ocr_line' id='line_1_6' title="bbox 1803 653 3363 740; baseline 0.005 -27"><span class='ocrx_word' id='word_1_30' title='bbox 1803 655 1993 714; x_wconf 88' lang='lat' dir='ltr'>etiam</span> <span class='ocrx_word' id='word_1_31' title='bbox 2050 653 2276 716; x_wconf 85' lang='lat' dir='ltr'>habeat</span> <span class='ocrx_word' id='word_1_32' title='bbox 2320 674 2500 716; x_wconf 88' lang='lat' dir='ltr'>suum</span> <span class='ocrx_word' id='word_1_33' title='bbox 2558 655 3039 718; x_wconf 83' lang='lat' dir='ltr'>determinatum</span> <span class='ocrx_word' id='word_1_34' title='bbox 3094 665 3363 740; x_wconf 84' lang='lat' dir='ltr'>tempus,</span> 
     </span>
    </p>
   </div>
   <div class='ocr_carea' id='block_1_5' title="bbox 205 744 2323 826">
    <p class='ocr_par' dir='ltr' id='par_1_5' title="bbox 205 744 2323 826">
     <span class='ocr_line' id='line_1_7' title="bbox 205 744 2323 826; baseline -0 -17"><span class='ocrx_word' id='word_1_35' title='bbox 205 759 304 810; x_wconf 85' lang='lat' dir='ltr'>tur.</span> <span class='ocrx_word' id='word_1_36' title='bbox 359 749 520 808; x_wconf 84' lang='lat' dir='ltr'>Hanc</span> <span class='ocrx_word' id='word_1_37' title='bbox 573 744 928 826; x_wconf 80' lang='lat' dir='ltr'>opinionem</span> <span class='ocrx_word' id='word_1_38' title='bbox 971 746 1175 806; x_wconf 90' lang='lat' dir='ltr'>tenuit</span> <span class='ocrx_word' id='word_1_39' title='bbox 1205 747 1415 818; x_wconf 87' lang='lat' dir='ltr'>Nider‚</span> <span class='ocrx_word' id='word_1_40' title='bbox 1500 747 1565 807; x_wconf 89' lang='lat' dir='ltr'>in</span> <span class='ocrx_word' id='word_1_41' title='bbox 1614 763 1724 806; x_wconf 93' lang='lat' dir='ltr'>suo</span> <span class='ocrx_word' id='word_1_42' title='bbox 1801 764 2053 826; x_wconf 91' lang='lat' dir='ltr'>proquo</span> <span class='ocrx_word' id='word_1_43' title='bbox 2072 746 2323 826; x_wconf 83' lang='lat' dir='ltr'>obliget.</span> 
     </span>
    </p>
   </div>
   <div class='ocr_carea' id='block_1_6' title="bbox 186 839 1736 5668">
    <p class='ocr_par' dir='ltr' id='par_1_6' title="bbox 195 839 1727 1944">
     <span class='ocr_line' id='line_1_8' title="bbox 205 839 1716 922; baseline -0.005 -16"><span class='ocrx_word' id='word_1_44' title='bbox 205 839 582 919; x_wconf 73' lang='lat' dir='ltr'>Pmreptorio,</span> <span class='ocrx_word' id='word_1_45' title='bbox 611 845 681 898; x_wconf 90' lang='lat' dir='ltr'>nt</span> <span class='ocrx_word' id='word_1_46' title='bbox 705 839 893 900; x_wconf 80' lang='lat' dir='ltr'>refert</span> <span class='ocrx_word' id='word_1_47' title='bbox 923 840 1192 918; x_wconf 82' lang='lat' dir='ltr'>Aragon.</span> <span class='ocrx_word' id='word_1_48' title='bbox 1227 841 1288 902; x_wconf 74' lang='lat'>2.</span> <span class='ocrx_word' id='word_1_49' title='bbox 1335 843 1397 918; x_wconf 71' lang='lat'>2,</span> <span class='ocrx_word' id='word_1_50' title='bbox 1421 843 1631 922; x_wconf 85' lang='lat' dir='ltr'>quaest.</span> <span class='ocrx_word' id='word_1_51' title='bbox 1658 841 1716 914; x_wconf 71' lang='lat'>2,</span> 
     </span>
     <span class='ocr_line' id='line_1_9' title="bbox 203 931 1719 1013; baseline -0.001 -18"><span class='ocrx_word' id='word_1_52' title='bbox 203 943 296 996; x_wconf 80' lang='lat' dir='ltr'>art.</span> <span class='ocrx_word' id='word_1_53' title='bbox 325 935 398 1008; x_wconf 74' lang='grc' dir='ltr'>ὃς</span> <span class='ocrx_word' id='word_1_54' title='bbox 438 933 540 994; x_wconf 86' lang='lat' dir='ltr'>sed</span> <span class='ocrx_word' id='word_1_55' title='bbox 589 950 716 992; x_wconf 90' lang='lat' dir='ltr'>non</span> <span class='ocrx_word' id='word_1_56' title='bbox 765 931 1190 1013; x_wconf 61' lang='lat' dir='ltr'>habet,majus</span> <span class='ocrx_word' id='word_1_57' title='bbox 1219 933 1719 1009; x_wconf 76' lang='lat' dir='ltr'>tundamentum,</span> 
     </span>
     <span class='ocr_line' id='line_1_10' title="bbox 203 1024 1724 1108; baseline 0 -22"><span class='ocrx_word' id='word_1_58' title='bbox 203 1045 355 1108; x_wconf 82' lang='lat' dir='ltr'>quam</span> <span class='ocrx_word' id='word_1_59' title='bbox 382 1026 724 1106; x_wconf 63' lang='lat' dir='ltr'>praecedens</span> <span class='ocrx_word' id='word_1_60' title='bbox 748 1025 984 1104; x_wconf 82' lang='lat' dir='ltr'>opiniO,</span> <span class='ocrx_word' id='word_1_61' title='bbox 1029 1026 1174 1105; x_wconf 86' lang='lat' dir='ltr'>quia</span> <span class='ocrx_word' id='word_1_62' title='bbox 1226 1027 1293 1088; x_wconf 87' lang='lat' dir='ltr'>in</span> <span class='ocrx_word' id='word_1_63' title='bbox 1343 1026 1464 1086; x_wconf 80' lang='lat' dir='ltr'>ints</span> <span class='ocrx_word' id='word_1_64' title='bbox 1507 1024 1724 1086; x_wconf 83' lang='lat' dir='ltr'>diebus</span> 
     </span>
     <span class='ocr_line' id='line_1_11' title="bbox 201 1117 1722 1198; baseline -0.002 -18"><span class='ocrx_word' id='word_1_65' title='bbox 201 1139 302 1180; x_wconf 83' lang='lat' dir='ltr'>nou</span> <span class='ocrx_word' id='word_1_66' title='bbox 345 1119 690 1198; x_wconf 58' lang='lat' dir='ltr'>praecipitur</span> <span class='ocrx_word' id='word_1_67' title='bbox 731 1117 961 1196; x_wconf 86' lang='lat' dir='ltr'>aliquid</span> <span class='ocrx_word' id='word_1_68' title='bbox 1013 1117 1274 1197; x_wconf 85' lang='lat' dir='ltr'>speciale</span> <span class='ocrx_word' id='word_1_69' title='bbox 1323 1119 1440 1179; x_wconf 90' lang='lat' dir='ltr'>toti</span> <span class='ocrx_word' id='word_1_70' title='bbox 1493 1119 1722 1198; x_wconf 90' lang='lat' dir='ltr'>populo</span> 
     </span>
     <span class='ocr_line' id='line_1_12' title="bbox 203 1211 1719 1292; baseline -0.003 -16"><span class='ocrx_word' id='word_1_71' title='bbox 203 1213 524 1276; x_wconf 84' lang='lat' dir='ltr'>Christiano.</span> <span class='ocrx_word' id='word_1_72' title='bbox 559 1211 734 1273; x_wconf 83' lang='lat' dir='ltr'>Unde</span> <span class='ocrx_word' id='word_1_73' title='bbox 765 1212 982 1273; x_wconf 83' lang='lat' dir='ltr'>eadem</span> <span class='ocrx_word' id='word_1_74' title='bbox 1009 1218 1100 1272; x_wconf 88' lang='lat' dir='ltr'>cst</span> <span class='ocrx_word' id='word_1_75' title='bbox 1125 1215 1384 1273; x_wconf 82' lang='lat' dir='ltr'>materia</span> <span class='ocrx_word' id='word_1_76' title='bbox 1411 1212 1719 1292; x_wconf 84' lang='lat' dir='ltr'>praecepti,</span> 
     </span>
     <span class='ocr_line' id='line_1_13' title="bbox 199 1304 1724 1370; baseline -0.003 -1"><span class='ocrx_word' id='word_1_77' title='bbox 199 1315 248 1370; x_wconf 86' lang='lat' dir='ltr'>et</span> <span class='ocrx_word' id='word_1_78' title='bbox 269 1306 612 1368; x_wconf 77' lang='lat' dir='ltr'>exercitium</span> <span class='ocrx_word' id='word_1_79' title='bbox 643 1311 814 1366; x_wconf 87' lang='lat' dir='ltr'>actus</span> <span class='ocrx_word' id='word_1_80' title='bbox 846 1305 988 1365; x_wconf 88' lang='lat' dir='ltr'>fidei</span> <span class='ocrx_word' id='word_1_81' title='bbox 1013 1305 1091 1366; x_wconf 89' lang='lat' dir='ltr'>ad</span> <span class='ocrx_word' id='word_1_82' title='bbox 1123 1323 1439 1366; x_wconf 89' lang='lat' dir='ltr'>summum</span> <span class='ocrx_word' id='word_1_83' title='bbox 1470 1311 1562 1366; x_wconf 92' lang='lat' dir='ltr'>est</span> <span class='ocrx_word' id='word_1_84' title='bbox 1580 1304 1724 1365; x_wconf 84' lang='lat' dir='ltr'>finis</span> 
     </span>
     <span class='ocr_line' id='line_1_14' title="bbox 199 1397 1726 1482; baseline -0.003 -20"><span class='ocrx_word' id='word_1_85' title='bbox 199 1397 461 1482; x_wconf 66' lang='lat' dir='ltr'>pmoepti.</span> <span class='ocrx_word' id='word_1_86' title='bbox 488 1399 666 1460; x_wconf 87' lang='lat' dir='ltr'><strong>Unde</strong></span> <span class='ocrx_word' id='word_1_87' title='bbox 687 1417 800 1480; x_wconf 88' lang='lat' dir='ltr'>per</span> <span class='ocrx_word' id='word_1_88' title='bbox 815 1399 1011 1478; x_wconf 88' lang='lat' dir='ltr'>ipsam</span> <span class='ocrx_word' id='word_1_89' title='bbox 1039 1397 1508 1478; x_wconf 81' lang='lat' dir='ltr'>professionem,</span> <span class='ocrx_word' id='word_1_90' title='bbox 1539 1415 1600 1458; x_wconf 87' lang='lat' dir='ltr'>et</span> <span class='ocrx_word' id='word_1_91' title='bbox 1619 1397 1726 1458; x_wconf 89' lang='lat' dir='ltr'>ob-</span> 
     </span>
     <span class='ocr_line' id='line_1_15' title="bbox 195 1489 1727 1571; baseline -0.004 -15"><span class='ocrx_word' id='word_1_92' title='bbox 195 1494 529 1556; x_wconf 80' lang='lat' dir='ltr'>servantiam</span> <span class='ocrx_word' id='word_1_93' title='bbox 563 1491 704 1552; x_wconf 85' lang='lat' dir='ltr'>talis</span> <span class='ocrx_word' id='word_1_94' title='bbox 740 1491 880 1553; x_wconf 84' lang='lat' dir='ltr'>festi</span> <span class='ocrx_word' id='word_1_95' title='bbox 909 1492 1142 1552; x_wconf 80' lang='lat' dir='ltr'>virtute</span> <span class='ocrx_word' id='word_1_96' title='bbox 1167 1489 1239 1552; x_wconf 83' lang='lat' dir='ltr'>fit</span> <span class='ocrx_word' id='word_1_97' title='bbox 1273 1491 1556 1571; x_wconf 66' lang='lat' dir='ltr'>quaedam</span> <span class='ocrx_word' id='word_1_98' title='bbox 1589 1509 1727 1570; x_wconf 89' lang='lat' dir='ltr'>pro·</span> 
     </span>
     <span class='ocr_line' id='line_1_16' title="bbox 197 1583 1726 1662; baseline -0.002 -15"><span class='ocrx_word' id='word_1_99' title='bbox 197 1586 342 1648; x_wconf 74' lang='lat' dir='ltr'>fessio</span> <span class='ocrx_word' id='word_1_100' title='bbox 380 1583 522 1644; x_wconf 80' lang='lat' dir='ltr'>fidei</span> <span class='ocrx_word' id='word_1_101' title='bbox 573 1585 743 1645; x_wconf 88' lang='lat' dir='ltr'>illius</span> <span class='ocrx_word' id='word_1_102' title='bbox 783 1584 1062 1662; x_wconf 78' lang='lat' dir='ltr'>mysterii</span> <span class='ocrx_word' id='word_1_103' title='bbox 1079 1599 1100 1660; x_wconf 90' lang='lat'>;</span> <span class='ocrx_word' id='word_1_104' title='bbox 1156 1584 1222 1643; x_wconf 92' lang='lat' dir='ltr'>in</span> <span class='ocrx_word' id='word_1_105' title='bbox 1271 1584 1476 1662; x_wconf 84' lang='lat' dir='ltr'>rigore</span> <span class='ocrx_word' id='word_1_106' title='bbox 1517 1587 1726 1644; x_wconf 87' lang='lat' dir='ltr'>autem</span> 
     </span>
     <span class='ocr_line' id='line_1_17' title="bbox 195 1675 1727 1740; baseline -0.003 -1"><span class='ocrx_word' id='word_1_107' title='bbox 195 1697 296 1740; x_wconf 88' lang='lat' dir='ltr'>non</span> <span class='ocrx_word' id='word_1_108' title='bbox 341 1683 432 1738; x_wconf 86' lang='lat' dir='ltr'>est</span> <span class='ocrx_word' id='word_1_109' title='bbox 494 1677 910 1739; x_wconf 79' lang='lat' dir='ltr'>necessarium</span> <span class='ocrx_word' id='word_1_110' title='bbox 965 1677 1044 1738; x_wconf 82' lang='lat' dir='ltr'>ad</span> <span class='ocrx_word' id='word_1_111' title='bbox 1091 1675 1548 1738; x_wconf 79' lang='lat' dir='ltr'>observantiam</span> <span class='ocrx_word' id='word_1_112' title='bbox 1587 1675 1727 1737; x_wconf 86' lang='lat' dir='ltr'>talis</span> 
     </span>
     <span class='ocr_line' id='line_1_18' title="bbox 196 1768 1725 1848; baseline -0.001 -16"><span class='ocrx_word' id='word_1_113' title='bbox 196 1771 294 1832; x_wconf 82' lang='lat' dir='ltr'>dici</span> <span class='ocrx_word' id='word_1_114' title='bbox 306 1771 614 1831; x_wconf 85' lang='lat' dir='ltr'>internum</span> <span class='ocrx_word' id='word_1_115' title='bbox 633 1775 840 1830; x_wconf 87' lang='lat' dir='ltr'>actum</span> <span class='ocrx_word' id='word_1_116' title='bbox 861 1768 1006 1830; x_wconf 89' lang='lat' dir='ltr'>fidei</span> <span class='ocrx_word' id='word_1_117' title='bbox 1027 1771 1186 1830; x_wconf 85' lang='lat' dir='ltr'>circa</span> <span class='ocrx_word' id='word_1_118' title='bbox 1209 1769 1331 1829; x_wconf 86' lang='lat' dir='ltr'>tale</span> <span class='ocrx_word' id='word_1_119' title='bbox 1356 1768 1725 1848; x_wconf 78' lang='lat' dir='ltr'>mysterium</span> 
     </span>
     <span class='ocr_line' id='line_1_19' title="bbox 197 1861 1638 1944; baseline -0.002 -18"><span class='ocrx_word' id='word_1_120' title='bbox 197 1881 464 1938; x_wconf 83' lang='lat' dir='ltr'>exercere,</span> <span class='ocrx_word' id='word_1_121' title='bbox 491 1865 780 1944; x_wconf 83' lang='lat' dir='ltr'>quamvis</span> <span class='ocrx_word' id='word_1_122' title='bbox 803 1865 883 1924; x_wconf 88' lang='lat' dir='ltr'>sit</span> <span class='ocrx_word' id='word_1_123' title='bbox 909 1863 1062 1925; x_wconf 87' lang='lat' dir='ltr'>utile</span> <span class='ocrx_word' id='word_1_124' title='bbox 1091 1869 1154 1924; x_wconf 90' lang='lat' dir='ltr'>et</span> <span class='ocrx_word' id='word_1_125' title='bbox 1172 1861 1638 1925; x_wconf 89' lang='lat' dir='ltr'>consulendum.</span> 
     </span>
    </p>

    <p class='ocr_par' dir='ltr' id='par_1_7' title="bbox 190 1955 1735 3606">
     <span class='ocr_line' id='line_1_20' title="bbox 257 1955 1728 2040; baseline -0.001 -22"><span class='ocrx_word' id='word_1_126' title='bbox 257 1960 308 2018; x_wconf 71' lang='lat'>4.</span> <span class='ocrx_word' id='word_1_127' title='bbox 347 1957 558 2020; x_wconf 72' lang='lat' dir='ltr'>Tertia</span> <span class='ocrx_word' id='word_1_128' title='bbox 583 1957 900 2022; x_wconf 71' lang='lat' dir='ltr'>sententia.</span> <span class='ocrx_word' id='word_1_129' title='bbox 939 1989 1024 2004; x_wconf 91' lang='lat'>-·-</span> <span class='ocrx_word' id='word_1_130' title='bbox 1058 1957 1470 2040; x_wconf 74' lang='lat' dir='ltr'>Improbatur.</span> <span class='ocrx_word' id='word_1_131' title='bbox 1505 1987 1587 2002; x_wconf 90' lang='lat'>—</span> <span class='ocrx_word' id='word_1_132' title='bbox 1621 1955 1728 2017; x_wconf 87' lang='lat' dir='ltr'>Est</span> 
     </span>
     <span class='ocr_line' id='line_1_21' title="bbox 193 2049 1728 2130; baseline 0 -19"><span class='ocrx_word' id='word_1_133' title='bbox 193 2069 314 2129; x_wconf 77' lang='lat' dir='ltr'>ergo</span> <span class='ocrx_word' id='word_1_134' title='bbox 327 2051 504 2111; x_wconf 90' lang='lat' dir='ltr'>tertia</span> <span class='ocrx_word' id='word_1_135' title='bbox 537 2050 866 2126; x_wconf 85' lang='lat' dir='ltr'>sententia,</span> <span class='ocrx_word' id='word_1_136' title='bbox 897 2069 1034 2130; x_wconf 67' lang='lat' dir='ltr'>qua».</span> <span class='ocrx_word' id='word_1_137' title='bbox 1059 2050 1208 2112; x_wconf 88' lang='lat' dir='ltr'>dicit</span> <span class='ocrx_word' id='word_1_138' title='bbox 1230 2049 1430 2110; x_wconf 90' lang='lat' dir='ltr'>solum</span> <span class='ocrx_word' id='word_1_139' title='bbox 1451 2049 1728 2128; x_wconf 84' lang='lat' dir='ltr'>obligare</span> 
     </span>
     <span class='ocr_line' id='line_1_22' title="bbox 195 2141 1731 2224; baseline -0.001 -20"><span class='ocrx_word' id='word_1_140' title='bbox 195 2144 287 2204; x_wconf 81' lang='lat' dir='ltr'>hoe</span> <span class='ocrx_word' id='word_1_141' title='bbox 319 2151 688 2224; x_wconf 61' lang='lat' dir='ltr'>praceptum</span> <span class='ocrx_word' id='word_1_142' title='bbox 729 2144 810 2205; x_wconf 87' lang='lat' dir='ltr'>ad</span> <span class='ocrx_word' id='word_1_143' title='bbox 857 2143 1270 2204; x_wconf 83' lang='lat' dir='ltr'>exercendum</span> <span class='ocrx_word' id='word_1_144' title='bbox 1323 2141 1592 2222; x_wconf 82' lang='lat' dir='ltr'>aliquem</span> <span class='ocrx_word' id='word_1_145' title='bbox 1631 2159 1731 2204; x_wconf 81' lang='lat' dir='ltr'>ac-</span> 
     </span>
     <span class='ocr_line' id='line_1_23' title="bbox 191 2236 1727 2314; baseline -0.001 -18"><span class='ocrx_word' id='word_1_146' title='bbox 191 2241 298 2296; x_wconf 88' lang='lat' dir='ltr'>tum</span> <span class='ocrx_word' id='word_1_147' title='bbox 327 2236 465 2297; x_wconf 85' lang='lat' dir='ltr'>fidei</span> <span class='ocrx_word' id='word_1_148' title='bbox 489 2238 566 2297; x_wconf 84' lang='lat' dir='ltr'>in</span> <span class='ocrx_word' id='word_1_149' title='bbox 594 2238 710 2298; x_wconf 87' lang='lat' dir='ltr'>hac</span> <span class='ocrx_word' id='word_1_150' title='bbox 738 2236 1486 2314; x_wconf 86' lang='lat' dir='ltr'>vita3determinationem</span> <span class='ocrx_word' id='word_1_151' title='bbox 1518 2241 1727 2295; x_wconf 86' lang='lat' dir='ltr'>autem</span> 
     </span>
     <span class='ocr_line' id='line_1_24' title="bbox 191 2327 1732 2410; baseline -0.001 -20"><span class='ocrx_word' id='word_1_152' title='bbox 191 2330 448 2408; x_wconf 83' lang='lat' dir='ltr'>temporis</span> <span class='ocrx_word' id='word_1_153' title='bbox 473 2331 548 2390; x_wconf 89' lang='lat' dir='ltr'>in</span> <span class='ocrx_word' id='word_1_154' title='bbox 585 2330 935 2409; x_wconf 78' lang='lat' dir='ltr'>particulari</span> <span class='ocrx_word' id='word_1_155' title='bbox 980 2329 1272 2408; x_wconf 81' lang='lat' dir='ltr'>relinquit</span> <span class='ocrx_word' id='word_1_156' title='bbox 1312 2329 1500 2410; x_wconf 86' lang='lat' dir='ltr'>ipsius</span> <span class='ocrx_word' id='word_1_157' title='bbox 1531 2327 1732 2388; x_wconf 88' lang='lat' dir='ltr'>homi-</span> 
     </span>
     <span class='ocr_line' id='line_1_25' title="bbox 191 2421 1726 2503; baseline 0 -21"><span class='ocrx_word' id='word_1_158' title='bbox 191 2424 270 2482; x_wconf 86' lang='lat' dir='ltr'>nis</span> <span class='ocrx_word' id='word_1_159' title='bbox 301 2423 580 2500; x_wconf 71' lang='lat' dir='ltr'>arbitrie,</span> <span class='ocrx_word' id='word_1_160' title='bbox 619 2425 766 2503; x_wconf 87' lang='lat' dir='ltr'>quia</span> <span class='ocrx_word' id='word_1_161' title='bbox 789 2441 914 2484; x_wconf 88' lang='lat' dir='ltr'>non</span> <span class='ocrx_word' id='word_1_162' title='bbox 942 2427 1140 2502; x_wconf 85' lang='lat' dir='ltr'>potest</span> <span class='ocrx_word' id='word_1_163' title='bbox 1161 2421 1283 2484; x_wconf 88' lang='lat' dir='ltr'>alia</span> <span class='ocrx_word' id='word_1_164' title='bbox 1316 2429 1484 2483; x_wconf 91' lang='lat' dir='ltr'>certa</span> <span class='ocrx_word' id='word_1_165' title='bbox 1510 2421 1726 2498; x_wconf 78' lang='lat' dir='ltr'>regula</span> 
     </span>
     <span class='ocr_line' id='line_1_26' title="bbox 193 2513 1728 2598; baseline -0.001 -23"><span class='ocrx_word' id='word_1_166' title='bbox 193 2516 493 2595; x_wconf 65' lang='lat' dir='ltr'>designari.</span> <span class='ocrx_word' id='word_1_167' title='bbox 529 2518 652 2579; x_wconf 82' lang='lat' dir='ltr'>Sed</span> <span class='ocrx_word' id='word_1_168' title='bbox 672 2517 750 2578; x_wconf 88' lang='lat' dir='ltr'>ad</span> <span class='ocrx_word' id='word_1_169' title='bbox 777 2517 940 2598; x_wconf 77' lang='lat' dir='ltr'>banc</span> <span class='ocrx_word' id='word_1_170' title='bbox 964 2517 1334 2577; x_wconf 90' lang='lat' dir='ltr'>sententiam</span> <span class='ocrx_word' id='word_1_171' title='bbox 1359 2515 1634 2596; x_wconf 87' lang='lat' dir='ltr'>sequitur</span> <span class='ocrx_word' id='word_1_172' title='bbox 1653 2513 1728 2574; x_wconf 89' lang='lat' dir='ltr'>il·</span> 
     </span>
     <span class='ocr_line' id='line_1_27' title="bbox 195 2609 1730 2690; baseline 0.001 -19"><span class='ocrx_word' id='word_1_173' title='bbox 195 2609 283 2671; x_wconf 86' lang='lat' dir='ltr'>lud</span> <span class='ocrx_word' id='word_1_174' title='bbox 311 2611 799 2685; x_wconf 87' lang='lat' dir='ltr'>incommodum,</span> <span class='ocrx_word' id='word_1_175' title='bbox 830 2611 978 2690; x_wconf 85' lang='lat' dir='ltr'>quia</span> <span class='ocrx_word' id='word_1_176' title='bbox 1009 2611 1199 2690; x_wconf 85' lang='lat' dir='ltr'>possit</span> <span class='ocrx_word' id='word_1_177' title='bbox 1227 2609 1415 2680; x_wconf 79' lang='lat' dir='ltr'>homo</span> <span class='ocrx_word' id='word_1_178' title='bbox 1447 2609 1579 2671; x_wconf 88' lang='lat' dir='ltr'>sine</span> <span class='ocrx_word' id='word_1_179' title='bbox 1603 2609 1730 2672; x_wconf 88' lang='lat' dir='ltr'>cul·</span> 
     </span>
     <span class='ocr_line' id='line_1_28' title="bbox 197 2701 1733 2785; baseline 0.001 -22"><span class='ocrx_word' id='word_1_180' title='bbox 197 2721 260 2784; x_wconf 83' lang='lat' dir='ltr'>pa</span> <span class='ocrx_word' id='word_1_181' title='bbox 283 2721 598 2785; x_wconf 84' lang='lat' dir='ltr'>nunqnam</span> <span class='ocrx_word' id='word_1_182' title='bbox 645 2721 930 2766; x_wconf 86' lang='lat' dir='ltr'>exercere</span> <span class='ocrx_word' id='word_1_183' title='bbox 961 2708 1166 2764; x_wconf 86' lang='lat' dir='ltr'>actum</span> <span class='ocrx_word' id='word_1_184' title='bbox 1205 2701 1350 2763; x_wconf 85' lang='lat' dir='ltr'>fidei</span> <span class='ocrx_word' id='word_1_185' title='bbox 1383 2703 1448 2762; x_wconf 92' lang='lat' dir='ltr'>in</span> <span class='ocrx_word' id='word_1_186' title='bbox 1497 2703 1733 2764; x_wconf 89' lang='lat' dir='ltr'>discur-</span> 
     </span>
     <span class='ocr_line' id='line_1_29' title="bbox 195 2795 1734 2877; baseline 0 -19"><span class='ocrx_word' id='word_1_187' title='bbox 195 2815 256 2858; x_wconf 75' lang='lat' dir='ltr'>su</span> <span class='ocrx_word' id='word_1_188' title='bbox 292 2797 450 2874; x_wconf 78' lang='lat' dir='ltr'>vitae,</span> <span class='ocrx_word' id='word_1_189' title='bbox 503 2799 616 2859; x_wconf 85' lang='lat' dir='ltr'>sed</span> <span class='ocrx_word' id='word_1_190' title='bbox 653 2799 717 2858; x_wconf 90' lang='lat' dir='ltr'>in</span> <span class='ocrx_word' id='word_1_191' title='bbox 759 2805 1004 2877; x_wconf 88' lang='lat' dir='ltr'>tempus</span> <span class='ocrx_word' id='word_1_192' title='bbox 1038 2796 1280 2858; x_wconf 84' lang='lat' dir='ltr'>articuli</span> <span class='ocrx_word' id='word_1_193' title='bbox 1318 2795 1536 2857; x_wconf 86' lang='lat' dir='ltr'>mortis</span> <span class='ocrx_word' id='word_1_194' title='bbox 1580 2797 1734 2858; x_wconf 86' lang='lat' dir='ltr'>illud</span> 
     </span>
     <span class='ocr_line' id='line_1_30' title="bbox 196 2889 1730 2972; baseline 0.003 -23"><span class='ocrx_word' id='word_1_195' title='bbox 196 2889 438 2968; x_wconf 81' lang='lat' dir='ltr'>differre,</span> <span class='ocrx_word' id='word_1_196' title='bbox 467 2893 624 2972; x_wconf 84' lang='lat' dir='ltr'>quia</span> <span class='ocrx_word' id='word_1_197' title='bbox 652 2894 704 2954; x_wconf 87' lang='lat' dir='ltr'>si</span> <span class='ocrx_word' id='word_1_198' title='bbox 729 2892 848 2953; x_wconf 82' lang='lat' dir='ltr'>hoc</span> <span class='ocrx_word' id='word_1_199' title='bbox 880 2891 1256 2971; x_wconf 84' lang='lat' dir='ltr'>relinquitur</span> <span class='ocrx_word' id='word_1_200' title='bbox 1289 2890 1544 2952; x_wconf 90' lang='lat' dir='ltr'>arbitrio</span> <span class='ocrx_word' id='word_1_201' title='bbox 1574 2892 1730 2970; x_wconf 86' lang='lat' dir='ltr'>ejus,</span> 
     </span>
     <span class='ocr_line' id='line_1_31' title="bbox 194 2984 1733 3066; baseline 0.001 -20"><span class='ocrx_word' id='word_1_202' title='bbox 194 2991 370 3063; x_wconf 79' lang='lat' dir='ltr'>potest</span> <span class='ocrx_word' id='word_1_203' title='bbox 415 2985 572 3046; x_wconf 88' lang='lat' dir='ltr'>illud</span> <span class='ocrx_word' id='word_1_204' title='bbox 641 2997 884 3066; x_wconf 85' lang='lat' dir='ltr'>tempus</span> <span class='ocrx_word' id='word_1_205' title='bbox 930 2984 1180 3063; x_wconf 85' lang='lat' dir='ltr'>eligere,</span> <span class='ocrx_word' id='word_1_206' title='bbox 1235 2984 1382 3063; x_wconf 87' lang='lat' dir='ltr'>quia</span> <span class='ocrx_word' id='word_1_207' title='bbox 1420 2984 1488 3046; x_wconf 92' lang='lat' dir='ltr'>in</span> <span class='ocrx_word' id='word_1_208' title='bbox 1528 2985 1733 3065; x_wconf 83' lang='lat' dir='ltr'>rigore</span> 
     </span>
     <span class='ocr_line' id='line_1_32' title="bbox 195 3077 1734 3158; baseline 0.001 -18"><span class='ocrx_word' id='word_1_209' title='bbox 195 3079 365 3140; x_wconf 86' lang='lat' dir='ltr'>solum</span> <span class='ocrx_word' id='word_1_210' title='bbox 415 3080 577 3142; x_wconf 89' lang='lat' dir='ltr'>illud</span> <span class='ocrx_word' id='word_1_211' title='bbox 631 3087 722 3140; x_wconf 89' lang='lat' dir='ltr'>est</span> <span class='ocrx_word' id='word_1_212' title='bbox 777 3085 1024 3158; x_wconf 87' lang='lat' dir='ltr'>tempus</span> <span class='ocrx_word' id='word_1_213' title='bbox 1069 3077 1472 3155; x_wconf 80' lang='lat' dir='ltr'>necessitatis3</span> <span class='ocrx_word' id='word_1_214' title='bbox 1522 3097 1734 3141; x_wconf 87' lang='lat' dir='ltr'>conse·</span> 
     </span>
     <span class='ocr_line' id='line_1_33' title="bbox 193 3169 1735 3252; baseline -0.001 -18"><span class='ocrx_word' id='word_1_215' title='bbox 193 3191 360 3252; x_wconf 87' lang='lat' dir='ltr'>quens</span> <span class='ocrx_word' id='word_1_216' title='bbox 401 3179 621 3234; x_wconf 87' lang='lat' dir='ltr'>autem</span> <span class='ocrx_word' id='word_1_217' title='bbox 671 3178 763 3233; x_wconf 86' lang='lat' dir='ltr'>est</span> <span class='ocrx_word' id='word_1_218' title='bbox 817 3171 996 3232; x_wconf 84' lang='lat' dir='ltr'>valde</span> <span class='ocrx_word' id='word_1_219' title='bbox 1041 3169 1402 3242; x_wconf 87' lang='lat' dir='ltr'>absurdum,</span> <span class='ocrx_word' id='word_1_220' title='bbox 1453 3169 1601 3250; x_wconf 88' lang='lat' dir='ltr'>quia</span> <span class='ocrx_word' id='word_1_221' title='bbox 1642 3178 1735 3233; x_wconf 86' lang='lat' dir='ltr'>est</span> 
     </span>
     <span class='ocr_line' id='line_1_34' title="bbox 193 3262 1729 3339; baseline -0.001 -13"><span class='ocrx_word' id='word_1_222' title='bbox 193 3274 378 3328; x_wconf 86' lang='lat' dir='ltr'>eontra</span> <span class='ocrx_word' id='word_1_223' title='bbox 401 3273 644 3327; x_wconf 85' lang='lat' dir='ltr'>rectam</span> <span class='ocrx_word' id='word_1_224' title='bbox 691 3263 1147 3325; x_wconf 80' lang='lat' dir='ltr'>institutionem</span> <span class='ocrx_word' id='word_1_225' title='bbox 1177 3262 1537 3324; x_wconf 82' lang='lat' dir='ltr'>Christinnae</span> <span class='ocrx_word' id='word_1_226' title='bbox 1563 3265 1729 3339; x_wconf 81' lang='lat' dir='ltr'>vitae,</span> 
     </span>
     <span class='ocr_line' id='line_1_35' title="bbox 191 3354 1734 3437; baseline 0.001 -20"><span class='ocrx_word' id='word_1_227' title='bbox 191 3360 340 3437; x_wconf 86' lang='lat' dir='ltr'>cnjus</span> <span class='ocrx_word' id='word_1_228' title='bbox 389 3360 880 3422; x_wconf 79' lang='lat' dir='ltr'>fundamentum</span> <span class='ocrx_word' id='word_1_229' title='bbox 940 3362 1033 3416; x_wconf 90' lang='lat' dir='ltr'>est</span> <span class='ocrx_word' id='word_1_230' title='bbox 1087 3354 1236 3416; x_wconf 84' lang='lat' dir='ltr'>fides</span> <span class='ocrx_word' id='word_1_231' title='bbox 1264 3402 1281 3430; x_wconf 92' lang='lat'>,</span> <span class='ocrx_word' id='word_1_232' title='bbox 1339 3357 1506 3417; x_wconf 89' lang='lat' dir='ltr'>unde</span> <span class='ocrx_word' id='word_1_233' title='bbox 1568 3357 1734 3418; x_wconf 89' lang='lat' dir='ltr'>illins</span> 
     </span>
     <span class='ocr_line' id='line_1_36' title="bbox 191 3449 1735 3534; baseline 0 -23"><span class='ocrx_word' id='word_1_234' title='bbox 191 3459 370 3514; x_wconf 82' lang='lat' dir='ltr'>actum</span> <span class='ocrx_word' id='word_1_235' title='bbox 425 3452 778 3534; x_wconf 68' lang='lat' dir='ltr'>praecedere</span> <span class='ocrx_word' id='word_1_236' title='bbox 826 3456 1070 3530; x_wconf 84' lang='lat' dir='ltr'>oportet</span> <span class='ocrx_word' id='word_1_237' title='bbox 1121 3467 1336 3511; x_wconf 85' lang='lat' dir='ltr'>omnes</span> <span class='ocrx_word' id='word_1_238' title='bbox 1401 3449 1554 3510; x_wconf 82' lang='lat' dir='ltr'>alias</span> <span class='ocrx_word' id='word_1_239' title='bbox 1613 3451 1735 3511; x_wconf 87' lang='lat' dir='ltr'>vir-</span> 
     </span>
     <span class='ocr_line' id='line_1_37' title="bbox 190 3549 343 3606; baseline 0.013 -2"><span class='ocrx_word' id='word_1_240' title='bbox 190 3549 343 3606; x_wconf 78' lang='lat' dir='ltr'>tutes,</span> 
     </span>
    </p>

    <p class='ocr_par' dir='ltr' id='par_1_8' title="bbox 186 3637 1736 5668">
     <span class='ocr_line' id='line_1_38' title="bbox 253 3637 1735 3721; baseline 0.001 -23"><span class='ocrx_word' id='word_1_241' title='bbox 253 3641 304 3698; x_wconf 84' lang='lat'>5.</span> <span class='ocrx_word' id='word_1_242' title='bbox 343 3639 590 3721; x_wconf 62' lang='lat' dir='ltr'>Duplex</span> <span class='ocrx_word' id='word_1_243' title='bbox 639 3637 966 3702; x_wconf 70' lang='lat' dir='ltr'>necessitas</span> <span class='ocrx_word' id='word_1_244' title='bbox 1013 3638 1320 3700; x_wconf 70' lang='lat' dir='ltr'>exercendi</span> <span class='ocrx_word' id='word_1_245' title='bbox 1347 3643 1546 3701; x_wconf 77' lang='lat' dir='ltr'>actum</span> <span class='ocrx_word' id='word_1_246' title='bbox 1592 3637 1735 3718; x_wconf 79' lang='lat' dir='ltr'>fidei</span> 
     </span>
     <span class='ocr_line' id='line_1_39' title="bbox 189 3730 1735 3814; baseline 0.001 -23"><span class='ocrx_word' id='word_1_247' title='bbox 189 3731 520 3814; x_wconf 69' lang='lat' dir='ltr'>explicatur.</span> <span class='ocrx_word' id='word_1_248' title='bbox 579 3764 668 3777; x_wconf 95' lang='lat'><strong>—</strong></span> <span class='ocrx_word' id='word_1_249' title='bbox 721 3733 798 3794; x_wconf 90' lang='lat' dir='ltr'>Ut</span> <span class='ocrx_word' id='word_1_250' title='bbox 851 3749 1001 3810; x_wconf 83' lang='lat' dir='ltr'>ergo</span> <span class='ocrx_word' id='word_1_251' title='bbox 1049 3730 1322 3792; x_wconf 86' lang='lat' dir='ltr'>breviter</span> <span class='ocrx_word' id='word_1_252' title='bbox 1367 3730 1480 3791; x_wconf 86' lang='lat' dir='ltr'>hoc</span> <span class='ocrx_word' id='word_1_253' title='bbox 1544 3749 1735 3810; x_wconf 88' lang='lat' dir='ltr'>punc-</span> 
     </span>
     <span class='ocr_line' id='line_1_40' title="bbox 186 3823 1733 3904; baseline 0.003 -22"><span class='ocrx_word' id='word_1_254' title='bbox 186 3829 296 3884; x_wconf 85' lang='lat' dir='ltr'>tum</span> <span class='ocrx_word' id='word_1_255' title='bbox 327 3826 734 3904; x_wconf 84' lang='lat' dir='ltr'>explicemus,</span> <span class='ocrx_word' id='word_1_256' title='bbox 765 3823 1200 3902; x_wconf 79' lang='lat' dir='ltr'>distinguenda</span> <span class='ocrx_word' id='word_1_257' title='bbox 1227 3828 1320 3884; x_wconf 87' lang='lat' dir='ltr'>est</span> <span class='ocrx_word' id='word_1_258' title='bbox 1345 3824 1520 3902; x_wconf 84' lang='lat' dir='ltr'>juxta</span> <span class='ocrx_word' id='word_1_259' title='bbox 1544 3841 1733 3902; x_wconf 88' lang='lat' dir='ltr'>supra</span> 
     </span>
     <span class='ocr_line' id='line_1_41' title="bbox 189 3915 1727 3999; baseline 0.001 -23"><span class='ocrx_word' id='word_1_260' title='bbox 189 3916 320 3978; x_wconf 75' lang='lat' dir='ltr'>dicta</span> <span class='ocrx_word' id='word_1_261' title='bbox 344 3919 574 3999; x_wconf 81' lang='lat' dir='ltr'>duplex</span> <span class='ocrx_word' id='word_1_262' title='bbox 605 3919 938 3979; x_wconf 83' lang='lat' dir='ltr'>necessitas</span> <span class='ocrx_word' id='word_1_263' title='bbox 969 3918 1292 3978; x_wconf 83' lang='lat' dir='ltr'>exercendi</span> <span class='ocrx_word' id='word_1_264' title='bbox 1325 3924 1534 3977; x_wconf 84' lang='lat' dir='ltr'>actum</span> <span class='ocrx_word' id='word_1_265' title='bbox 1560 3915 1727 3978; x_wconf 84' lang='lat' dir='ltr'>fidei.</span> 
     </span>
     <span class='ocr_line' id='line_1_42' title="bbox 189 4009 1731 4091; baseline 0 -21"><span class='ocrx_word' id='word_1_266' title='bbox 189 4010 300 4070; x_wconf 87' lang='lat' dir='ltr'>Una</span> <span class='ocrx_word' id='word_1_267' title='bbox 323 4019 409 4072; x_wconf 77' lang='lat' dir='ltr'>est</span> <span class='ocrx_word' id='word_1_268' title='bbox 433 4013 622 4091; x_wconf 86' lang='lat' dir='ltr'>quasi</span> <span class='ocrx_word' id='word_1_269' title='bbox 661 4029 772 4090; x_wconf 89' lang='lat' dir='ltr'>per</span> <span class='ocrx_word' id='word_1_270' title='bbox 799 4010 1106 4085; x_wconf 84' lang='lat' dir='ltr'>accidens,</span> <span class='ocrx_word' id='word_1_271' title='bbox 1149 4027 1256 4070; x_wconf 86' lang='lat' dir='ltr'>seu</span> <span class='ocrx_word' id='word_1_272' title='bbox 1297 4010 1536 4070; x_wconf 87' lang='lat' dir='ltr'>ratione</span> <span class='ocrx_word' id='word_1_273' title='bbox 1582 4009 1731 4070; x_wconf 86' lang='lat' dir='ltr'>alte-</span> 
     </span>
     <span class='ocr_line' id='line_1_43' title="bbox 189 4103 1732 4184; baseline 0.001 -23"><span class='ocrx_word' id='word_1_274' title='bbox 189 4103 314 4182; x_wconf 77' lang='lat' dir='ltr'>rius3</span> <span class='ocrx_word' id='word_1_275' title='bbox 353 4105 473 4166; x_wconf 85' lang='lat' dir='ltr'>alia</span> <span class='ocrx_word' id='word_1_276' title='bbox 519 4111 620 4166; x_wconf 87' lang='lat' dir='ltr'>est</span> <span class='ocrx_word' id='word_1_277' title='bbox 676 4123 788 4184; x_wconf 90' lang='lat' dir='ltr'>per</span> <span class='ocrx_word' id='word_1_278' title='bbox 837 4123 924 4177; x_wconf 85' lang='lat' dir='ltr'>se,</span> <span class='ocrx_word' id='word_1_279' title='bbox 975 4121 1081 4165; x_wconf 90' lang='lat' dir='ltr'>seu</span> <span class='ocrx_word' id='word_1_280' title='bbox 1125 4103 1365 4164; x_wconf 88' lang='lat' dir='ltr'>ratione</span> <span class='ocrx_word' id='word_1_281' title='bbox 1409 4103 1732 4182; x_wconf 85' lang='lat' dir='ltr'>ipsiusmet</span> 
     </span>
     <span class='ocr_line' id='line_1_44' title="bbox 189 4195 1726 4277; baseline 0.001 -22"><span class='ocrx_word' id='word_1_282' title='bbox 189 4195 324 4258; x_wconf 83' lang='lat' dir='ltr'>fidei.</span> <span class='ocrx_word' id='word_1_283' title='bbox 383 4199 561 4259; x_wconf 85' lang='lat' dir='ltr'>Prior</span> <span class='ocrx_word' id='word_1_284' title='bbox 640 4203 841 4277; x_wconf 82' lang='lat' dir='ltr'>potest</span> <span class='ocrx_word' id='word_1_285' title='bbox 901 4196 1131 4258; x_wconf 86' lang='lat' dir='ltr'>habere</span> <span class='ocrx_word' id='word_1_286' title='bbox 1183 4195 1358 4258; x_wconf 81' lang='lat' dir='ltr'>varia</span> <span class='ocrx_word' id='word_1_287' title='bbox 1409 4201 1690 4276; x_wconf 86' lang='lat' dir='ltr'>tempora</span> <span class='ocrx_word' id='word_1_288' title='bbox 1708 4245 1726 4271; x_wconf 90' lang='lat'>,</span> 
     </span>
     <span class='ocr_line' id='line_1_45' title="bbox 191 4289 1732 4370; baseline 0.005 -25"><span class='ocrx_word' id='word_1_289' title='bbox 191 4290 331 4350; x_wconf 78' lang='lat' dir='ltr'>verbi</span> <span class='ocrx_word' id='word_1_290' title='bbox 361 4292 588 4370; x_wconf 79' lang='lat' dir='ltr'>gratia,</span> <span class='ocrx_word' id='word_1_291' title='bbox 625 4290 877 4370; x_wconf 88' lang='lat' dir='ltr'>quando</span> <span class='ocrx_word' id='word_1_292' title='bbox 927 4296 1020 4351; x_wconf 89' lang='lat' dir='ltr'>est</span> <span class='ocrx_word' id='word_1_293' title='bbox 1054 4291 1467 4352; x_wconf 87' lang='lat' dir='ltr'>necessarium</span> <span class='ocrx_word' id='word_1_294' title='bbox 1512 4289 1732 4352; x_wconf 84' lang='lat' dir='ltr'>elicere</span> 
     </span>
     <span class='ocr_line' id='line_1_46' title="bbox 191 4383 1732 4466; baseline 0.002 -25"><span class='ocrx_word' id='word_1_295' title='bbox 191 4385 596 4447; x_wconf 72' lang='lat' dir='ltr'>mnu-itionem</span> <span class='ocrx_word' id='word_1_296' title='bbox 655 4386 732 4445; x_wconf 88' lang='lat' dir='ltr'>de</span> <span class='ocrx_word' id='word_1_297' title='bbox 791 4383 1090 4466; x_wconf 80' lang='lat' dir='ltr'>peccatis,</span> <span class='ocrx_word' id='word_1_298' title='bbox 1141 4390 1250 4445; x_wconf 88' lang='lat' dir='ltr'>aut</span> <span class='ocrx_word' id='word_1_299' title='bbox 1307 4385 1498 4443; x_wconf 87' lang='lat' dir='ltr'>Deum</span> <span class='ocrx_word' id='word_1_300' title='bbox 1545 4402 1732 4463; x_wconf 87' lang='lat' dir='ltr'>super</span> 
     </span>
     <span class='ocr_line' id='line_1_47' title="bbox 191 4474 1732 4556; baseline 0.001 -23"><span class='ocrx_word' id='word_1_301' title='bbox 191 4478 368 4538; x_wconf 82' lang='lat' dir='ltr'>omnia</span> <span class='ocrx_word' id='word_1_302' title='bbox 397 4479 692 4556; x_wconf 86' lang='lat' dir='ltr'>diligere,</span> <span class='ocrx_word' id='word_1_303' title='bbox 723 4477 884 4556; x_wconf 87' lang='lat' dir='ltr'>quod</span> <span class='ocrx_word' id='word_1_304' title='bbox 926 4475 1062 4538; x_wconf 91' lang='lat' dir='ltr'>sine</span> <span class='ocrx_word' id='word_1_305' title='bbox 1101 4487 1239 4536; x_wconf 87' lang='lat' dir='ltr'>actu</span> <span class='ocrx_word' id='word_1_306' title='bbox 1263 4475 1409 4536; x_wconf 85' lang='lat' dir='ltr'>fidei</span> <span class='ocrx_word' id='word_1_307' title='bbox 1439 4474 1573 4536; x_wconf 84' lang='lat' dir='ltr'>fleri</span> <span class='ocrx_word' id='word_1_308' title='bbox 1603 4492 1732 4536; x_wconf 87' lang='lat' dir='ltr'>non</span> 
     </span>
     <span class='ocr_line' id='line_1_48' title="bbox 190 4567 1728 4650; baseline -0.002 -20"><span class='ocrx_word' id='word_1_309' title='bbox 190 4577 374 4646; x_wconf 67' lang='lat' dir='ltr'>potest.</span> <span class='ocrx_word' id='word_1_310' title='bbox 425 4573 580 4633; x_wconf 82' lang='lat' dir='ltr'>ltem</span> <span class='ocrx_word' id='word_1_311' title='bbox 655 4569 908 4650; x_wconf 85' lang='lat' dir='ltr'>quando</span> <span class='ocrx_word' id='word_1_312' title='bbox 950 4576 1132 4648; x_wconf 85' lang='lat' dir='ltr'>urget</span> <span class='ocrx_word' id='word_1_313' title='bbox 1185 4569 1391 4648; x_wconf 79' lang='lat' dir='ltr'>gravis</span> <span class='ocrx_word' id='word_1_314' title='bbox 1443 4567 1728 4642; x_wconf 83' lang='lat' dir='ltr'>tentatio,</span> 
     </span>
     <span class='ocr_line' id='line_1_49' title="bbox 190 4661 1734 4741; baseline 0.002 -24"><span class='ocrx_word' id='word_1_315' title='bbox 190 4662 252 4719; x_wconf 84' lang='lat' dir='ltr'>ad</span> <span class='ocrx_word' id='word_1_316' title='bbox 299 4680 478 4741; x_wconf 84' lang='lat' dir='ltr'>quam</span> <span class='ocrx_word' id='word_1_317' title='bbox 519 4663 895 4724; x_wconf 82' lang='lat' dir='ltr'>vincendam</span> <span class='ocrx_word' id='word_1_318' title='bbox 953 4661 1368 4724; x_wconf 86' lang='lat' dir='ltr'>necessarium</span> <span class='ocrx_word' id='word_1_319' title='bbox 1413 4661 1734 4738; x_wconf 82' lang='lat' dir='ltr'>judicatur</span> 
     </span>
     <span class='ocr_line' id='line_1_50' title="bbox 190 4753 1734 4836; baseline 0.003 -24"><span class='ocrx_word' id='word_1_320' title='bbox 190 4753 290 4814; x_wconf 81' lang='lat' dir='ltr'>fide</span> <span class='ocrx_word' id='word_1_321' title='bbox 309 4758 418 4831; x_wconf 89' lang='lat' dir='ltr'>uti,</span> <span class='ocrx_word' id='word_1_322' title='bbox 447 4759 638 4836; x_wconf 83' lang='lat' dir='ltr'>juxta</span> <span class='ocrx_word' id='word_1_323' title='bbox 661 4754 841 4832; x_wconf 90' lang='lat' dir='ltr'>illud,</span> <span class='ocrx_word' id='word_1_324' title='bbox 883 4757 926 4816; x_wconf 78' lang='lat'>2</span> <span class='ocrx_word' id='word_1_325' title='bbox 988 4756 1152 4816; x_wconf 79' lang='lat' dir='ltr'>Petri</span> <span class='ocrx_word' id='word_1_326' title='bbox 1182 4757 1265 4816; x_wconf 81' lang='lat'>5:</span> <span class='ocrx_word' id='word_1_327' title='bbox 1299 4753 1418 4818; x_wconf 73' lang='lat' dir='ltr'>Cui</span> <span class='ocrx_word' id='word_1_328' title='bbox 1463 4754 1734 4818; x_wconf 72' lang='lat' dir='ltr'>resistite</span> 
     </span>
     <span class='ocr_line' id='line_1_51' title="bbox 189 4845 1728 4930; baseline -0.002 -21"><span class='ocrx_word' id='word_1_329' title='bbox 189 4853 346 4920; x_wconf 72' lang='lat' dir='ltr'>sortes</span> <span class='ocrx_word' id='word_1_330' title='bbox 365 4851 428 4910; x_wconf 73' lang='lat' dir='ltr'>in</span> <span class='ocrx_word' id='word_1_331' title='bbox 448 4851 606 4930; x_wconf 73' lang='lat' dir='ltr'>side3</span> <span class='ocrx_word' id='word_1_332' title='bbox 641 4848 739 4910; x_wconf 77' lang='lat' dir='ltr'>vel</span> <span class='ocrx_word' id='word_1_333' title='bbox 765 4849 1036 4928; x_wconf 89' lang='lat' dir='ltr'>denique</span> <span class='ocrx_word' id='word_1_334' title='bbox 1076 4848 1127 4908; x_wconf 93' lang='lat' dir='ltr'>si</span> <span class='ocrx_word' id='word_1_335' title='bbox 1158 4853 1438 4909; x_wconf 89' lang='lat' dir='ltr'>occurrat</span> <span class='ocrx_word' id='word_1_336' title='bbox 1467 4845 1728 4920; x_wconf 84' lang='lat' dir='ltr'>occasio,</span> 
     </span>
     <span class='ocr_line' id='line_1_52' title="bbox 192 4939 1733 5021; baseline -0.001 -21"><span class='ocrx_word' id='word_1_337' title='bbox 192 4941 246 5000; x_wconf 88' lang='grc'>111</span> <span class='ocrx_word' id='word_1_338' title='bbox 273 4961 386 5021; x_wconf 81' lang='lat' dir='ltr'>qua</span> <span class='ocrx_word' id='word_1_339' title='bbox 415 4941 841 5004; x_wconf 82' lang='lat' dir='ltr'>necessarium</span> <span class='ocrx_word' id='word_1_340' title='bbox 889 4940 969 5001; x_wconf 84' lang='lat' dir='ltr'>sit</span> <span class='ocrx_word' id='word_1_341' title='bbox 1009 4940 1220 5001; x_wconf 90' lang='lat' dir='ltr'>debito</span> <span class='ocrx_word' id='word_1_342' title='bbox 1267 4939 1452 5000; x_wconf 92' lang='lat' dir='ltr'>modo</span> <span class='ocrx_word' id='word_1_343' title='bbox 1490 4945 1554 5000; x_wconf 89' lang='lat' dir='ltr'>et</span> <span class='ocrx_word' id='word_1_344' title='bbox 1603 4957 1733 5000; x_wconf 90' lang='lat' dir='ltr'>ma-</span> 
     </span>
     <span class='ocr_line' id='line_1_53' title="bbox 193 5032 1732 5112; baseline -0.002 -20"><span class='ocrx_word' id='word_1_345' title='bbox 193 5051 296 5108; x_wconf 70' lang='lat' dir='ltr'>gna</span> <span class='ocrx_word' id='word_1_346' title='bbox 337 5035 562 5096; x_wconf 86' lang='lat' dir='ltr'>fiducia</span> <span class='ocrx_word' id='word_1_347' title='bbox 615 5053 792 5095; x_wconf 88' lang='lat' dir='ltr'>orare</span> <span class='ocrx_word' id='word_1_348' title='bbox 831 5035 1052 5112; x_wconf 84' lang='lat' dir='ltr'>Deum3</span> <span class='ocrx_word' id='word_1_349' title='bbox 1087 5051 1232 5094; x_wconf 89' lang='lat' dir='ltr'>nam</span> <span class='ocrx_word' id='word_1_350' title='bbox 1283 5033 1346 5093; x_wconf 91' lang='lat' dir='ltr'>id</span> <span class='ocrx_word' id='word_1_351' title='bbox 1377 5032 1566 5092; x_wconf 88' lang='lat' dir='ltr'>etiam</span> <span class='ocrx_word' id='word_1_352' title='bbox 1605 5048 1732 5090; x_wconf 89' lang='lat' dir='ltr'>non</span> 
     </span>
     <span class='ocr_line' id='line_1_54' title="bbox 193 5124 1736 5208; baseline 0.001 -24"><span class='ocrx_word' id='word_1_353' title='bbox 193 5125 250 5184; x_wconf 83' lang='lat' dir='ltr'>fit</span> <span class='ocrx_word' id='word_1_354' title='bbox 273 5128 394 5188; x_wconf 80' lang='lat' dir='ltr'>siue</span> <span class='ocrx_word' id='word_1_355' title='bbox 441 5127 681 5208; x_wconf 78' lang='lat' dir='ltr'>praevia</span> <span class='ocrx_word' id='word_1_356' title='bbox 709 5127 857 5202; x_wconf 85' lang='lat' dir='ltr'>fide,</span> <span class='ocrx_word' id='word_1_357' title='bbox 877 5127 1059 5206; x_wconf 85' lang='lat' dir='ltr'>juxta</span> <span class='ocrx_word' id='word_1_358' title='bbox 1086 5125 1276 5187; x_wconf 88' lang='lat' dir='ltr'>illud:</span> <span class='ocrx_word' id='word_1_359' title='bbox 1315 5124 1608 5199; x_wconf 59' lang='lat' dir='ltr'>Quomodo</span> <span class='ocrx_word' id='word_1_360' title='bbox 1636 5125 1736 5186; x_wconf 78' lang='lat' dir='ltr'>in·-</span> 
     </span>
     <span class='ocr_line' id='line_1_55' title="bbox 194 5217 1734 5300; baseline -0.001 -22"><span class='ocrx_word' id='word_1_361' title='bbox 194 5221 450 5282; x_wconf 63' lang='lat' dir='ltr'>tonabant</span> <span class='ocrx_word' id='word_1_362' title='bbox 489 5237 627 5282; x_wconf 68' lang='lat' dir='ltr'>eum</span> <span class='ocrx_word' id='word_1_363' title='bbox 673 5217 742 5279; x_wconf 69' lang='lat' dir='ltr'>in</span> <span class='ocrx_word' id='word_1_364' title='bbox 780 5237 950 5300; x_wconf 79' lang='lat' dir='ltr'>quem</span> <span class='ocrx_word' id='word_1_365' title='bbox 1005 5237 1126 5281; x_wconf 67' lang='lat' dir='ltr'>non</span> <span class='ocrx_word' id='word_1_366' title='bbox 1179 5219 1602 5281; x_wconf 76' lang='lat' dir='ltr'>crediderunt?</span> <span class='ocrx_word' id='word_1_367' title='bbox 1653 5217 1734 5277; x_wconf 88' lang='lat' dir='ltr'>ad</span> 
     </span>
     <span class='ocr_line' id='line_1_56' title="bbox 193 5310 1735 5392; baseline 0.001 -22"><span class='ocrx_word' id='word_1_368' title='bbox 193 5310 420 5375; x_wconf 83' lang='lat' dir='ltr'>Roman.</span> <span class='ocrx_word' id='word_1_369' title='bbox 453 5317 553 5376; x_wconf 78' lang='lat' dir='ltr'>to,</span> <span class='ocrx_word' id='word_1_370' title='bbox 585 5311 708 5372; x_wconf 83' lang='lat' dir='ltr'>Sed</span> <span class='ocrx_word' id='word_1_371' title='bbox 756 5315 822 5374; x_wconf 89' lang='lat' dir='ltr'>in</span> <span class='ocrx_word' id='word_1_372' title='bbox 845 5313 942 5373; x_wconf 80' lang='lat' dir='ltr'>his</span> <span class='ocrx_word' id='word_1_373' title='bbox 990 5313 1230 5373; x_wconf 84' lang='lat' dir='ltr'>casibus</span> <span class='ocrx_word' id='word_1_374' title='bbox 1279 5311 1576 5391; x_wconf 81' lang='lat' dir='ltr'>obligatio</span> <span class='ocrx_word' id='word_1_375' title='bbox 1594 5329 1735 5392; x_wconf 87' lang='lat' dir='ltr'>pro-</span> 
     </span>
     <span class='ocr_line' id='line_1_57' title="bbox 193 5403 1732 5485; baseline 0.001 -23"><span class='ocrx_word' id='word_1_376' title='bbox 193 5406 304 5480; x_wconf 79' lang='lat' dir='ltr'>prie</span> <span class='ocrx_word' id='word_1_377' title='bbox 329 5425 452 5468; x_wconf 83' lang='lat' dir='ltr'>non</span> <span class='ocrx_word' id='word_1_378' title='bbox 490 5410 696 5468; x_wconf 85' lang='lat' dir='ltr'>oritur</span> <span class='ocrx_word' id='word_1_379' title='bbox 723 5425 798 5469; x_wconf 78' lang='lat' dir='ltr'>ex</span> <span class='ocrx_word' id='word_1_380' title='bbox 837 5411 1140 5485; x_wconf 81' lang='lat' dir='ltr'>praecepto</span> <span class='ocrx_word' id='word_1_381' title='bbox 1169 5403 1336 5479; x_wconf 78' lang='lat' dir='ltr'>fidei,</span> <span class='ocrx_word' id='word_1_382' title='bbox 1382 5403 1487 5464; x_wconf 87' lang='lat' dir='ltr'>sed</span> <span class='ocrx_word' id='word_1_383' title='bbox 1521 5423 1598 5464; x_wconf 85' lang='lat' dir='ltr'>ex</span> <span class='ocrx_word' id='word_1_384' title='bbox 1627 5403 1732 5464; x_wconf 88' lang='lat' dir='ltr'>illo</span> 
     </span>
     <span class='ocr_line' id='line_1_58' title="bbox 195 5497 1732 5577; baseline 0.001 -21"><span class='ocrx_word' id='word_1_385' title='bbox 195 5497 294 5559; x_wconf 84' lang='lat' dir='ltr'>alio</span> <span class='ocrx_word' id='word_1_386' title='bbox 317 5499 477 5564; x_wconf 84' lang='lat' dir='ltr'>unde</span> <span class='ocrx_word' id='word_1_387' title='bbox 503 5501 709 5562; x_wconf 87' lang='lat' dir='ltr'>oritur</span> <span class='ocrx_word' id='word_1_388' title='bbox 735 5500 1086 5572; x_wconf 63' lang='lat' dir='ltr'>necessitas,</span> <span class='ocrx_word' id='word_1_389' title='bbox 1118 5498 1346 5559; x_wconf 87' lang='lat' dir='ltr'>scilicet</span> <span class='ocrx_word' id='word_1_390' title='bbox 1370 5515 1446 5558; x_wconf 82' lang='lat' dir='ltr'>ex</span> <span class='ocrx_word' id='word_1_391' title='bbox 1465 5516 1732 5577; x_wconf 82' lang='lat' dir='ltr'>praecep-</span> 
     </span>
     <span class='ocr_line' id='line_1_59' title="bbox 195 5589 1730 5668; baseline 0.004 -22"><span class='ocrx_word' id='word_1_392' title='bbox 195 5595 248 5647; x_wconf 86' lang='lat' dir='ltr'>to</span> <span class='ocrx_word' id='word_1_393' title='bbox 289 5593 602 5654; x_wconf 77' lang='lat' dir='ltr'>charitatis</span> <span class='ocrx_word' id='word_1_394' title='bbox 632 5637 656 5668; x_wconf 87' lang='lat'>,</span> <span class='ocrx_word' id='word_1_395' title='bbox 699 5594 794 5655; x_wconf 76' lang='lat' dir='ltr'>vel</span> <span class='ocrx_word' id='word_1_396' title='bbox 839 5590 1268 5668; x_wconf 85' lang='lat' dir='ltr'>contritionis,</span> <span class='ocrx_word' id='word_1_397' title='bbox 1315 5595 1428 5652; x_wconf 88' lang='lat' dir='ltr'>aut</span> <span class='ocrx_word' id='word_1_398' title='bbox 1476 5589 1730 5652; x_wconf 82' lang='lat' dir='ltr'>alterius</span> 
     </span>
    </p>
   </div>
   <div class='ocr_carea' id='block_1_7' title="bbox 1803 840 3375 5671">
    <p class='ocr_par' dir='ltr' id='par_1_9' title="bbox 1803 840 3375 5671">
     <span class='ocr_line' id='line_1_60' title="bbox 1887 840 3367 924; baseline 0.006 -26"><span class='ocrx_word' id='word_1_399' title='bbox 1887 840 1948 898; x_wconf 86' lang='lat'>6.</span> <span class='ocrx_word' id='word_1_400' title='bbox 1984 841 2365 920; x_wconf 77' lang='lat' dir='ltr'>Proeeeptum</span> <span class='ocrx_word' id='word_1_401' title='bbox 2406 841 2549 922; x_wconf 81' lang='lat' dir='ltr'>fidei</span> <span class='ocrx_word' id='word_1_402' title='bbox 2592 842 2816 924; x_wconf 69' lang='lat' dir='ltr'>obliqat</span> <span class='ocrx_word' id='word_1_403' title='bbox 2878 844 2961 906; x_wconf 76' lang='lat' dir='ltr'>ad</span> <span class='ocrx_word' id='word_1_404' title='bbox 3016 847 3367 908; x_wconf 78' lang='lat' dir='ltr'>eredendum</span> 
     </span>
     <span class='ocr_line' id='line_1_61' title="bbox 1804 931 3361 1018; baseline 0.005 -26"><span class='ocrx_word' id='word_1_405' title='bbox 1804 931 1871 993; x_wconf 76' lang='lat' dir='ltr'>iu</span> <span class='ocrx_word' id='word_1_406' title='bbox 1901 932 2211 1015; x_wconf 77' lang='lat' dir='ltr'>principio</span> <span class='ocrx_word' id='word_1_407' title='bbox 2256 951 2405 996; x_wconf 74' lang='lat' dir='ltr'>usus</span> <span class='ocrx_word' id='word_1_408' title='bbox 2448 935 2711 996; x_wconf 76' lang='lat' dir='ltr'>rationis</span> <span class='ocrx_word' id='word_1_409' title='bbox 2750 937 3067 1000; x_wconf 75' lang='lat' dir='ltr'>moraliter</span> <span class='ocrx_word' id='word_1_410' title='bbox 3100 945 3361 1018; x_wconf 74' lang='lat' dir='ltr'>empto,</span> 
     </span>
     <span class='ocr_line' id='line_1_62' title="bbox 1803 1023 3367 1112; baseline 0.003 -26"><span class='ocrx_word' id='word_1_411' title='bbox 1803 1025 1894 1086; x_wconf 83' lang='lat' dir='ltr'>vel</span> <span class='ocrx_word' id='word_1_412' title='bbox 1922 1023 2315 1088; x_wconf 71' lang='lat' dir='ltr'>conversionis</span> <span class='ocrx_word' id='word_1_413' title='bbox 2342 1028 2427 1088; x_wconf 82' lang='lat' dir='ltr'>ad</span> <span class='ocrx_word' id='word_1_414' title='bbox 2445 1027 2647 1102; x_wconf 81' lang='lat' dir='ltr'>fidem.</span> <span class='ocrx_word' id='word_1_415' title='bbox 2665 1027 2855 1090; x_wconf 74' lang='lat' dir='ltr'>-An</span> <span class='ocrx_word' id='word_1_416' title='bbox 2883 1030 3065 1090; x_wconf 77' lang='lat' dir='ltr'>etiam</span> <span class='ocrx_word' id='word_1_417' title='bbox 3096 1035 3239 1112; x_wconf 76' lang='lat' dir='ltr'>post</span> <span class='ocrx_word' id='word_1_418' title='bbox 3290 1030 3367 1091; x_wconf 77' lang='lat' dir='ltr'>ic-</span> 
     </span>
     <span class='ocr_line' id='line_1_63' title="bbox 1803 1119 3367 1202; baseline 0.006 -24"><span class='ocrx_word' id='word_1_419' title='bbox 1803 1119 1914 1181; x_wconf 81' lang='lat' dir='ltr'>lud</span> <span class='ocrx_word' id='word_1_420' title='bbox 1949 1125 2204 1200; x_wconf 76' lang='lat' dir='ltr'>tempus,</span> <span class='ocrx_word' id='word_1_421' title='bbox 2232 1124 2289 1182; x_wconf 82' lang='lat' dir='ltr'>et</span> <span class='ocrx_word' id='word_1_422' title='bbox 2326 1120 2562 1200; x_wconf 70' lang='lat' dir='ltr'>quaudo</span> <span class='ocrx_word' id='word_1_423' title='bbox 2604 1125 2877 1184; x_wconf 73' lang='lat' dir='ltr'>teneatur</span> <span class='ocrx_word' id='word_1_424' title='bbox 2904 1123 3064 1202; x_wconf 71' lang='lat' dir='ltr'>quis,</span> <span class='ocrx_word' id='word_1_425' title='bbox 3090 1129 3261 1188; x_wconf 70' lang='lat' dir='ltr'>actus</span> <span class='ocrx_word' id='word_1_426' title='bbox 3286 1125 3367 1198; x_wconf 78' lang='lat' dir='ltr'>fi-</span> 
     </span>
     <span class='ocr_line' id='line_1_64' title="bbox 1806 1211 3367 1294; baseline 0.001 -20"><span class='ocrx_word' id='word_1_427' title='bbox 1806 1211 1898 1274; x_wconf 79' lang='lat' dir='ltr'>dei</span> <span class='ocrx_word' id='word_1_428' title='bbox 1924 1211 2134 1274; x_wconf 76' lang='lat' dir='ltr'>elicere</span> <span class='ocrx_word' id='word_1_429' title='bbox 2170 1229 2243 1273; x_wconf 68' lang='lat' dir='ltr'>ex</span> <span class='ocrx_word' id='word_1_430' title='bbox 2271 1216 2573 1294; x_wconf 77' lang='lat' dir='ltr'>proeeepto</span> <span class='ocrx_word' id='word_1_431' title='bbox 2598 1213 2793 1292; x_wconf 72' lang='lat' dir='ltr'>ipsius</span> <span class='ocrx_word' id='word_1_432' title='bbox 2818 1215 2980 1292; x_wconf 78' lang='lat' dir='ltr'>fidei.</span> <span class='ocrx_word' id='word_1_433' title='bbox 3002 1249 3077 1260; x_wconf 89' lang='lat'>—</span> <span class='ocrx_word' id='word_1_434' title='bbox 3098 1216 3367 1277; x_wconf 86' lang='lat' dir='ltr'>Ulterius</span> 
     </span>
     <span class='ocr_line' id='line_1_65' title="bbox 1805 1303 3369 1386; baseline 0.004 -23"><span class='ocrx_word' id='word_1_435' title='bbox 1805 1321 1954 1382; x_wconf 87' lang='lat' dir='ltr'>ergo</span> <span class='ocrx_word' id='word_1_436' title='bbox 1984 1322 2058 1364; x_wconf 85' lang='lat' dir='ltr'>ex</span> <span class='ocrx_word' id='word_1_437' title='bbox 2094 1309 2268 1384; x_wconf 83' lang='lat' dir='ltr'>parte</span> <span class='ocrx_word' id='word_1_438' title='bbox 2297 1305 2485 1382; x_wconf 88' lang='lat' dir='ltr'>ipsius</span> <span class='ocrx_word' id='word_1_439' title='bbox 2510 1303 2657 1366; x_wconf 86' lang='lat' dir='ltr'>fidei</span> <span class='ocrx_word' id='word_1_440' title='bbox 2693 1305 3000 1386; x_wconf 79' lang='lat' dir='ltr'>designari</span> <span class='ocrx_word' id='word_1_441' title='bbox 3026 1314 3222 1386; x_wconf 86' lang='lat' dir='ltr'>potest</span> <span class='ocrx_word' id='word_1_442' title='bbox 3248 1308 3369 1370; x_wconf 87' lang='lat' dir='ltr'>hoc</span> 
     </span>
     <span class='ocr_line' id='line_1_66' title="bbox 1808 1395 3371 1477; baseline 0.004 -21"><span class='ocrx_word' id='word_1_443' title='bbox 1808 1403 2072 1477; x_wconf 89' lang='lat' dir='ltr'>tempus,</span> <span class='ocrx_word' id='word_1_444' title='bbox 2100 1401 2171 1456; x_wconf 90' lang='lat' dir='ltr'>ut</span> <span class='ocrx_word' id='word_1_445' title='bbox 2197 1395 2501 1476; x_wconf 88' lang='lat' dir='ltr'>imprimis</span> <span class='ocrx_word' id='word_1_446' title='bbox 2528 1397 2607 1456; x_wconf 89' lang='lat' dir='ltr'>sit</span> <span class='ocrx_word' id='word_1_447' title='bbox 2642 1398 2849 1476; x_wconf 86' lang='lat' dir='ltr'>ipsum</span> <span class='ocrx_word' id='word_1_448' title='bbox 2882 1397 3135 1460; x_wconf 87' lang='lat' dir='ltr'>initium</span> <span class='ocrx_word' id='word_1_449' title='bbox 3166 1401 3371 1462; x_wconf 83' lang='lat' dir='ltr'>Chris-</span> 
     </span>
     <span class='ocr_line' id='line_1_67' title="bbox 1809 1489 3368 1571; baseline 0.003 -22"><span class='ocrx_word' id='word_1_450' title='bbox 1809 1491 1993 1550; x_wconf 82' lang='lat' dir='ltr'>tianae</span> <span class='ocrx_word' id='word_1_451' title='bbox 2040 1489 2203 1561; x_wconf 74' lang='lat' dir='ltr'>vitas,</span> <span class='ocrx_word' id='word_1_452' title='bbox 2251 1490 2337 1548; x_wconf 92' lang='lat' dir='ltr'>ita</span> <span class='ocrx_word' id='word_1_453' title='bbox 2366 1496 2437 1550; x_wconf 90' lang='lat' dir='ltr'>ut</span> <span class='ocrx_word' id='word_1_454' title='bbox 2468 1489 2784 1552; x_wconf 81' lang='lat' dir='ltr'>moraliter</span> <span class='ocrx_word' id='word_1_455' title='bbox 2817 1491 3127 1571; x_wconf 82' lang='lat' dir='ltr'>loquendo</span> <span class='ocrx_word' id='word_1_456' title='bbox 3156 1494 3368 1554; x_wconf 85' lang='lat' dir='ltr'>statim</span> 
     </span>
     <span class='ocr_line' id='line_1_68' title="bbox 1807 1580 3369 1665; baseline 0.004 -25"><span class='ocrx_word' id='word_1_457' title='bbox 1807 1580 1876 1641; x_wconf 91' lang='lat' dir='ltr'>in</span> <span class='ocrx_word' id='word_1_458' title='bbox 1905 1582 2035 1661; x_wconf 92' lang='lat' dir='ltr'>ipso</span> <span class='ocrx_word' id='word_1_459' title='bbox 2065 1581 2241 1642; x_wconf 81' lang='lat' dir='ltr'>initio</span> <span class='ocrx_word' id='word_1_460' title='bbox 2275 1580 2551 1660; x_wconf 70' lang='lat' dir='ltr'>obliget,</span> <span class='ocrx_word' id='word_1_461' title='bbox 2586 1583 2753 1662; x_wconf 90' lang='lat' dir='ltr'>quod</span> <span class='ocrx_word' id='word_1_462' title='bbox 2789 1595 2989 1662; x_wconf 85' lang='lat' dir='ltr'>potest</span> <span class='ocrx_word' id='word_1_463' title='bbox 3032 1586 3121 1646; x_wconf 89' lang='lat' dir='ltr'>ita</span> <span class='ocrx_word' id='word_1_464' title='bbox 3166 1585 3369 1665; x_wconf 83' lang='lat' dir='ltr'>expli-</span> 
     </span>
     <span class='ocr_line' id='line_1_69' title="bbox 1807 1674 3369 1757; baseline 0.003 -23"><span class='ocrx_word' id='word_1_465' title='bbox 1807 1674 1957 1735; x_wconf 88' lang='lat' dir='ltr'>cari.</span> <span class='ocrx_word' id='word_1_466' title='bbox 1988 1675 2142 1736; x_wconf 90' lang='lat' dir='ltr'>Nam</span> <span class='ocrx_word' id='word_1_467' title='bbox 2184 1675 2233 1735; x_wconf 90' lang='lat' dir='ltr'>si</span> <span class='ocrx_word' id='word_1_468' title='bbox 2263 1674 2581 1754; x_wconf 87' lang='lat' dir='ltr'>loquimur</span> <span class='ocrx_word' id='word_1_469' title='bbox 2620 1675 2699 1738; x_wconf 84' lang='lat' dir='ltr'>de</span> <span class='ocrx_word' id='word_1_470' title='bbox 2739 1676 2993 1738; x_wconf 87' lang='lat' dir='ltr'>homine</span> <span class='ocrx_word' id='word_1_471' title='bbox 3022 1677 3235 1740; x_wconf 87' lang='lat' dir='ltr'>adulto</span> <span class='ocrx_word' id='word_1_472' title='bbox 3260 1678 3369 1757; x_wconf 87' lang='lat' dir='ltr'>qui</span> 
     </span>
     <span class='ocr_line' id='line_1_70' title="bbox 1805 1767 3371 1850; baseline 0.003 -22"><span class='ocrx_word' id='word_1_473' title='bbox 1805 1774 1991 1829; x_wconf 86' lang='lat' dir='ltr'>antea</span> <span class='ocrx_word' id='word_1_474' title='bbox 2024 1786 2153 1830; x_wconf 88' lang='lat' dir='ltr'>non</span> <span class='ocrx_word' id='word_1_475' title='bbox 2182 1768 2491 1844; x_wconf 84' lang='lat' dir='ltr'>credebat,</span> <span class='ocrx_word' id='word_1_476' title='bbox 2523 1767 2650 1846; x_wconf 90' lang='lat' dir='ltr'>ille,</span> <span class='ocrx_word' id='word_1_477' title='bbox 2684 1788 2872 1850; x_wconf 86' lang='lat' dir='ltr'>quam</span> <span class='ocrx_word' id='word_1_478' title='bbox 2900 1772 3167 1848; x_wconf 84' lang='lat' dir='ltr'>primum</span> <span class='ocrx_word' id='word_1_479' title='bbox 3196 1771 3371 1835; x_wconf 86' lang='lat' dir='ltr'>audit</span> 
     </span>
     <span class='ocr_line' id='line_1_71' title="bbox 1807 1859 3369 1941; baseline 0.003 -20"><span class='ocrx_word' id='word_1_480' title='bbox 1807 1859 2182 1922; x_wconf 88' lang='lat' dir='ltr'>sufficienter</span> <span class='ocrx_word' id='word_1_481' title='bbox 2208 1860 2421 1938; x_wconf 85' lang='lat' dir='ltr'>fidem,</span> <span class='ocrx_word' id='word_1_482' title='bbox 2446 1868 2693 1924; x_wconf 84' lang='lat' dir='ltr'>tenetur</span> <span class='ocrx_word' id='word_1_483' title='bbox 2716 1865 2947 1941; x_wconf 87' lang='lat' dir='ltr'>statim,</span> <span class='ocrx_word' id='word_1_484' title='bbox 2986 1871 3047 1928; x_wconf 87' lang='lat' dir='ltr'>et</span> <span class='ocrx_word' id='word_1_485' title='bbox 3074 1865 3207 1926; x_wconf 89' lang='lat' dir='ltr'>sine</span> <span class='ocrx_word' id='word_1_486' title='bbox 3236 1882 3369 1926; x_wconf 90' lang='lat' dir='ltr'>mo-</span> 
     </span>
     <span class='ocr_line' id='line_1_72' title="bbox 1805 1955 3368 2034; baseline 0.003 -18"><span class='ocrx_word' id='word_1_487' title='bbox 1805 1973 1876 2016; x_wconf 90' lang='lat' dir='ltr'>ra</span> <span class='ocrx_word' id='word_1_488' title='bbox 1904 1955 2004 2017; x_wconf 88' lang='lat' dir='ltr'>vel</span> <span class='ocrx_word' id='word_1_489' title='bbox 2043 1956 2361 2034; x_wconf 88' lang='lat' dir='ltr'>dilatione,</span> <span class='ocrx_word' id='word_1_490' title='bbox 2424 1971 2633 2019; x_wconf 88' lang='lat' dir='ltr'>actum</span> <span class='ocrx_word' id='word_1_491' title='bbox 2674 1958 2818 2021; x_wconf 89' lang='lat' dir='ltr'>fidei</span> <span class='ocrx_word' id='word_1_492' title='bbox 2859 1977 3166 2022; x_wconf 88' lang='lat' dir='ltr'>exercere.</span> <span class='ocrx_word' id='word_1_493' title='bbox 3211 1960 3368 2020; x_wconf 80' lang='lat' dir='ltr'>Con·</span> 
     </span>
     <span class='ocr_line' id='line_1_73' title="bbox 1806 2049 3369 2130; baseline 0.003 -20"><span class='ocrx_word' id='word_1_494' title='bbox 1806 2049 2085 2110; x_wconf 89' lang='lat' dir='ltr'>sentiunt</span> <span class='ocrx_word' id='word_1_495' title='bbox 2112 2051 2526 2113; x_wconf 89' lang='lat' dir='ltr'>communiter</span> <span class='ocrx_word' id='word_1_496' title='bbox 2554 2050 2618 2112; x_wconf 90' lang='grc'>111</span> <span class='ocrx_word' id='word_1_497' title='bbox 2648 2052 3029 2130; x_wconf 77' lang='lat' dir='ltr'>designando</span> <span class='ocrx_word' id='word_1_498' title='bbox 3068 2052 3185 2114; x_wconf 89' lang='lat' dir='ltr'>hoc</span> <span class='ocrx_word' id='word_1_499' title='bbox 3211 2059 3369 2114; x_wconf 85' lang='lat' dir='ltr'>tem·</span> 
     </span>
     <span class='ocr_line' id='line_1_74' title="bbox 1810 2142 3367 2224; baseline 0.003 -22"><span class='ocrx_word' id='word_1_500' title='bbox 1810 2160 1959 2222; x_wconf 89' lang='lat' dir='ltr'>pore</span> <span class='ocrx_word' id='word_1_501' title='bbox 1984 2142 2304 2222; x_wconf 81' lang='lat' dir='ltr'>Theologi‚</span> <span class='ocrx_word' id='word_1_502' title='bbox 2335 2146 2677 2221; x_wconf 78' lang='lat' dir='ltr'>praesertim</span> <span class='ocrx_word' id='word_1_503' title='bbox 2724 2145 3115 2222; x_wconf 62' lang='lat' dir='ltr'>recentiores»,</span> <span class='ocrx_word' id='word_1_504' title='bbox 3152 2145 3261 2224; x_wconf 88' lang='lat' dir='ltr'>qui</span> <span class='ocrx_word' id='word_1_505' title='bbox 3290 2145 3367 2206; x_wconf 86' lang='lat' dir='ltr'>de</span> 
     </span>
     <span class='ocr_line' id='line_1_75' title="bbox 1809 2237 3367 2318; baseline 0.003 -20"><span class='ocrx_word' id='word_1_506' title='bbox 1809 2237 1926 2298; x_wconf 87' lang='lat' dir='ltr'>hoc</span> <span class='ocrx_word' id='word_1_507' title='bbox 1979 2242 2205 2315; x_wconf 89' lang='lat' dir='ltr'>puncto</span> <span class='ocrx_word' id='word_1_508' title='bbox 2262 2239 2607 2318; x_wconf 82' lang='lat' dir='ltr'>expressius</span> <span class='ocrx_word' id='word_1_509' title='bbox 2652 2239 3045 2318; x_wconf 86' lang='lat' dir='ltr'>disputarunt</span> <span class='ocrx_word' id='word_1_510' title='bbox 3074 2261 3091 2300; x_wconf 75' lang='lat' dir='ltr'><em>z</em></span> <span class='ocrx_word' id='word_1_511' title='bbox 3158 2240 3367 2316; x_wconf 66' lang='lat' dir='ltr'>Azor„</span> 
     </span>
     <span class='ocr_line' id='line_1_76' title="bbox 1809 2327 3369 2413; baseline 0.003 -23"><span class='ocrx_word' id='word_1_512' title='bbox 1809 2327 1968 2390; x_wconf 90' lang='lat' dir='ltr'>libro</span> <span class='ocrx_word' id='word_1_513' title='bbox 1999 2331 2038 2391; x_wconf 87' lang='grc'><strong>8</strong></span> <span class='ocrx_word' id='word_1_514' title='bbox 2074 2330 2266 2392; x_wconf 78' lang='lat' dir='ltr'>instit.</span> <span class='ocrx_word' id='word_1_515' title='bbox 2316 2331 2562 2406; x_wconf 69' lang='lat' dir='ltr'>moral„</span> <span class='ocrx_word' id='word_1_516' title='bbox 2594 2351 2729 2413; x_wconf 90' lang='lat' dir='ltr'>cap.</span> <span class='ocrx_word' id='word_1_517' title='bbox 2774 2335 2877 2409; x_wconf 71' lang='lat'>27,</span> <span class='ocrx_word' id='word_1_518' title='bbox 2904 2338 3119 2412; x_wconf 83' lang='lat' dir='ltr'>quaest.</span> <span class='ocrx_word' id='word_1_519' title='bbox 3152 2333 3193 2394; x_wconf 85' lang='lat'>8</span> <span class='ocrx_word' id='word_1_520' title='bbox 3205 2355 3222 2407; x_wconf 82' lang='lat'>3</span> <span class='ocrx_word' id='word_1_521' title='bbox 3249 2333 3369 2394; x_wconf 85' lang='lat' dir='ltr'>Va-</span> 
     </span>
     <span class='ocr_line' id='line_1_77' title="bbox 1811 2421 3371 2506; baseline 0.004 -24"><span class='ocrx_word' id='word_1_522' title='bbox 1811 2421 1963 2482; x_wconf 86' lang='lat' dir='ltr'>lent.</span> <span class='ocrx_word' id='word_1_523' title='bbox 1994 2424 2055 2482; x_wconf 74' lang='grc'>2.</span> <span class='ocrx_word' id='word_1_524' title='bbox 2098 2425 2161 2499; x_wconf 72' lang='lat'>2,</span> <span class='ocrx_word' id='word_1_525' title='bbox 2192 2421 2347 2502; x_wconf 87' lang='lat' dir='ltr'>disp.</span> <span class='ocrx_word' id='word_1_526' title='bbox 2395 2429 2454 2500; x_wconf 78' lang='lat'>1,</span> <span class='ocrx_word' id='word_1_527' title='bbox 2482 2431 2696 2503; x_wconf 81' lang='lat' dir='ltr'>quaest.</span> <span class='ocrx_word' id='word_1_528' title='bbox 2739 2427 2800 2501; x_wconf 74' lang='lat'>2,</span> <span class='ocrx_word' id='word_1_529' title='bbox 2836 2431 3065 2506; x_wconf 87' lang='lat' dir='ltr'>puncto</span> <span class='ocrx_word' id='word_1_530' title='bbox 3090 2427 3155 2499; x_wconf 81' lang='lat'>5,</span> <span class='ocrx_word' id='word_1_531' title='bbox 3180 2424 3219 2505; x_wconf 64' lang='grc' dir='ltr'><strong>ἓ</strong></span> <span class='ocrx_word' id='word_1_532' title='bbox 3244 2424 3371 2488; x_wconf 71' lang='lat' dir='ltr'>Su-</span> 
     </span>
     <span class='ocr_line' id='line_1_78' title="bbox 1805 2517 3370 2599; baseline 0.001 -22"><span class='ocrx_word' id='word_1_533' title='bbox 1805 2521 2010 2598; x_wconf 80' lang='lat' dir='ltr'>perest</span> <span class='ocrx_word' id='word_1_534' title='bbox 2042 2519 2299 2580; x_wconf 72' lang='lat' dir='ltr'>secunda</span> <span class='ocrx_word' id='word_1_535' title='bbox 2332 2517 2623 2599; x_wconf 78' lang='lat' dir='ltr'>quoestio;</span> <span class='ocrx_word' id='word_1_536' title='bbox 2652 2517 2907 2593; x_wconf 88' lang='lat' dir='ltr'>Sanch.,</span> <span class='ocrx_word' id='word_1_537' title='bbox 2934 2517 3091 2580; x_wconf 90' lang='lat' dir='ltr'>libro</span> <span class='ocrx_word' id='word_1_538' title='bbox 3120 2522 3158 2580; x_wconf 80' lang='lat'><strong>2</strong></span> <span class='ocrx_word' id='word_1_539' title='bbox 3186 2520 3370 2580; x_wconf 88' lang='lat' dir='ltr'>Deca-</span> 
     </span>
     <span class='ocr_line' id='line_1_79' title="bbox 1812 2608 3369 2690; baseline 0.002 -21"><span class='ocrx_word' id='word_1_540' title='bbox 1812 2608 1934 2687; x_wconf 79' lang='lat' dir='ltr'>log.</span> <span class='ocrx_word' id='word_1_541' title='bbox 1961 2653 1977 2682; x_wconf 88' lang='lat'>,</span> <span class='ocrx_word' id='word_1_542' title='bbox 2009 2629 2143 2690; x_wconf 89' lang='lat' dir='ltr'>cap.</span> <span class='ocrx_word' id='word_1_543' title='bbox 2180 2615 2238 2687; x_wconf 76' lang='lat'>1,</span> <span class='ocrx_word' id='word_1_544' title='bbox 2270 2629 2516 2673; x_wconf 89' lang='lat' dir='ltr'>numer.</span> <span class='ocrx_word' id='word_1_545' title='bbox 2550 2614 2613 2685; x_wconf 77' lang='lat'>2,</span> <span class='ocrx_word' id='word_1_546' title='bbox 2654 2619 2717 2673; x_wconf 89' lang='lat' dir='ltr'>et</span> <span class='ocrx_word' id='word_1_547' title='bbox 2743 2611 2873 2671; x_wconf 88' lang='lat' dir='ltr'>alii.</span> <span class='ocrx_word' id='word_1_548' title='bbox 2906 2612 3205 2673; x_wconf 86' lang='lat' dir='ltr'>Probatur</span> <span class='ocrx_word' id='word_1_549' title='bbox 3234 2620 3369 2673; x_wconf 91' lang='lat' dir='ltr'>tum</span> 
     </span>
     <span class='ocr_line' id='line_1_80' title="bbox 1813 2703 3371 2783; baseline 0.001 -21"><span class='ocrx_word' id='word_1_550' title='bbox 1813 2719 1888 2763; x_wconf 81' lang='lat' dir='ltr'>ex</span> <span class='ocrx_word' id='word_1_551' title='bbox 1912 2720 2102 2783; x_wconf 87' lang='lat' dir='ltr'>supra</span> <span class='ocrx_word' id='word_1_552' title='bbox 2146 2703 2348 2778; x_wconf 87' lang='lat' dir='ltr'>dictis,</span> <span class='ocrx_word' id='word_1_553' title='bbox 2384 2705 2531 2783; x_wconf 90' lang='lat' dir='ltr'>quia</span> <span class='ocrx_word' id='word_1_554' title='bbox 2560 2705 2677 2766; x_wconf 87' lang='lat' dir='ltr'>hoc</span> <span class='ocrx_word' id='word_1_555' title='bbox 2716 2705 2976 2767; x_wconf 90' lang='lat' dir='ltr'>debetur</span> <span class='ocrx_word' id='word_1_556' title='bbox 3018 2705 3371 2766; x_wconf 86' lang='lat' dir='ltr'>auctoritati</span> 
     </span>
     <span class='ocr_line' id='line_1_81' title="bbox 1813 2795 3371 2872; baseline 0.002 -17"><span class='ocrx_word' id='word_1_557' title='bbox 1813 2795 1920 2856; x_wconf 82' lang='lat' dir='ltr'>Dei</span> <span class='ocrx_word' id='word_1_558' title='bbox 1961 2796 2291 2858; x_wconf 80' lang='lat' dir='ltr'>revelantis</span> <span class='ocrx_word' id='word_1_559' title='bbox 2308 2842 2327 2872; x_wconf 93' lang='lat'>,</span> <span class='ocrx_word' id='word_1_560' title='bbox 2378 2805 2441 2858; x_wconf 89' lang='lat' dir='ltr'>et</span> <span class='ocrx_word' id='word_1_561' title='bbox 2481 2798 2730 2861; x_wconf 88' lang='lat' dir='ltr'>moralis</span> <span class='ocrx_word' id='word_1_562' title='bbox 2765 2798 2978 2859; x_wconf 88' lang='lat' dir='ltr'>dilatio</span> <span class='ocrx_word' id='word_1_563' title='bbox 3023 2797 3089 2858; x_wconf 92' lang='lat' dir='ltr'>in</span> <span class='ocrx_word' id='word_1_564' title='bbox 3138 2798 3243 2859; x_wconf 91' lang='lat' dir='ltr'>illa</span> <span class='ocrx_word' id='word_1_565' title='bbox 3270 2816 3371 2858; x_wconf 87' lang='lat' dir='ltr'>oc-</span> 
     </span>
     <span class='ocr_line' id='line_1_82' title="bbox 1813 2891 3371 2970; baseline 0 -18"><span class='ocrx_word' id='word_1_566' title='bbox 1813 2891 2057 2952; x_wconf 89' lang='lat' dir='ltr'>casione</span> <span class='ocrx_word' id='word_1_567' title='bbox 2087 2897 2178 2952; x_wconf 86' lang='lat' dir='ltr'>est</span> <span class='ocrx_word' id='word_1_568' title='bbox 2208 2891 2495 2970; x_wconf 82' lang='lat' dir='ltr'>quoedam</span> <span class='ocrx_word' id='word_1_569' title='bbox 2532 2891 2811 2952; x_wconf 84' lang='lat' dir='ltr'>virtualis</span> <span class='ocrx_word' id='word_1_570' title='bbox 2846 2891 3171 2968; x_wconf 85' lang='lat' dir='ltr'>dubitatio,</span> <span class='ocrx_word' id='word_1_571' title='bbox 3196 2899 3261 2952; x_wconf 87' lang='lat' dir='ltr'>et</span> <span class='ocrx_word' id='word_1_572' title='bbox 3288 2891 3371 2954; x_wconf 85' lang='lat' dir='ltr'>ad</span> 
     </span>
     <span class='ocr_line' id='line_1_83' title="bbox 1813 2981 3367 3065; baseline 0.002 -24"><span class='ocrx_word' id='word_1_573' title='bbox 1813 2981 2148 3062; x_wconf 86' lang='lat' dir='ltr'>quamdam</span> <span class='ocrx_word' id='word_1_574' title='bbox 2188 2983 2481 3044; x_wconf 85' lang='lat' dir='ltr'>duritiem</span> <span class='ocrx_word' id='word_1_575' title='bbox 2522 2985 2723 3046; x_wconf 87' lang='lat' dir='ltr'>cordis</span> <span class='ocrx_word' id='word_1_576' title='bbox 2766 2985 3076 3065; x_wconf 88' lang='lat' dir='ltr'>pertinere</span> <span class='ocrx_word' id='word_1_577' title='bbox 3115 2985 3367 3064; x_wconf 75' lang='lat' dir='ltr'>inprit3</span> 
     </span>
     <span class='ocr_line' id='line_1_84' title="bbox 1813 3076 3370 3156; baseline 0.001 -20"><span class='ocrx_word' id='word_1_578' title='bbox 1813 3081 1948 3137; x_wconf 88' lang='lat' dir='ltr'>tum</span> <span class='ocrx_word' id='word_1_579' title='bbox 1978 3077 2165 3136; x_wconf 88' lang='lat' dir='ltr'>etiam</span> <span class='ocrx_word' id='word_1_580' title='bbox 2206 3077 2353 3156; x_wconf 86' lang='lat' dir='ltr'>quia</span> <span class='ocrx_word' id='word_1_581' title='bbox 2381 3083 2555 3138; x_wconf 87' lang='lat' dir='ltr'>actus</span> <span class='ocrx_word' id='word_1_582' title='bbox 2589 3076 2736 3138; x_wconf 87' lang='lat' dir='ltr'>fidei</span> <span class='ocrx_word' id='word_1_583' title='bbox 2777 3084 2925 3138; x_wconf 87' lang='lat' dir='ltr'>tunc</span> <span class='ocrx_word' id='word_1_584' title='bbox 2962 3084 3059 3140; x_wconf 89' lang='lat' dir='ltr'>est</span> <span class='ocrx_word' id='word_1_585' title='bbox 3097 3095 3370 3138; x_wconf 89' lang='lat' dir='ltr'>necessa-</span> 
     </span>
     <span class='ocr_line' id='line_1_85' title="bbox 1814 3167 3371 3251; baseline 0.003 -23"><span class='ocrx_word' id='word_1_586' title='bbox 1814 3168 1942 3228; x_wconf 89' lang='lat' dir='ltr'>rius</span> <span class='ocrx_word' id='word_1_587' title='bbox 1988 3174 2059 3228; x_wconf 89' lang='lat' dir='ltr'>ut</span> <span class='ocrx_word' id='word_1_588' title='bbox 2099 3167 2286 3228; x_wconf 92' lang='lat' dir='ltr'>homo</span> <span class='ocrx_word' id='word_1_589' title='bbox 2328 3171 2516 3251; x_wconf 88' lang='lat' dir='ltr'>possit</span> <span class='ocrx_word' id='word_1_590' title='bbox 2549 3170 2869 3250; x_wconf 86' lang='lat' dir='ltr'>baptizari,</span> <span class='ocrx_word' id='word_1_591' title='bbox 2900 3178 2964 3234; x_wconf 89' lang='lat' dir='ltr'>et</span> <span class='ocrx_word' id='word_1_592' title='bbox 3009 3171 3143 3234; x_wconf 72' lang='lat' dir='ltr'>fleri</span> <span class='ocrx_word' id='word_1_593' title='bbox 3176 3189 3371 3234; x_wconf 87' lang='lat' dir='ltr'>mem-</span> 
     </span>
     <span class='ocr_line' id='line_1_86' title="bbox 1813 3259 3369 3344; baseline 0.003 -25"><span class='ocrx_word' id='word_1_594' title='bbox 1813 3259 1995 3320; x_wconf 87' lang='lat' dir='ltr'>brum</span> <span class='ocrx_word' id='word_1_595' title='bbox 2018 3261 2319 3337; x_wconf 67' lang='lat' dir='ltr'>Ecclesiae,</span> <span class='ocrx_word' id='word_1_596' title='bbox 2360 3268 2421 3323; x_wconf 89' lang='lat' dir='ltr'>et</span> <span class='ocrx_word' id='word_1_597' title='bbox 2448 3281 2641 3344; x_wconf 85' lang='lat' dir='ltr'>capax</span> <span class='ocrx_word' id='word_1_598' title='bbox 2690 3272 3255 3340; x_wconf 81' lang='lat' dir='ltr'>sacramentorum3</span> <span class='ocrx_word' id='word_1_599' title='bbox 3289 3263 3369 3324; x_wconf 83' lang='lat' dir='ltr'>ad</span> 
     </span>
     <span class='ocr_line' id='line_1_87' title="bbox 1811 3352 3371 3432; baseline 0.004 -20"><span class='ocrx_word' id='word_1_600' title='bbox 1811 3352 1929 3412; x_wconf 89' lang='lat' dir='ltr'>hoc</span> <span class='ocrx_word' id='word_1_601' title='bbox 1957 3363 2167 3415; x_wconf 89' lang='lat' dir='ltr'>autem</span> <span class='ocrx_word' id='word_1_602' title='bbox 2190 3359 2440 3416; x_wconf 91' lang='lat' dir='ltr'>tenetur</span> <span class='ocrx_word' id='word_1_603' title='bbox 2470 3353 2681 3432; x_wconf 90' lang='lat' dir='ltr'>homo,</span> <span class='ocrx_word' id='word_1_604' title='bbox 2708 3357 2916 3417; x_wconf 87' lang='lat' dir='ltr'>statim</span> <span class='ocrx_word' id='word_1_605' title='bbox 2950 3376 3021 3418; x_wconf 87' lang='lat' dir='ltr'>ac</span> <span class='ocrx_word' id='word_1_606' title='bbox 3054 3355 3371 3418; x_wconf 86' lang='lat' dir='ltr'>moraliter</span> 
     </span>
     <span class='ocr_line' id='line_1_88' title="bbox 1812 3449 3365 3528; baseline 0.004 -22"><span class='ocrx_word' id='word_1_607' title='bbox 1812 3451 2032 3526; x_wconf 90' lang='lat' dir='ltr'>potest,</span> <span class='ocrx_word' id='word_1_608' title='bbox 2066 3453 2136 3508; x_wconf 91' lang='lat' dir='ltr'>ut</span> <span class='ocrx_word' id='word_1_609' title='bbox 2164 3453 2401 3508; x_wconf 86' lang='lat' dir='ltr'>constat</span> <span class='ocrx_word' id='word_1_610' title='bbox 2427 3467 2500 3510; x_wconf 91' lang='lat' dir='ltr'>ex</span> <span class='ocrx_word' id='word_1_611' title='bbox 2544 3449 2677 3528; x_wconf 84' lang='lat' dir='ltr'>ipsa</span> <span class='ocrx_word' id='word_1_612' title='bbox 2705 3449 2929 3511; x_wconf 87' lang='lat' dir='ltr'>Christi</span> <span class='ocrx_word' id='word_1_613' title='bbox 2955 3451 3365 3526; x_wconf 87' lang='lat' dir='ltr'>institutione,</span> 
     </span>
     <span class='ocr_line' id='line_1_89' title="bbox 1813 3541 3371 3605; baseline 0.001 -3"><span class='ocrx_word' id='word_1_614' title='bbox 1813 3547 1875 3602; x_wconf 87' lang='lat' dir='ltr'>et</span> <span class='ocrx_word' id='word_1_615' title='bbox 1917 3547 2103 3602; x_wconf 80' lang='lat' dir='ltr'>rectae</span> <span class='ocrx_word' id='word_1_616' title='bbox 2133 3541 2321 3601; x_wconf 87' lang='lat' dir='ltr'>etiam</span> <span class='ocrx_word' id='word_1_617' title='bbox 2351 3542 2493 3602; x_wconf 82' lang='lat' dir='ltr'>vitae</span> <span class='ocrx_word' id='word_1_618' title='bbox 2534 3542 2873 3604; x_wconf 87' lang='lat' dir='ltr'>directione</span> <span class='ocrx_word' id='word_1_619' title='bbox 2924 3545 2989 3604; x_wconf 88' lang='lat' dir='ltr'>in</span> <span class='ocrx_word' id='word_1_620' title='bbox 3040 3543 3257 3605; x_wconf 89' lang='lat' dir='ltr'>ordine</span> <span class='ocrx_word' id='word_1_621' title='bbox 3292 3543 3371 3604; x_wconf 89' lang='lat' dir='ltr'>ad</span> 
     </span>
     <span class='ocr_line' id='line_1_90' title="bbox 1813 3633 3371 3714; baseline 0.003 -20"><span class='ocrx_word' id='word_1_622' title='bbox 1813 3651 1995 3695; x_wconf 89' lang='lat' dir='ltr'>suum</span> <span class='ocrx_word' id='word_1_623' title='bbox 2030 3633 2245 3694; x_wconf 86' lang='lat' dir='ltr'>finem.</span> <span class='ocrx_word' id='word_1_624' title='bbox 2274 3634 2339 3694; x_wconf 90' lang='lat' dir='ltr'>Si</span> <span class='ocrx_word' id='word_1_625' title='bbox 2372 3653 2519 3695; x_wconf 86' lang='lat' dir='ltr'>vero</span> <span class='ocrx_word' id='word_1_626' title='bbox 2554 3633 2883 3714; x_wconf 83' lang='lat' dir='ltr'>loquamur</span> <span class='ocrx_word' id='word_1_627' title='bbox 2911 3635 2987 3697; x_wconf 83' lang='lat' dir='ltr'>de</span> <span class='ocrx_word' id='word_1_628' title='bbox 3020 3635 3274 3698; x_wconf 87' lang='lat' dir='ltr'>homine</span> <span class='ocrx_word' id='word_1_629' title='bbox 3302 3637 3371 3698; x_wconf 89' lang='lat' dir='ltr'>in</span> 
     </span>
     <span class='ocr_line' id='line_1_91' title="bbox 1812 3725 3369 3807; baseline 0.003 -21"><span class='ocrx_word' id='word_1_630' title='bbox 1812 3727 2079 3807; x_wconf 85' lang='lat' dir='ltr'>pueritia</span> <span class='ocrx_word' id='word_1_631' title='bbox 2105 3725 2437 3807; x_wconf 87' lang='lat' dir='ltr'>baptizato,</span> <span class='ocrx_word' id='word_1_632' title='bbox 2476 3726 2581 3788; x_wconf 88' lang='lat' dir='ltr'>ille</span> <span class='ocrx_word' id='word_1_633' title='bbox 2622 3747 2759 3789; x_wconf 88' lang='lat' dir='ltr'>cum</span> <span class='ocrx_word' id='word_1_634' title='bbox 2792 3729 3074 3802; x_wconf 86' lang='lat' dir='ltr'>pervenit</span> <span class='ocrx_word' id='word_1_635' title='bbox 3104 3728 3182 3791; x_wconf 90' lang='lat' dir='ltr'>ad</span> <span class='ocrx_word' id='word_1_636' title='bbox 3218 3737 3369 3792; x_wconf 82' lang='lat' dir='ltr'>aeta-</span> 
     </span>
     <span class='ocr_line' id='line_1_92' title="bbox 1813 3820 3373 3899; baseline 0.003 -18"><span class='ocrx_word' id='word_1_637' title='bbox 1813 3828 1938 3882; x_wconf 88' lang='lat' dir='ltr'>tem</span> <span class='ocrx_word' id='word_1_638' title='bbox 1968 3820 2270 3896; x_wconf 85' lang='lat' dir='ltr'>adultam,</span> <span class='ocrx_word' id='word_1_639' title='bbox 2297 3825 2545 3884; x_wconf 87' lang='lat' dir='ltr'>tenetur</span> <span class='ocrx_word' id='word_1_640' title='bbox 2572 3821 2761 3882; x_wconf 87' lang='lat' dir='ltr'>etiam</span> <span class='ocrx_word' id='word_1_641' title='bbox 2791 3823 3023 3899; x_wconf 89' lang='lat' dir='ltr'>statim,</span> <span class='ocrx_word' id='word_1_642' title='bbox 3057 3821 3373 3886; x_wconf 85' lang='lat' dir='ltr'>moraliter</span> 
     </span>
     <span class='ocr_line' id='line_1_93' title="bbox 1809 3915 3371 3997; baseline 0.001 -21"><span class='ocrx_word' id='word_1_643' title='bbox 1809 3933 2054 3997; x_wconf 86' lang='lat' dir='ltr'>semper</span> <span class='ocrx_word' id='word_1_644' title='bbox 2080 3915 2411 3996; x_wconf 87' lang='lat' dir='ltr'>loquend0,</span> <span class='ocrx_word' id='word_1_645' title='bbox 2456 3922 2524 3977; x_wconf 90' lang='lat' dir='ltr'>ut</span> <span class='ocrx_word' id='word_1_646' title='bbox 2546 3915 2699 3992; x_wconf 85' lang='lat' dir='ltr'>dixi,</span> <span class='ocrx_word' id='word_1_647' title='bbox 2724 3922 2929 3977; x_wconf 89' lang='lat' dir='ltr'>actum</span> <span class='ocrx_word' id='word_1_648' title='bbox 2959 3915 3105 3978; x_wconf 86' lang='lat' dir='ltr'>fidei</span> <span class='ocrx_word' id='word_1_649' title='bbox 3128 3935 3371 3978; x_wconf 85' lang='lat' dir='ltr'>exerce-</span> 
     </span>
     <span class='ocr_line' id='line_1_94' title="bbox 1809 4006 3371 4090; baseline -0.002 -18"><span class='ocrx_word' id='word_1_650' title='bbox 1809 4029 1900 4084; x_wconf 87' lang='lat' dir='ltr'>re,</span> <span class='ocrx_word' id='word_1_651' title='bbox 1931 4017 2003 4072; x_wconf 90' lang='lat' dir='ltr'>ut</span> <span class='ocrx_word' id='word_1_652' title='bbox 2031 4029 2095 4074; x_wconf 90' lang='lat' dir='ltr'>se</span> <span class='ocrx_word' id='word_1_653' title='bbox 2124 4021 2185 4070; x_wconf 89' lang='lat' dir='ltr'>et</span> <span class='ocrx_word' id='word_1_654' title='bbox 2231 4010 2443 4070; x_wconf 91' lang='lat' dir='ltr'>omnia</span> <span class='ocrx_word' id='word_1_655' title='bbox 2487 4027 2599 4071; x_wconf 88' lang='lat' dir='ltr'>sua</span> <span class='ocrx_word' id='word_1_656' title='bbox 2640 4009 2830 4090; x_wconf 90' lang='lat' dir='ltr'>possit</span> <span class='ocrx_word' id='word_1_657' title='bbox 2871 4009 2938 4070; x_wconf 88' lang='lat' dir='ltr'>in</span> <span class='ocrx_word' id='word_1_658' title='bbox 2985 4010 3180 4071; x_wconf 90' lang='lat' dir='ltr'>Deum</span> <span class='ocrx_word' id='word_1_659' title='bbox 3208 4006 3371 4070; x_wconf 86' lang='lat' dir='ltr'>ordi-</span> 
     </span>
     <span class='ocr_line' id='line_1_95' title="bbox 1810 4100 3373 4182; baseline -0.002 -17"><span class='ocrx_word' id='word_1_660' title='bbox 1810 4123 1962 4166; x_wconf 88' lang='lat' dir='ltr'>nare</span> <span class='ocrx_word' id='word_1_661' title='bbox 1994 4120 2011 4165; x_wconf 87' lang='lat'><strong>:</strong></span> <span class='ocrx_word' id='word_1_662' title='bbox 2048 4103 2167 4164; x_wconf 90' lang='lat' dir='ltr'>hoc</span> <span class='ocrx_word' id='word_1_663' title='bbox 2204 4121 2330 4164; x_wconf 91' lang='lat' dir='ltr'>non</span> <span class='ocrx_word' id='word_1_664' title='bbox 2366 4102 2617 4163; x_wconf 88' lang='lat' dir='ltr'>aliunde</span> <span class='ocrx_word' id='word_1_665' title='bbox 2663 4101 2957 4182; x_wconf 87' lang='lat' dir='ltr'>probatur</span> <span class='ocrx_word' id='word_1_666' title='bbox 2980 4150 2996 4176; x_wconf 91' lang='lat'>,</span> <span class='ocrx_word' id='word_1_667' title='bbox 3056 4101 3175 4162; x_wconf 88' lang='lat' dir='ltr'>nisi</span> <span class='ocrx_word' id='word_1_668' title='bbox 3225 4100 3373 4181; x_wconf 89' lang='lat' dir='ltr'>quia</span> 
     </span>
     <span class='ocr_line' id='line_1_96' title="bbox 1810 4195 3372 4277; baseline -0.003 -19"><span class='ocrx_word' id='word_1_669' title='bbox 1810 4214 1940 4258; x_wconf 91' lang='lat' dir='ltr'>non</span> <span class='ocrx_word' id='word_1_670' title='bbox 1992 4201 2194 4277; x_wconf 87' lang='lat' dir='ltr'>potest</span> <span class='ocrx_word' id='word_1_671' title='bbox 2238 4195 2623 4256; x_wconf 89' lang='lat' dir='ltr'>commodius</span> <span class='ocrx_word' id='word_1_672' title='bbox 2663 4202 2909 4275; x_wconf 84' lang='lat' dir='ltr'>tempus</span> <span class='ocrx_word' id='word_1_673' title='bbox 2954 4195 3278 4274; x_wconf 82' lang='lat' dir='ltr'>assignari,</span> <span class='ocrx_word' id='word_1_674' title='bbox 3308 4199 3372 4255; x_wconf 91' lang='lat' dir='ltr'>et</span> 
     </span>
     <span class='ocr_line' id='line_1_97' title="bbox 1811 4287 3372 4370; baseline -0.001 -20"><span class='ocrx_word' id='word_1_675' title='bbox 1811 4291 1959 4370; x_wconf 89' lang='lat' dir='ltr'>quia</span> <span class='ocrx_word' id='word_1_676' title='bbox 1986 4290 2137 4352; x_wconf 87' lang='lat' dir='ltr'>illud</span> <span class='ocrx_word' id='word_1_677' title='bbox 2170 4295 2263 4350; x_wconf 88' lang='lat' dir='ltr'>est</span> <span class='ocrx_word' id='word_1_678' title='bbox 2287 4288 2463 4350; x_wconf 85' lang='lat' dir='ltr'>valde</span> <span class='ocrx_word' id='word_1_679' title='bbox 2492 4295 2934 4369; x_wconf 89' lang='lat' dir='ltr'>opportunum,</span> <span class='ocrx_word' id='word_1_680' title='bbox 2966 4293 3028 4348; x_wconf 88' lang='lat' dir='ltr'>et</span> <span class='ocrx_word' id='word_1_681' title='bbox 3056 4287 3372 4350; x_wconf 84' lang='lat' dir='ltr'>moraliter</span> 
     </span>
     <span class='ocr_line' id='line_1_98' title="bbox 1814 4380 3373 4444; baseline -0.001 0"><span class='ocrx_word' id='word_1_682' title='bbox 1814 4383 2228 4444; x_wconf 85' lang='lat' dir='ltr'>necessarium</span> <span class='ocrx_word' id='word_1_683' title='bbox 2296 4383 2373 4443; x_wconf 90' lang='lat' dir='ltr'>ad</span> <span class='ocrx_word' id='word_1_684' title='bbox 2442 4383 2671 4444; x_wconf 90' lang='lat' dir='ltr'>bonam</span> <span class='ocrx_word' id='word_1_685' title='bbox 2723 4380 3175 4442; x_wconf 88' lang='lat' dir='ltr'>institutionem</span> <span class='ocrx_word' id='word_1_686' title='bbox 3229 4381 3373 4442; x_wconf 74' lang='lat' dir='ltr'>vites</span> 
     </span>
     <span class='ocr_line' id='line_1_99' title="bbox 1811 4474 3369 4558; baseline -0.003 -18"><span class='ocrx_word' id='word_1_687' title='bbox 1811 4477 2210 4552; x_wconf 82' lang='lat' dir='ltr'>Christianoe3</span> <span class='ocrx_word' id='word_1_688' title='bbox 2257 4483 2582 4558; x_wconf 79' lang='lat' dir='ltr'>potestque</span> <span class='ocrx_word' id='word_1_689' title='bbox 2634 4475 2753 4537; x_wconf 90' lang='lat' dir='ltr'>hoc</span> <span class='ocrx_word' id='word_1_690' title='bbox 2796 4475 3091 4537; x_wconf 87' lang='lat' dir='ltr'>declarari</span> <span class='ocrx_word' id='word_1_691' title='bbox 3144 4493 3221 4536; x_wconf 85' lang='lat' dir='ltr'>ex</span> <span class='ocrx_word' id='word_1_692' title='bbox 3262 4474 3369 4536; x_wconf 86' lang='lat' dir='ltr'>illa</span> 
     </span>
     <span class='ocr_line' id='line_1_100' title="bbox 1811 4569 3367 4652; baseline -0.002 -19"><span class='ocrx_word' id='word_1_693' title='bbox 1811 4571 2037 4633; x_wconf 80' lang='lat' dir='ltr'>celebri</span> <span class='ocrx_word' id='word_1_694' title='bbox 2064 4571 2357 4652; x_wconf 88' lang='lat' dir='ltr'>opinione</span> <span class='ocrx_word' id='word_1_695' title='bbox 2383 4570 2511 4632; x_wconf 86' lang='lat' dir='ltr'>divi</span> <span class='ocrx_word' id='word_1_696' title='bbox 2538 4571 2792 4631; x_wconf 81' lang='lat' dir='ltr'>Thomae</span> <span class='ocrx_word' id='word_1_697' title='bbox 2830 4573 2888 4630; x_wconf 82' lang='lat' dir='ltr'>l.</span> <span class='ocrx_word' id='word_1_698' title='bbox 2924 4573 2988 4644; x_wconf 80' lang='lat'>2,</span> <span class='ocrx_word' id='word_1_699' title='bbox 3018 4573 3231 4649; x_wconf 81' lang='lat' dir='ltr'>quaest.</span> <span class='ocrx_word' id='word_1_700' title='bbox 3266 4569 3367 4645; x_wconf 82' lang='lat'>89,</span> 
     </span>
     <span class='ocr_line' id='line_1_101' title="bbox 1811 4662 3373 4744; baseline -0.001 -20"><span class='ocrx_word' id='word_1_701' title='bbox 1811 4671 1932 4724; x_wconf 91' lang='lat' dir='ltr'>art.</span> <span class='ocrx_word' id='word_1_702' title='bbox 1960 4667 2024 4739; x_wconf 73' lang='lat' dir='ltr'>u,</span> <span class='ocrx_word' id='word_1_703' title='bbox 2051 4663 2215 4743; x_wconf 89' lang='lat' dir='ltr'>quod</span> <span class='ocrx_word' id='word_1_704' title='bbox 2251 4682 2430 4744; x_wconf 84' lang='lat' dir='ltr'>puer,</span> <span class='ocrx_word' id='word_1_705' title='bbox 2462 4663 2827 4744; x_wconf 85' lang='lat' dir='ltr'>perveniens</span> <span class='ocrx_word' id='word_1_706' title='bbox 2865 4663 2945 4724; x_wconf 88' lang='lat' dir='ltr'>ad</span> <span class='ocrx_word' id='word_1_707' title='bbox 2976 4679 3156 4724; x_wconf 88' lang='lat' dir='ltr'>usum</span> <span class='ocrx_word' id='word_1_708' title='bbox 3187 4662 3373 4724; x_wconf 89' lang='lat' dir='ltr'>ratio-</span> 
     </span>
     <span class='ocr_line' id='line_1_102' title="bbox 1812 4753 3373 4834; baseline 0 -18"><span class='ocrx_word' id='word_1_709' title='bbox 1812 4756 1930 4834; x_wconf 86' lang='lat' dir='ltr'>nis,</span> <span class='ocrx_word' id='word_1_710' title='bbox 1969 4763 2215 4818; x_wconf 71' lang='lat' dir='ltr'>tenetur</span> <span class='ocrx_word' id='word_1_711' title='bbox 2242 4758 2447 4818; x_wconf 87' lang='lat' dir='ltr'>statim</span> <span class='ocrx_word' id='word_1_712' title='bbox 2500 4775 2565 4817; x_wconf 88' lang='lat' dir='ltr'>se</span> <span class='ocrx_word' id='word_1_713' title='bbox 2592 4762 2947 4817; x_wconf 89' lang='lat' dir='ltr'>convertere</span> <span class='ocrx_word' id='word_1_714' title='bbox 2978 4755 3042 4816; x_wconf 92' lang='lat' dir='ltr'>in</span> <span class='ocrx_word' id='word_1_715' title='bbox 3073 4757 3270 4816; x_wconf 82' lang='lat' dir='ltr'>Deum</span> <span class='ocrx_word' id='word_1_716' title='bbox 3302 4753 3373 4816; x_wconf 85' lang='lat' dir='ltr'>fi-</span> 
     </span>
     <span class='ocr_line' id='line_1_103' title="bbox 1813 4847 3373 4930; baseline -0.001 -20"><span class='ocrx_word' id='word_1_717' title='bbox 1813 4866 1959 4910; x_wconf 90' lang='lat' dir='ltr'>nem</span> <span class='ocrx_word' id='word_1_718' title='bbox 2001 4849 2377 4924; x_wconf 83' lang='lat' dir='ltr'>naturalem,</span> <span class='ocrx_word' id='word_1_719' title='bbox 2422 4858 2483 4909; x_wconf 88' lang='lat' dir='ltr'>et</span> <span class='ocrx_word' id='word_1_720' title='bbox 2513 4867 2589 4912; x_wconf 83' lang='lat' dir='ltr'>ex</span> <span class='ocrx_word' id='word_1_721' title='bbox 2618 4867 2772 4930; x_wconf 87' lang='lat' dir='ltr'>pura</span> <span class='ocrx_word' id='word_1_722' title='bbox 2808 4847 2943 4927; x_wconf 82' lang='lat' dir='ltr'>lege</span> <span class='ocrx_word' id='word_1_723' title='bbox 2980 4848 3291 4925; x_wconf 71' lang='lat' dir='ltr'>naturali,</span> <span class='ocrx_word' id='word_1_724' title='bbox 3321 4848 3373 4908; x_wconf 89' lang='lat' dir='ltr'>si</span> 
     </span>
     <span class='ocr_line' id='line_1_104' title="bbox 1814 4939 3373 5021; baseline 0 -19"><span class='ocrx_word' id='word_1_725' title='bbox 1814 4941 1981 5002; x_wconf 91' lang='lat' dir='ltr'>enim</span> <span class='ocrx_word' id='word_1_726' title='bbox 2024 4941 2202 5016; x_wconf 63' lang='lat' dir='ltr'>illut,</span> <span class='ocrx_word' id='word_1_727' title='bbox 2255 4943 2491 5012; x_wconf 74' lang='lat' dir='ltr'>statim.</span> <span class='ocrx_word' id='word_1_728' title='bbox 2542 4941 2878 5021; x_wconf 90' lang='lat' dir='ltr'>prudenter</span> <span class='ocrx_word' id='word_1_729' title='bbox 2912 4942 3275 5020; x_wconf 82' lang='lat' dir='ltr'>explicetur,</span> <span class='ocrx_word' id='word_1_730' title='bbox 3306 4939 3373 5002; x_wconf 81' lang='lat' dir='ltr'>id</span> 
     </span>
     <span class='ocr_line' id='line_1_105' title="bbox 1811 5035 3373 5115; baseline -0.001 -19"><span class='ocrx_word' id='word_1_731' title='bbox 1811 5041 1926 5110; x_wconf 88' lang='lat' dir='ltr'>est,</span> <span class='ocrx_word' id='word_1_732' title='bbox 1970 5041 2039 5095; x_wconf 91' lang='lat' dir='ltr'>ut</span> <span class='ocrx_word' id='word_1_733' title='bbox 2067 5053 2192 5096; x_wconf 89' lang='lat' dir='ltr'>non</span> <span class='ocrx_word' id='word_1_734' title='bbox 2244 5035 2663 5115; x_wconf 81' lang='lat' dir='ltr'>metaphysice</span> <span class='ocrx_word' id='word_1_735' title='bbox 2693 5035 3103 5114; x_wconf 79' lang='lat' dir='ltr'>restringatur</span> <span class='ocrx_word' id='word_1_736' title='bbox 3138 5035 3217 5096; x_wconf 88' lang='lat' dir='ltr'>ad</span> <span class='ocrx_word' id='word_1_737' title='bbox 3247 5035 3373 5115; x_wconf 86' lang='lat' dir='ltr'>pri-</span> 
     </span>
     <span class='ocr_line' id='line_1_106' title="bbox 1817 5126 3367 5206; baseline -0.001 -18"><span class='ocrx_word' id='word_1_738' title='bbox 1817 5146 1993 5189; x_wconf 90' lang='lat' dir='ltr'>mum</span> <span class='ocrx_word' id='word_1_739' title='bbox 2018 5126 2279 5204; x_wconf 87' lang='lat' dir='ltr'>instans,</span> <span class='ocrx_word' id='word_1_740' title='bbox 2319 5128 2424 5189; x_wconf 89' lang='lat' dir='ltr'>sed</span> <span class='ocrx_word' id='word_1_741' title='bbox 2452 5129 2529 5188; x_wconf 90' lang='lat' dir='ltr'>ad</span> <span class='ocrx_word' id='word_1_742' title='bbox 2564 5127 2865 5188; x_wconf 86' lang='lat' dir='ltr'>moralem</span> <span class='ocrx_word' id='word_1_743' title='bbox 2899 5127 3233 5206; x_wconf 86' lang='lat' dir='ltr'>quamdam</span> <span class='ocrx_word' id='word_1_744' title='bbox 3258 5129 3367 5186; x_wconf 71' lang='lat' dir='ltr'>‹lu-</span> 
     </span>
     <span class='ocr_line' id='line_1_107' title="bbox 1813 5219 3374 5298; baseline -0.001 -16"><span class='ocrx_word' id='word_1_745' title='bbox 1813 5221 2117 5282; x_wconf 86' lang='lat' dir='ltr'>rationem</span> <span class='ocrx_word' id='word_1_746' title='bbox 2150 5221 2424 5298; x_wconf 84' lang='lat' dir='ltr'>brevem,</span> <span class='ocrx_word' id='word_1_747' title='bbox 2455 5221 2759 5282; x_wconf 86' lang='lat' dir='ltr'>sententia</span> <span class='ocrx_word' id='word_1_748' title='bbox 2786 5227 2879 5282; x_wconf 90' lang='lat' dir='ltr'>est</span> <span class='ocrx_word' id='word_1_749' title='bbox 2912 5219 3091 5280; x_wconf 85' lang='lat' dir='ltr'>valde</span> <span class='ocrx_word' id='word_1_750' title='bbox 3117 5236 3374 5280; x_wconf 90' lang='lat' dir='ltr'>consen-</span> 
     </span>
     <span class='ocr_line' id='line_1_108' title="bbox 1815 5311 3373 5392; baseline 0 -20"><span class='ocrx_word' id='word_1_751' title='bbox 1815 5318 1999 5372; x_wconf 85' lang='lat' dir='ltr'>tanea</span> <span class='ocrx_word' id='word_1_752' title='bbox 2046 5312 2270 5374; x_wconf 87' lang='lat' dir='ltr'>rationi</span> <span class='ocrx_word' id='word_1_753' title='bbox 2320 5335 2335 5372; x_wconf 93' lang='lat'><strong>:</strong></span> <span class='ocrx_word' id='word_1_754' title='bbox 2395 5313 2610 5392; x_wconf 85' lang='lat' dir='ltr'>igitur,</span> <span class='ocrx_word' id='word_1_755' title='bbox 2654 5319 2895 5374; x_wconf 86' lang='lat' dir='ltr'>servata</span> <span class='ocrx_word' id='word_1_756' title='bbox 2948 5311 3373 5392; x_wconf 88' lang='lat' dir='ltr'>proportione,</span> 
     </span>
     <span class='ocr_line' id='line_1_109' title="bbox 1813 5403 3375 5467; baseline 0.001 -2"><span class='ocrx_word' id='word_1_757' title='bbox 1813 5405 1976 5465; x_wconf 90' lang='lat' dir='ltr'>idem</span> <span class='ocrx_word' id='word_1_758' title='bbox 2009 5403 2338 5466; x_wconf 87' lang='lat' dir='ltr'>dicendum</span> <span class='ocrx_word' id='word_1_759' title='bbox 2384 5411 2475 5466; x_wconf 88' lang='lat' dir='ltr'>est</span> <span class='ocrx_word' id='word_1_760' title='bbox 2514 5405 2579 5466; x_wconf 88' lang='lat' dir='ltr'>in</span> <span class='ocrx_word' id='word_1_761' title='bbox 2628 5405 2881 5467; x_wconf 88' lang='lat' dir='ltr'>homine</span> <span class='ocrx_word' id='word_1_762' title='bbox 2914 5405 3259 5466; x_wconf 87' lang='lat' dir='ltr'>Christiano</span> <span class='ocrx_word' id='word_1_763' title='bbox 3308 5404 3375 5466; x_wconf 89' lang='lat' dir='ltr'>in</span> 
     </span>
     <span class='ocr_line' id='line_1_110' title="bbox 1811 5497 3375 5579; baseline 0.001 -22"><span class='ocrx_word' id='word_1_764' title='bbox 1811 5499 2031 5558; x_wconf 87' lang='lat' dir='ltr'>ordine</span> <span class='ocrx_word' id='word_1_765' title='bbox 2067 5498 2146 5559; x_wconf 88' lang='lat' dir='ltr'>ad</span> <span class='ocrx_word' id='word_1_766' title='bbox 2180 5499 2370 5560; x_wconf 88' lang='lat' dir='ltr'>finem</span> <span class='ocrx_word' id='word_1_767' title='bbox 2412 5498 2971 5579; x_wconf 84' lang='lat' dir='ltr'>supernaturalem,</span> <span class='ocrx_word' id='word_1_768' title='bbox 3012 5515 3198 5576; x_wconf 88' lang='lat' dir='ltr'>quem</span> <span class='ocrx_word' id='word_1_769' title='bbox 3244 5497 3375 5558; x_wconf 87' lang='lat' dir='ltr'>sola</span> 
     </span>
     <span class='ocr_line' id='line_1_111' title="bbox 1809 5589 3373 5671; baseline 0 -18"><span class='ocrx_word' id='word_1_770' title='bbox 1809 5589 1965 5653; x_wconf 86' lang='lat' dir='ltr'>fides</span> <span class='ocrx_word' id='word_1_771' title='bbox 2025 5591 2399 5653; x_wconf 84' lang='lat' dir='ltr'>sufficienter</span> <span class='ocrx_word' id='word_1_772' title='bbox 2449 5591 2760 5671; x_wconf 87' lang='lat' dir='ltr'>proponit.</span> <span class='ocrx_word' id='word_1_773' title='bbox 2826 5591 2968 5653; x_wconf 87' lang='lat' dir='ltr'>Post</span> <span class='ocrx_word' id='word_1_774' title='bbox 3018 5589 3174 5653; x_wconf 87' lang='lat' dir='ltr'>illud</span> <span class='ocrx_word' id='word_1_775' title='bbox 3223 5609 3373 5653; x_wconf 83' lang='lat' dir='ltr'>vero</span> 
     </span>
    </p>
   </div>
  </div>
 </body>
</html>
