3900 6217
522 301 642 364 168

517 404 718 467 adhuc
752 399 974 476 obstat,
1017 401 1164 482 quia
1209 401 1399 463 etiam
1441 409 1616 464 actus
1655 405 1928 466 scientiae
1970 410 2083 480 est,

515 513 658 560 cum
689 496 1056 573 cogitatione
1080 495 1396 574 assentiri3
1419 515 1589 575 nam,
1614 504 1768 560 teste
1796 497 2085 578 Augusti·

513 611 620 668 no,
651 593 728 652 15
749 590 825 651 de
851 589 1100 665 Trinit„
1122 607 1260 670 cap.
1286 593 1386 666 15,
1411 593 1614 653 omnis
1635 592 1956 673 inquisitio
1976 609 2087 673 per

512 686 856 748 discursum
885 689 979 744 est
1004 681 1332 762 cogitatio;
1362 690 1424 745 et
1449 684 1734 762 verbum,
1771 685 1936 766 quod
1976 704 2085 765 per

512 780 855 841 discursum
881 778 1069 837 etiam
1112 777 1462 839 evidentem
1495 778 1824 856 formatur,
1868 785 1962 841 est
1990 797 2085 840 as-

510 891 723 936 sensus
748 891 892 935 cum
923 873 1320 951 cogitatione,
1354 880 1418 938 et
1445 881 1656 937 tamen
1688 882 1781 937 est
1824 875 2083 937 omnino

511 968 729 1030 firmus
760 1012 780 1042 ,
834 971 896 1027 et
948 966 1282 1028 excludens
1337 968 1684 1050 periculum
1746 967 2027 1031 falsitatis
2056 1013 2077 1044 ,

509 1061 759 1141 quando
795 1060 1105 1121 discursus
1135 1067 1229 1120 cst
1256 1062 1542 1136 evidens3
1577 1079 1724 1141 ergo
1753 1063 1943 1123 etiam
1972 1060 2080 1122 illo

509 1157 696 1218 modo
737 1173 863 1216 non
889 1161 983 1216 cst
1015 1156 1260 1235 integra
1287 1155 1589 1219 definitio.
1620 1159 1695 1219 Et
1739 1157 1938 1236 magis
1967 1176 2071 1217 ur-

509 1262 614 1330 get
637 1249 770 1310 haec
800 1247 1127 1309 difficultas
1169 1249 1237 1311 in
1280 1267 1530 1312 assensu
1557 1251 1906 1328 theologico
1931 1272 1948 1324 3
1985 1255 2079 1311 est

507 1347 673 1407 enim
695 1344 910 1407 firmus
933 1351 994 1407 et
1012 1343 1330 1422 obscurus,
1355 1352 1419 1408 et
1445 1365 1522 1408 ex
1547 1346 1920 1424 cogitatione
1944 1362 2075 1406 non

505 1439 913 1500 convincente
935 1437 1340 1514 intellectum,
1387 1440 1536 1520 quia
1577 1446 1770 1501 estex
1797 1439 2077 1499 discursu

507 1553 634 1595 non
671 1531 998 1610 evidente;
1029 1551 1179 1612 ergo
1207 1533 1302 1594 illi
1346 1535 1636 1596 convenit
1675 1539 1800 1594 tota
1827 1531 1937 1594 illa
1972 1531 2077 1593 de-

504 1626 775 1707 scriptiO,
826 1626 1075 1702 scilicet,
1115 1645 1250 1690 cam
1294 1629 1630 1692 assensione
1680 1627 1969 1708 eoyitare,
2014 1635 2077 1687 et

501 1728 714 1781 tamen
743 1738 870 1781 non
905 1727 999 1780 est
1023 1726 1193 1781 actus
1216 1721 1382 1784 fidei.

579 1817 640 1877 9.
673 1815 919 1878 Exacta
957 1815 1265 1894 responsio
1296 1817 1377 1877 ad
1403 1814 1798 1895 definitionem
1825 1814 2073 1891 Anaus-

502 1907 644 1969 tini.
669 1939 748 1954 -
777 1908 1031 1985 Propter
1063 1906 1199 1968 haec
1226 1906 1346 1968 dici
1377 1913 1577 1987 potest
1609 1907 1756 1968 satis
1784 1904 2070 1986 probabi-

502 2001 668 2075 liter,
707 2018 835 2061 non
879 1999 1064 2061 tuisse
1108 2001 1520 2063 intentionem
1549 2000 1878 2079 Augustini
1921 1999 2070 2060 defi-

501 2095 637 2155 nire
665 2100 874 2155 exacte
892 2092 1080 2155 fidem
1105 2093 1215 2155 illo
1238 2093 1397 2173 loc0,
1442 2095 1547 2156 sed
1591 2099 1834 2156 tantum
1878 2093 2069 2172 expli-

497 2206 637 2248 care
672 2187 1005 2266 quamdam
1056 2188 1190 2266 ejus
1237 2189 1676 2268 proprietatem
1704 2233 1725 2263 ,
1774 2205 1912 2266 quae
1940 2186 2063 2252 rei.

497 2281 576 2342 de
611 2299 732 2358 qua
762 2280 1088 2356 tractabat,
1127 2280 1531 2353 deserviebat,
1582 2288 1644 2341 et
1687 2279 2027 2341 sufficiebat
2043 2303 2062 2356 3

497 2371 756 2434 docebat
779 2373 949 2434 enim
973 2372 1083 2448 ibi,
1109 2393 1237 2435 non
1263 2373 1464 2435 solum
1495 2372 1710 2446 fidem,
1741 2371 1844 2433 sed
1875 2372 2063 2433 etiam

496 2466 749 2527 initium
777 2465 924 2527 fidei
967 2485 1096 2528 esse
1125 2486 1200 2529 ex
1241 2469 1386 2544 Deo,
1431 2472 1492 2528 et
1533 2465 1608 2526 ad
1653 2465 1770 2526 hoc
1800 2464 2065 2549 proban-

497 2562 649 2622 dum
680 2561 929 2624 adducit
962 2561 1165 2623 locum
1195 2562 1389 2637 Pauli,
1429 2560 1506 2622 ad
1537 2559 1762 2639 Philip.
1798 2560 1835 2620 3
1869 2575 1886 2620 z
1917 2561 2065 2626 Non

497 2673 704 2718 sumus
749 2657 1115 2736 sufficientes
1161 2659 1426 2737 eoyitare
1470 2655 1710 2736 aliquid
1745 2672 1817 2717 ea:
1853 2654 2025 2715 nobis
2047 2702 2061 2726 ,

493 2748 673 2827 quasi
695 2766 768 2811 eo:
803 2748 997 2822 nobis,
1033 2749 1261 2830 utique,
1287 2750 1375 2810 ait
1406 2745 1808 2826 Augustinus,
1846 2747 1912 2808 in
1939 2747 2061 2822 Iti-5,

495 2857 629 2920 quoe
651 2842 734 2902 ad
753 2841 1036 2919 pietatem
1066 2844 1408 2921 pertinent,-
1443 2847 1504 2902 et
1542 2840 1654 2901 sub
1688 2839 1805 2901 hoc
1836 2839 2064 2919 princi-

497 2933 600 3012 pio
623 2933 815 2994 sumit
843 2933 1094 2994 initium
1119 2932 1263 2995 fidei
1291 2954 1328 2995 a
1349 2934 1722 3014 cogitatione
1757 2933 2063 3008 inchoari,

495 3026 660 3105 quod
689 3025 932 3106 probat,
974 3027 1121 3105 quia
1167 3029 1394 3091 credere
1437 3033 1522 3090 est
1565 3045 1696 3091 eum
1725 3028 2065 3090 assensione

493 3121 798 3198 comme,-
833 3120 910 3179 ad
941 3137 1130 3198 quam
1168 3120 1597 3200 probationem
1628 3118 1853 3180 sufficit
1896 3119 2062 3199 quod

498 3213 622 3274 hoc
662 3212 990 3274 conveniat
1022 3211 1170 3274 fidei
1211 3213 1466 3288 divinae,
1502 3213 1741 3274 etiamsi
1777 3213 1858 3273 sit
1897 3231 2063 3273 com-

492 3323 686 3366 mune
714 3304 1097 3384 Theologiae,
1129 3311 1192 3367 et
1219 3306 1587 3386 cuicumque
1629 3305 1923 3382 scientiae,
1963 3305 2058 3366 vel

499 3399 688 3460 etiam
717 3397 864 3461 fidei
897 3398 1216 3460 humanae.
1249 3399 1661 3462 Nihilominus
1687 3399 1758 3460 D.
1792 3398 2062 3460 Thomas

491 3491 690 3554 voluit
736 3494 1105 3555 sententiam
1155 3493 1326 3554 illam
1375 3493 1451 3554 ad
1492 3491 1915 3554 definitionem
1964 3511 2062 3552 ac-

491 3585 910 3662 commodare,
937 3591 998 3648 et
1028 3586 1165 3648 ideo
1187 3605 1298 3668 per
1325 3585 1740 3648 assensionem
1767 3584 2062 3664 intelligit

491 3678 744 3742 firmum
775 3697 1118 3756 assensum,
1165 3685 1351 3760 atque
1379 3680 1566 3740 etiam
1612 3679 2057 3754 voluntarium,

491 3771 669 3834 etita
719 3772 993 3834 excludit
1037 3773 1395 3853 opinionem
1444 3779 1507 3833 et
1549 3771 1911 3850 scientiam3
1946 3790 2062 3852 per

495 3865 934 3944 cogitationem
973 3873 1184 3927 autem
1226 3865 1524 3945 intelligit
1564 3865 2053 3944 inquisitionem,

489 3976 624 4038 quae
657 3977 783 4019 non
809 3959 1120 4021 convincit
1151 3959 1532 4022 intellectum
1561 3976 1704 4018 cum
1731 3959 2060 4020 necessita-

485 4057 573 4126 te,
605 4053 772 4130 quod
801 4058 1041 4130 oportet
1062 4053 1332 4132 intelligi
1369 4051 1559 4113 etiam
1592 4050 1669 4111 de
1697 4051 2057 4113 necessitate

487 4144 785 4210 illationis
836 4163 912 4206 ex
955 4147 1275 4226 principiis
1323 4145 1504 4208 certis
1526 4191 1545 4221 ,
1599 4150 1670 4206 ut
1705 4144 1824 4206 hoc
1871 4145 2054 4207 modo

489 4237 854 4299 excludatur
885 4238 1072 4300 etiam
1104 4257 1384 4300 assensus
1426 4237 1853 4314 Theologicus.
1892 4239 2055 4300 Tan-

485 4329 653 4405 dem,
695 4331 840 4409 quia
869 4330 990 4393 illis
1019 4331 1163 4392 solis
1189 4331 1392 4393 verbis
1428 4331 1604 4393 valde
1648 4328 1906 4392 obscure
1945 4351 2051 4393 ex-

485 4423 753 4504 plicatur
776 4423 936 4484 ratio
961 4423 1130 4500 fidei,
1163 4425 1335 4486 addit
1367 4425 1433 4484 D.
1461 4423 1754 4496 Thomas,
1794 4426 1861 4485 in
1889 4426 2052 4487 solu-

486 4517 658 4578 tione
686 4515 766 4577 ad
797 4516 1096 4596 primum,
1144 4516 1575 4578 habitudinem
1619 4517 1696 4579 ad
1736 4517 2048 4599 obJectum

485 4607 772 4684 formale,
801 4609 967 4689 quod
993 4616 1085 4671 est
1124 4611 1408 4672 divinum
1453 4611 1898 4673 testimonium.
1940 4613 2049 4673 At-

485 4720 607 4780 que
635 4703 721 4762 ita
751 4700 1028 4763 definitio
1064 4701 1353 4764 coincidit
1380 4722 1521 4764 cum
1561 4703 1670 4764 illa
1699 4723 1886 4782 quam
1917 4711 2047 4766 tra-

481 4795 778 4869 didimus,
813 4812 1013 4875 neque
1046 4803 1136 4858 est
1170 4796 1616 4877 disputandum
1656 4799 1732 4860 de
1759 4799 2044 4875 vocibus,

479 4887 726 4970 quando
750 4885 828 4949 de
850 4905 917 4950 re
943 4895 1203 4951 constat.

1124 5201 1390 5222 *η’

1686 309 1920 362 msPUT.
1962 309 2037 360 Vl.
2076 308 2156 360 DE
2190 309 2350 361 Acw
2384 310 2563 362 Fini-21.

2788 557 3007 610 sEc'rto
3040 559 3103 613 11.

2171 737 2391 802 Utrum
2418 743 2569 802 recte
2590 742 2915 820 definiatur
2936 743 3112 819 fides,
3142 746 3299 825 quod
3323 747 3404 809 sit
3438 752 3673 817 substan-

2237 833 2331 894 tia
2374 851 2576 894 reram
2616 836 3055 914 sperandarum
3072 881 3093 912 ,
3144 847 3543 918 aryummtum
3580 865 3673 912 non

2236 940 2503 1003 apparea
2513 927 2690 989 tium.

2236 1155 2295 1216 1.
2332 1155 2598 1217 Dubium
2626 1157 2920 1236 primum,
2954 1175 3136 1238 quam
3163 1159 3340 1236 fidem
3366 1160 3581 1228 Paulas
3611 1169 3673 1231 il-

2153 1249 2236 1311 lis
2283 1249 2479 1312 verbis
2515 1251 2835 1313 describat.
2860 1281 2943 1296 —
2965 1251 3370 1326 Quorumdam
3410 1269 3669 1336 responsio

2152 1343 2220 1404 de
2240 1343 2490 1419 fiducia.
2517 1375 2601 1389 --
2620 1343 2861 1406 Eorum
2889 1345 3177 1407 motivum
3192 1347 3473 1424 primum.
3494 1383 3565 1398 —
3583 1353 3671 1416 Se-

2150 1436 2426 1497 eundum.
2443 1467 2527 1481 —
2544 1433 2846 1500 Tertiam.
2863 1471 2940 1482 ·-
2955 1436 3248 1512 Quamvis
3272 1443 3533 1518 superior
3550 1443 3669 1508 defi·

2149 1527 2307 1588 nitio
2350 1527 2500 1589 satis
2541 1528 2805 1609 explicet
2834 1531 3169 1592 essentiam
3198 1537 3367 1594 actus
3391 1533 3545 1609 fidei,
3567 1557 3667 1602 non

2148 1638 2473 1700 possumus
2508 1620 2672 1682 hanc
2719 1624 3213 1704 praetermittere,
3266 1627 3411 1706 quia
3450 1647 3485 1689 a
3512 1631 3669 1694 Paulo

2147 1715 2291 1775 datu
2306 1722 2422 1790 est,
2440 1715 2519 1776 ad
2545 1715 2730 1779 Hebr.
2756 1720 2851 1779 11.
2873 1718 3085 1798 Neque
3111 1716 3669 1786 dubitamusanseu-

2144 1808 2341 1868 tentia
2370 1825 2518 1870 vera
2540 1809 2657 1886 sit3
2683 1828 2829 1871 nam
2856 1809 2933 1871 ad
2962 1810 3082 1872 hoc
3106 1811 3256 1873 satis
3284 1817 3373 1874 est
3394 1815 3548 1876 Pauli
3568 1822 3662 1879 tes·

2145 1901 2502 1978 timonium,
2532 1903 2638 1964 sed
2656 1904 3029 1984 inquirimus
3049 1923 3130 1966 an
3156 1905 3269 1966 illa
3296 1907 3375 1968 sit
3396 1909 3567 1972 etiam
3582 1912 3665 1976 de-

2142 1995 2344 2056 finitio
2373 2002 2545 2058 actus
2568 1994 2739 2072 fidei,
2777 2004 2839 2060 et
2874 2017 3063 2079 quem
3092 2017 3343 2061 sensum
3372 2001 3587 2065 habeat.
3611 2009 3667 2068 ln

2144 2105 2269 2168 quo
2283 2095 2513 2168 puncto
2528 2089 2649 2150 duo
2670 2097 2819 2152 sunt
2837 2091 3199 2173 explicanda
3218 2109 3235 2152 ε
3259 2094 3535 2173 primum,
3557 2117 3665 2179 que

2142 2177 2296 2241 fides
2332 2183 2413 2242 sit
2459 2182 2544 2243 ibi
2590 2184 2918 2264 descripta.
2967 2187 3354 2262 Secundum,
3392 2190 3571 2269 qualis
3606 2195 3667 2254 sit

2143 2273 2491 2354 descriptio.
2538 2276 2707 2338 Circa
2736 2279 3031 2359 primum,
3075 2279 3277 2359 aliqui
3310 2281 3577 2344 dixerunt
3608 2285 3662 2345 fi-

2142 2366 2285 2427 dem
2309 2365 2482 2429 illam
2508 2387 2640 2431 esse
2666 2369 2999 2433 fiduciam:
3024 2373 3113 2434 ita
3140 2377 3452 2450 Erasmus,
3475 2374 3534 2436 in
3560 2378 3663 2438 An-

2141 2462 2564 2523 notationibus
2592 2463 2672 2525 ad
2696 2465 2875 2526 illum
2904 2465 3139 2545 locum,
3170 2475 3237 2530 et
3258 2469 3493 2530 videtur
3512 2469 3663 2532 fuisse

2140 2555 2447 2617 sententia
2482 2557 2865 2634 Damasceni,
2903 2560 3010 2622 lib.
3051 2564 3092 2624 4
3118 2562 3195 2625 de
3230 2563 3399 2635 Fide,
3428 2581 3547 2642 cap.
3582 2569 3661 2640 11,

2140 2666 2329 2728 quam
2370 2669 2498 2711 non
2528 2649 2755 2712 refellit
2798 2653 3091 2734 Magister
3130 2656 3584 2734 sententiarum,
3610 2659 3659 2720 in

2140 2741 2345 2817 tertio,
2377 2743 2649 2804 distinct.
2684 2747 2787 2806 23.
2818 2747 2893 2807 Et
2914 2747 3126 2809 favent
3147 2749 3589 2828 chrysostomus
3614 2757 3661 2812 ct

2138 2835 2355 2913 Graeci,
2373 2835 2482 2916 qui
2503 2845 2820 2916 exponunt
2836 2838 3023 2901 fidem
3040 2860 3169 2902 esse
3190 2842 3574 2904 substantiam
3590 2861 3660 2902 rc-

2138 2947 2279 2989 rum
2302 2929 2774 3009 sperandarum,
2800 2933 2861 2992 id
2885 2939 3001 3009 est,
3024 2936 3405 2998 existentiam
3430 2935 3659 3010 illarum,

2138 3022 2440 3099 quamdiu
2470 3043 2537 3084 re
2573 3023 2707 3104 ipsa
2748 3043 2874 3086 non
2906 3027 3338 3107 possidentur3
3368 3047 3506 3090 nam
3536 3029 3663 3090 illud

2138 3131 2289 3188 esse,
2316 3116 2475 3195 quod
2503 3136 2603 3178 res
2622 3119 2939 3197 sperandae
2961 3120 3195 3182 habent
3213 3123 3282 3184 in
3308 3123 3478 3186 nobis
3502 3125 3663 3202 prius·

2137 3227 2324 3288 quam
2364 3210 2786 3289 obtineantur,
2835 3220 2929 3276 est
2974 3215 3107 3295 ipsa
3147 3234 3287 3295 spes
3298 3263 3319 3293 ,
3358 3223 3417 3277 et
3446 3217 3567 3278 ideo
3590 3217 3662 3277 di-

2139 3309 2369 3363 cuntur
2388 3303 2603 3364 haberi
2631 3305 2695 3365 in
2728 3325 2858 3386 spe,
2902 3313 2965 3368 et
2993 3327 3119 3369 nou
3158 3309 3229 3370 in
3256 3328 3347 3387 re,
3384 3315 3449 3370 ut
3470 3311 3659 3390 passim

2140 3397 2526 3474 Augustinus
2555 3397 2855 3479 loquitur,
2906 3408 2971 3463 et
3019 3403 3239 3467 eodem
3283 3403 3461 3466 modo
3500 3403 3661 3464 delec-

2140 3493 2302 3564 tant,
2329 3489 2510 3569 juxta
2536 3490 2689 3552 illud
2714 3492 2885 3574 :Spe
2906 3497 3253 3574 yaudentes,
3295 3501 3357 3558 et
3381 3495 3543 3571 illud,
3569 3497 3661 3557 Job

2138 3583 2215 3642 19
2245 3603 2259 3641 :
2293 3584 2580 3661 Reposita
2622 3591 2711 3647 est
2756 3587 2882 3649 Itoec
2920 3605 3055 3667 spes
3104 3607 3237 3650 mea
3260 3590 3329 3650 in
3372 3590 3503 3652 sinu
3542 3607 3658 3665 meo,

2136 3675 2299 3736 circa
2351 3678 2518 3757 quod
2576 3675 2725 3738 dicit
2760 3678 3269 3760 chrysostomus,
3326 3681 3535 3744 homil.
3576 3687 3657 3758 21,

2132 3767 2201 3829 in
2243 3769 2321 3829 ad
2353 3770 2589 3846 Haebr.,
2637 3771 2715 3832 ad
2744 3771 2935 3834 finem
2975 3794 2989 3832 ε
3030 3775 3408 3838 Resurrectio
3442 3778 3661 3838 nondum

2133 3868 2243 3936 est,
2290 3865 2395 3926 sed
2436 3883 2569 3943 spes
2606 3867 2787 3942 facit,
2824 3872 2895 3929 ut
2942 3885 3009 3928 ea
3038 3870 3334 3932 consistat
3379 3870 3443 3931 in
3488 3869 3659 3932 anima

2131 3960 2387 4027 nostrat,-
2412 3975 2547 4036 spes
2587 3963 2797 4018 autem
2845 3965 2905 4020 et
2936 3957 3187 4037 fiducia,
3234 3968 3307 4022 ut
3342 3979 3494 4041 saepe
3532 3961 3656 4036 dixi,

2130 4047 2297 4110 idem
2324 4056 2489 4111 sunt.
2524 4049 2720 4112 Aliter
2749 4050 2946 4112 videri
2982 4057 3181 4132 potest
3208 4053 3467 4116 Paulum
3488 4054 3565 4114 ibi
3589 4053 3660 4114 lo-

2130 4141 2238 4220 qui
2268 4139 2344 4202 de
2373 4141 2494 4204 fide
2523 4142 2995 4222 miraculorum3
3040 4164 3187 4207 nam
3218 4145 3367 4208 fidei
3388 4165 3559 4227 quam
3590 4146 3659 4206 ibi

2130 4234 2445 4312 describit,
2494 4235 2657 4297 infra
2697 4236 2919 4297 tribuit
2952 4238 3321 4302 miraculosa
3358 4257 3552 4320 opera,
3585 4240 3659 4301 di-

2129 4345 2273 4389 cens
2325 4329 2401 4391 de
2452 4329 2723 4408 antiquis
2770 4329 3053 4392 Patribus
3067 4377 3090 4409 ,
3139 4352 3251 4413 per
3296 4333 3455 4395 hanc
3502 4334 3656 4394 fidem

2130 4423 2559 4486 obturaverunt
2588 4441 2694 4485 ora
2719 4423 2971 4495 leonum,
3000 4427 3385 4490 extimeo-aut
3408 4427 3655 4509 mpetum

2125 4515 2329 4593 ionis,
2381 4521 2539 4594 etc.;
2588 4516 2767 4578 aliter
2814 4518 3003 4579 etiam
3058 4521 3129 4582 D.
3193 4521 3455 4582 Thomas
3508 4522 3560 4582 2.
3604 4521 3655 4593 2,

2123 4615 2340 4686 quaest.
2382 4610 2443 4682 4,
2476 4609 2651 4670 artic.
2685 4612 2747 4685 1,
2770 4608 3199 4674 definitionem
3226 4613 3397 4676 illam
3419 4613 3653 4674 declarat

2122 4699 2200 4762 de
2220 4700 2434 4763 habitu
2454 4701 2629 4762 fidei.

2202 4795 2241 4856 2
2300 4795 2608 4858 Resolutio
2654 4798 2845 4873 dubii,
2878 4799 3205 4862 describere
3237 4799 3495 4863 Paulum
3526 4799 3650 4877 fidei

2119 4890 2611 4966 supernaturalis
2639 4897 2856 4952 actum.
2889 4923 2971 4938 --
2999 4892 3339 4954 Dicendum
3372 4893 3643 4956 nihilomi-

2119 4999 2239 5042 nus
2263 4987 2377 5058 est,
2411 4983 2577 5062 quod
2607 4982 2795 5044 etiam
2822 4983 2865 5045 l.
2903 4985 2941 5046 8
2966 4985 3044 5046 de
3076 4985 3309 5062 Gratia,
3340 5004 3395 5047 c.
3432 4987 3523 5061 ¹5,
3550 5001 3643 5046 οω-

2116 5092 2407 5154 peramus
2437 5075 2702 5152 tradere,
2735 5075 2825 5137 ibi
2860 5077 3152 5157 explicari
3189 5096 3228 5138 a
3253 5079 3437 5140 Paulo
3462 5086 3643 5140 actum

2116 5167 2263 5228 fidei
2294 5167 2712 5247 justificantis,
2759 5176 2821 5230 et
2860 5173 3223 5234 necessariae
3259 5172 3339 5233 ad
3376 5169 3627 5233 salutem.

2116 5258 2419 5322 Probatur
2444 5267 2655 5341 aperte
2696 5262 3008 5326 conclusio
3054 5281 3133 5326 ex
3172 5271 3453 5328 contextu
3466 5287 3483 5340 3
3510 5279 3634 5326 nam

2116 5354 2184 5416 in
2213 5352 2336 5418 fine
2383 5374 2519 5435 cap.
2574 5357 2652 5419 10
2687 5356 3069 5421 concluserat
3120 5377 3134 5420 t
3186 5359 3407 5422 Juetus
3450 5375 3516 5422 ev
3540 5355 3640 5437 fide

2115 5449 2295 5520 vivit,·
2317 5447 2555 5510 clarum
2576 5455 2670 5511 est
2682 5460 2894 5515 autem
2912 5450 3125 5530 fidem,
3148 5470 3225 5515 ex
3244 5469 3364 5535 qua
3381 5451 3631 5522 vivimus,
