3900 6217
780 439 957 493 ster.
986 440 1093 495 vn.
1128 440 1213 494 AN
1244 442 1646 499 lnssvlnssmla
1678 442 1889 499 RERUM
1924 446 2384 499 REVELATARCM
2417 446 2538 511 sl‘r,
2569 446 2704 499 ETC.

737 653 957 709 stc'rm
988 656 1095 710 vn.

148 821 348 883 Utrum
389 823 745 889 obscuritas
771 844 877 889 seu
902 826 1265 893 inevidentia
1290 828 1513 894 divina»
1536 850 1702 895 reve-

206 916 457 978 lationis
482 917 575 981 sit
614 918 686 982 do
724 921 965 983 ratione
991 922 1247 999 [mali
1272 924 1489 1005 objecti
1522 926 1707 1001 fidei?

216 1109 269 1165 1.
314 1104 673 1171 stactam
696 1111 1491 1189 emporitanum—Diximus
1510 1113 1575 1174 in
1606 1132 1707 1173 su·

137 1198 476 1277 perior-ibus
504 1200 779 1279 primam
804 1202 1129 1265 veritatem
1154 1204 1565 1281 revelantem,
1590 1224 1703 1269 seu

136 1290 570 1353 testificantem
600 1310 743 1354 esse
779 1295 1097 1375 objectum
1129 1296 1393 1360 formale
1420 1298 1593 1374 fidei,
1642 1306 1705 1363 et

132 1391 595 1463 consequenter
616 1386 747 1448 dno
764 1388 851 1449 ad
876 1390 997 1450 hoc
1016 1390 1333 1469 objectum
1356 1392 1700 1471 pertinere,

131 1478 359 1541 seilicet
404 1496 755 1557 personam
804 1482 1268 1558 testificantem,
1320 1492 1381 1549 et
1418 1487 1705 1547 testimo-

134 1574 301 1633 nium
339 1572 581 1650 ipsum,
628 1574 801 1653 quod
844 1576 1293 1640 revelationem
1333 1578 1433 1658 o'bj
1442 1579 1708 1641 ectivsm

150 1664 643 1745 appellavimus3
706 1668 1013 1730 hactenus
1077 1686 1229 1751 ergo
1294 1672 1708 1751 explicuimus

142 1776 271 1837 quse
324 1758 407 1819 ad
452 1776 799 1839 personam
866 1780 981 1823 seu
1048 1763 1319 1842 primam
1380 1765 1709 1827 veritatem

144 1857 467 1929 spectant;
506 1871 679 1915 nunc
702 1853 781 1916 de
801 1854 1187 1917 revelatione
1214 1857 1370 1935 ipsa,
1406 1863 1469 1919 et
1496 1858 1713 1919 eondi-

136 1944 403 2005 tionibus
456 1963 625 2026 quas
664 1947 956 2026 requirit,
1006 1947 1344 2010 dicendum
1396 1956 1704 2029 superest.

132 2037 291 2099 luter
308 2037 431 2099 has
457 2040 1056 2114 vereconditiones,
1087 2041 1363 2121 primum
1380 2042 1589 2104 locu'm
1618 2043 1710 2103 vi·

128 2132 317 2193 detur
328 2135 554 2194 tenere.
576 2132 964 2208 obscuritas3
998 2152 1147 2195 nam
1176 2154 1291 2215 per
1320 2136 1488 2197 illam
1512 2137 1704 2197 maxi-

127 2243 225 2285 me
248 2225 511 2287 ridetur
536 2226 837 2307 distingui
863 2227 1024 2289 fides
1056 2228 1135 2289 ab
1170 2229 1307 2289 aliis
1336 2230 1707 2310 cognitioni-

124 2317 241 2379 bus
272 2318 491 2392 certis,
520 2336 673 2379 nam
700 2320 785 2380 ab
814 2322 1069 2383 incertis
1112 2324 1231 2401 'per
1262 2322 1707 2385 certitudinem

124 2412 559 2491 distinguitur.
597 2414 947 2476 &tantem
976 2416 1452 2489 advertendum,
1485 2417 1706 2477 obscu-

124 2505 378 2567 ritatem
424 2506 617 2580 hanc,
650 2524 765 2569 seu
818 2508 1282 2584 inevidentiam,
1329 2510 1493 2570 circa
1548 2510 1699 2584 duc,

126 2616 265 2676 quae
300 2598 389 2661 ad
414 2598 609 2661 fidem
639 2608 1043 2674 concurrunt,
1074 2602 1459 2664 considerari
1486 2622 1699 2683 posse,

126 2693 389 2765 scilieet.
428 2692 603 2753 eirca
622 2711 728 2754 res
746 2692 967 2767 dictas,
994 2700 1057 2757 et
1074 2694 1237 2756 circa
1258 2696 1463 2775 ipsum
1490 2696 1705 2759 dicen-

126 2790 289 2861 tem,
326 2784 529 2847 etiam
554 2791 627 2847 ut
658 2786 877 2848 dicens
900 2792 1031 2861 est;
1074 2793 1139 2849 et
1172 2788 1253 2850 de
1296 2790 1501 2868 primo
1539 2808 1711 2852 nunc

138 2877 481 2941 dicendum
500 2884 621 2952 est,
640 2878 719 2940 de
731 2880 1009 2943 secundo
1022 2880 1088 2941 in
1104 2880 1380 2943 sectione
1396 2883 1705 2963 sequenti.

218 2974 285 3031 9..
332 2970 547 3035 Prima
582 2974 810 3057 opinio,
836 2976 993 3054 quod
1024 2976 1170 3055 fides
1189 2976 1459 3058 proebeat
1480 2978 1711 3040 eviden-

151 3065 301 3127 tiam
334 3064 599 3129 maiia.
634 3098 723 3113 —
754 3066 929 3129 OErca
974 3068 1249 3149 primum
1284 3069 1508 3133 referri
1546 3069 1707 3132 solet

144 3158 453 3219 sententia
486 3159 765 3234 Rolcot„
811 3161 874 3221 in
895 3164 957 3235 1,
987 3167 1208 3241 quaest.
1242 3166 1301 3234 1,
1332 3168 1451 3224 art.
1487 3167 1513 3224 1
1551 3168 1613 3226 et
1640 3166 1701 3238 5,

144 3251 293 3313 dub.
332 3255 395 3326 1,
418 3252 683 3315 dicentis
711 3252 858 3314 fidei
886 3251 1217 3316 assensum
1235 3274 1363 3317 non
1392 3274 1531 3318 esse
1558 3258 1711 3319 libe·

134 3364 297 3417 rum,
340 3345 462 3408 sed
482 3347 917 3409 necessarium
936 3366 1016 3409 ex
1048 3349 1109 3409 vi
1138 3350 1419 3424 rationis,
1450 3368 1591 3430 quae
1614 3351 1709 3411 di·-

132 3438 405 3518 ligenter
454 3440 801 3518 inquirenti
830 3445 895 3501 et
946 3442 1363 3503 consideranti
1394 3444 1709 3506 sufficiens

132 3534 427 3607 occurrit,
456 3536 529 3595 ut
548 3532 900 3597 intellectus
916 3553 1033 3614 per
1064 3554 1155 3608 se,
1198 3534 1333 3599 sine
1360 3538 1705 3615 voluntate,

130 3642 471 3689 assensum
482 3626 763 3705 prtebeat
778 3632 1034 3707 propter
1050 3628 1310 3689 rationis
1326 3630 1667 3693 efficaciam
1684 3650 1701 3706 ;

128 3719 293 3781 unde
349 3718 607 3782 videtur
656 3719 1033 3782 evidentiam
1070 3739 1309 3801 ponere
1350 3740 1569 3784 earum
1608 3742 1705 3787 re-

122 3830 265 3872 rum
296 3830 453 3892 quse
482 3830 601 3891 per
624 3812 818 3875 fidem
852 3812 1217 3889 creduntur,
1242 3815 1391 3894 quia
1412 3817 1545 3878 sola
1574 3819 1707 3879 evi·-

107 3906 345 3969 dentia
372 3911 589 3987 potest
614 3906 957 3969 intellectui
992 3908 1433 3970 necessitatem
1472 3908 1705 3972 inferre

106 4000 197 4063 ad
224 4018 603 4063 assensum.
632 4000 753 4064 Sed
780 4001 885 4063 ille
904 4008 1125 4063 auctor
1146 4003 1703 4082 aequivocationem

120 4096 491 4169 committit,
538 4093 623 4157 de
668 4094 981 4159 evidentia
1011 4097 1439 4159 credibilitatis
1480 4100 1703 4161 nansi-

120 4194 251 4249 tum
300 4186 605 4249 faciendo
650 4187 735 4251 ad
784 4188 1195 4263 evidentiam3
1244 4208 1396 4253 nam
1424 4193 1705 4255 rationes

124 4285 258 4361 ejus
278 4328 299 4357 ,
355 4283 445 4345 ad
495 4300 845 4359 summum,
894 4285 1281 4364 persuadent
1324 4288 1701 4350 evidentiam

118 4376 589 4451 credibilitatis,
628 4376 709 4439 de
744 4396 871 4457 qua
914 4384 1136 4457 postea
1174 4380 1401 4441 dicturi
1440 4400 1696 4457 sumus;

110 4470 217 4533 illa
248 4488 413 4533 vero
459 4489 593 4533 non
636 4472 861 4533 sufficit
883 4474 1263 4535 necessitate
1316 4474 1701 4537 intellectum

108 4564 189 4625 ad
254 4582 637 4641 assensum,
684 4570 757 4626 ut
800 4564 965 4626 infra
1014 4566 1229 4642 etiam,
1282 4567 1701 4647 disputatione

110 4664 327 4732 sexta,
357 4660 645 4722 sectione
666 4665 864 4734 sexta,
892 4662 1220 4723 tractando
1262 4660 1343 4723 de
1378 4665 1525 4723 ectu
1550 4663 1703 4725 fidei

112 4753 569 4827 ostendemus,
610 4758 675 4817 et
700 4754 1213 4835 impugnabimus
1260 4756 1701 4819 necessitatem

112 4864 431 4909 assensus
470 4846 645 4920 fidei,
676 4865 869 4927 quam
912 4848 1090 4928 ponit
1116 4847 1217 4910 hic
1254 4853 1503 4923 auctor3
1554 4868 1703 4911 nam

109 4939 253 5003 sine
285 4938 493 5001 dubio
532 4957 831 5003 assensus
866 4939 1013 5004 fidei
1074 4958 1203 5002 non
1250 4941 1323 5003 fit
1368 4943 1505 5004 sine
1552 4962 1706 5005 eon-

110 5050 321 5095 sensu
362 5032 727 5108 voluntatis,
756 5039 829 5095 ut
844 5039 1061 5095 contra
1084 5034 1263 5097 illum
1288 5041 1353 5097 et
1376 5036 1533 5098 alios
1560 5055 1705 5117 pro-

108 5125 449 5187 habimus.

190 5222 265 5282 3.
316 5219 599 5285 Ami-uo
615 5220 849 5303 prima,
870 5221 1187 5285 contraria
1198 5221 1561 5304 praecedenti
1581 5221 1705 5302 opi-

104 5314 319 5376 nioni.
348 5346 437 5359 —
460 5312 778 5377 Probatur
784 5313 927 5393 jam
957 5313 1211 5378 assertio
1236 5333 1311 5378 ea:
1341 5314 1699 5396 Scriptura.

103 5437 193 5453 —
218 5408 401 5471 Item
424 5407 723 5488 probatur
750 5424 823 5469 ιω
850 5406 1166 5473 Patribus.
1180 5440 1264 5455 —
1278 5408 1549 5489 Denique
1568 5424 1707 5489 pro·

102 5501 311 5565 batur
332 5503 592 5566 ratione.
610 5502 783 5562 —In
810 5500 935 5562 hoe
980 5520 1131 5583 ergo
1157 5508 1413 5583 puncto,
1467 5510 1707 5563 certum

106 5602 243 5671 est,
302 5595 495 5658 fidem
550 5614 679 5659 non
738 5595 1027 5675 praebere
1070 5597 1447 5659 evidentiam
1494 5610 1709 5657 rerum

3267 438 3346 499 6⁶7

1781 547 2185 622 creditarum,
2211 552 2274 607 et
2295 546 2378 607 ita
2403 562 2480 607 ex
2509 551 2688 625 parte
2717 544 2944 625 obJecti
2992 563 3120 606 non
3143 544 3349 609 solum

1778 658 1909 703 non
1957 639 2276 720 postulare
2314 639 2697 701 evidentiam
2739 654 2950 699 rerum
2991 638 3052 699 in
3099 639 3344 718 seipsis,

1779 744 2003 795 verum
2049 733 2239 795 etiam
2288 733 2608 811 postulare
2665 730 3109 793 obscuritatem
3159 748 3351 812 repu-

1784 832 2083 909 gnantem
2137 826 2492 897 evidentiae,
2531 826 2754 887 saltem
2787 842 2865 886 ex
2905 831 3086 905 parte
3123 826 3350 906 objecti

1782 922 2083 983 formalis.
2119 922 2230 981 Est
2265 921 2432 983 enim
2461 918 2916 981 advertendum
2951 918 3200 979 duobus
3221 936 3352 981 mo·

1786 1012 1883 1075 dis
1929 1014 2190 1094 intelligi
2229 1028 2416 1092 posse
2443 1011 2634 1073 fidem
2677 1012 2998 1092 postulare
3031 1012 3353 1075 ineviden-

1786 1107 1974 1169 tiam:
2007 1108 2230 1188 primo,
2263 1108 2328 1169 in
2357 1124 2473 1167 suo
2504 1106 2738 1177 medio,
2773 1109 2834 1166 et
2864 1106 3098 1167 motivo
3137 1124 3356 1168 ossen-

1782 1200 2000 1276 tiendi,
2046 1202 2194 1280 quia
2229 1218 2346 1279 per
2376 1218 2444 1261 se
2473 1200 2728 1260 inclinat
2769 1199 2851 1259 ad
2879 1199 3349 1260 assentiendum

1785 1294 2032 1374 objecto
2059 1312 2188 1355 non
2217 1294 2377 1367 viso,
2407 1294 2628 1372 utique
2655 1293 2808 1354 cxvi
2835 1292 2976 1368 talis
3007 1293 3226 1365 medii3
3256 1310 3355 1354 se·-

1785 1388 2017 1463 eundo,
2047 1393 2256 1468 potest
2302 1386 2567 1467 intelligi
2596 1392 2666 1447 ut
2693 1386 2852 1448 fides
2878 1386 3156 1463 requirat
3184 1386 3354 1445 illam

1788 1482 2210 1544 conditionem
2239 1481 2304 1541 in
2345 1480 2615 1559 obJ'ectO,
2671 1480 2859 1541 etiam
2895 1498 2972 1539 ex
2997 1483 3176 1558 parte
3209 1478 3356 1539 sul)-

1783 1576 1954 1657 jecti‚
2005 1582 2068 1637 et
2105 1575 2560 1654 cujuscumque
2600 1573 2858 1634 alterius
2889 1572 3102 1645 medii,
3143 1570 3208 1633 id
3235 1580 3350 1645 est,

1790 1674 1857 1730 ut
1884 1669 2238 1730 intellectus
2263 1667 2576 1729 credentis
2597 1684 2724 1727 non
2746 1666 2977 1739 videat,
3009 1682 3218 1744 neque
3251 1666 3356 1726 ha·

1790 1762 1937 1823 beat
1968 1761 2343 1824 evidentiam
2367 1762 2456 1822 rei
2487 1758 2760 1833 creditae,
2780 1778 2894 1839 per
2915 1758 3359 1839 quodcumque

1792 1855 1963 1918 aliud
1999 1854 2310 1929 medium;
2354 1872 2526 1915 nunc
2580 1872 2731 1933 ergo
2771 1870 2902 1913 non
2944 1852 3259 1933 loquimur
3294 1854 3358 1913 in

1790 1949 1911 2011 hoc
1938 1949 2267 2028 posteriori
2315 1964 2528 2018 sensu,
2561 1947 2675 2008 sed
2711 1947 2790 2007 de
2821 1946 2930 2007 illo
2970 1948 3252 2008 dicemus
3292 1948 3356 2009 in

1790 2043 2072 2103 sectione
2125 2044 2462 2121 sequente;
2508 2040 2826 2120 loquimur
2865 2056 3016 2119 ergo
3059 2041 3124 2100 in
3169 2056 3358 2101 sensu

1786 2136 2002 2215 priori,
2035 2140 2098 2195 et
2127 2136 2216 2196 sic
2253 2140 2352 2196 est
2404 2134 2750 2195 certis-sima
2801 2131 3081 2213 acceptio
3125 2152 3200 2195 ex
3251 2134 3355 2194 illo

1789 2229 1985 2303 Pauli,
2041 2228 2124 2289 ad
2171 2228 2362 2289 Hehr.
2431 2231 2536 2288 u:
2584 2227 2769 2291 Fides
2809 2232 2902 2289 est
2939 2233 3360 2310 aryumeutum

1786 2338 1904 2383 non
1955 2321 2426 2405 apparentiwm;
2481 2321 2776 2382 dicuntur
2819 2320 2986 2381 enim
3025 2340 3129 2381 res
3173 2338 3360 2401 uppa-

1787 2432 1952 2485 rere,
1983 2431 2126 2495 quae
2149 2417 2212 2476 in
2237 2432 2304 2477 se
2331 2415 2662 2487 videntur-3
2699 2414 2864 2477 unde
2905 2417 2932 2475 1
2958 2414 3040 2474 ad
3068 2416 3206 2475 Cor.
3237 2416 3313 2477 13
3339 2430 3353 2473 2

1806 2508 2090 2574 Videmus
2117 2526 2280 2572 nunc
2291 2524 2408 2591 per
2425 2500 2732 2589 speculum
2759 2508 2830 2569 in
2873 2508 3213 2589 mimate,
3249 2507 3360 2568 ubi

1784 2602 2046 2662 verbum
2090 2602 2358 2665 videmus
2379 2646 2394 2675 ,
2456 2601 2834 2682 generaliter
2891 2604 3209 2679 sumptum
3266 2607 3362 2661 est

1784 2712 1901 2774 pro
1924 2694 2118 2757 verbo
2139 2692 2652 2777 coquoscimusmt
2673 2694 2758 2754 ibi
2775 2699 2949 2755 notat
2966 2695 3038 2753 D.
3062 2695 3358 2765 Thomas,

1792 2792 1856 2848 et
1898 2787 1966 2850 in
1995 2789 2056 2859 3,
2091 2788 2362 2849 distinct.
2415 2788 2519 2859 24,
2571 2786 2743 2867 quod
2781 2788 2930 2847 satis
2982 2785 3356 2857 declaratur,

1792 2898 1937 2943 cum
1989 2881 2242 2943 additur
2297 2898 2436 2942 esse
2489 2882 2799 2943 visionem
2859 2878 3314 2961 aenigmaticam
3340 2924 3356 2949 ,

1792 2993 1952 3055 quoe,
1985 2982 2056 3036 ut
2084 2976 2168 3036 ihi
2195 2981 2374 3037 notat
2415 2976 2766 3051 Salmeron,
2813 2978 2911 3036 est
2937 2974 3210 3053 cognitio
3249 2974 3362 3035 ob·

1790 3086 2007 3143 scura:
2039 3068 2210 3131 unde
2234 3075 2332 3130 est
2355 3068 2510 3131 illud
2535 3071 2576 3131 2
2603 3068 2769 3131 Petr.
2803 3072 2833 3131 1
2855 3086 2871 3129 :
2915 3066 3032 3132 Cui
3057 3068 3194 3131 bene
3209 3067 3362 3147 saci-

1792 3164 1877 3228 tis
1907 3164 2301 3237 attendentes,
2325 3168 2616 3244 tanquam
2642 3163 2906 3226 lucer-nce
2929 3162 3156 3225 lucenti
3173 3163 3242 3223 in
3263 3180 3362 3225 ca·

1790 3257 2051 3339 liqinoso
2098 3256 2264 3329 loco,·
2305 3261 2369 3317 et
2406 3256 2707 3327 Christu8‚
2754 3254 2938 3317 Joan.
3001 3257 3105 3326 20,
3166 3254 3354 3317 dixit:

1792 3349 1976 3412 Beati
2027 3350 2134 3430 qui
2177 3366 2298 3411 riou
2325 3348 2627 3422 viderunt,
2675 3353 2734 3411 et
2756 3347 3153 3411 crediderunt.
3201 3348 3358 3409 Hinc

1791 3442 1982 3503 etiam
2010 3443 2225 3503 Patres
2255 3441 2490 3520 ubique
2513 3441 2742 3503 docent
2759 3458 2890 3503 non
2912 3460 3050 3503 esse
3073 3458 3358 3503 necessa·

1788 3536 1949 3596 riam
1980 3534 2358 3596 evidentiam
2383 3534 2644 3595 rationis
2671 3534 2754 3595 ad
2787 3533 3194 3607 credendum,
3231 3534 3357 3595 imo

1787 3626 2133 3689 formaliter
2167 3644 2524 3707 repugnare
2565 3627 2854 3689 assensui
2901 3627 3072 3699 fidei,
3111 3632 3182 3687 ut
3217 3628 3358 3688 talis

1788 3725 1917 3794 est3
1950 3721 2166 3801 plures
2190 3722 2375 3782 retuli
2403 3738 2618 3801 supra,
2657 3726 2808 3783 sect.
2861 3724 2887 3781 1
2929 3721 3114 3801 hujus
3143 3720 3357 3801 dispu-

1785 3815 2063 3888 tationis,
2093 3832 2269 3875 num.
2307 3816 2376 3889 4,
2413 3814 2644 3894 aliique
2669 3814 3028 3875 referuntur
3053 3834 3091 3874 a
3121 3815 3356 3876 Beller-

1785 3911 1982 3983 mino,
2017 3908 2126 3969 lib.
2161 3913 2190 3969 1
2244 3907 2324 3970 de
2349 3908 2646 3981 Justifie„
2679 3925 2817 3987 cap.
2861 3911 2923 3983 7,
2955 3908 3183 3987 quibus
3207 3908 3350 3969 addi

1784 4010 1992 4083 potest
2036 4003 2326 4065 Clemens
2369 4000 2852 4076 Alexandrinae,
2877 4002 2986 4062 lib.
3028 4004 3068 4062 ὅ
3093 4002 3350 4074 Sti-om„

1784 4098 1821 4177 ἓ
1851 4100 1911 4172 2,
1964 4097 2029 4157 in
2063 4096 2215 4169 fine,
2249 4095 2356 4156 ubi
2385 4095 2828 4175 condistinguit
2855 4094 3048 4157 fidem
3081 4114 3118 4156 a
3143 4097 3353 4174 cogni-

1780 4192 1978 4263 tione,
2013 4189 2270 4263 seilieet,
2303 4188 2596 4263 evidenti,
2633 4207 2746 4251 seu
2770 4187 3044 4268 perfecto
3069 4207 3085 4261 ;
3113 4194 3176 4249 et
3204 4190 3354 4249 Am·-

1780 4284 2050 4356 hrosius,
2095 4283 2204 4343 lib.
2238 4286 2264 4343 1
2296 4283 2378 4343 >de
2413 4282 2754 4357 Abrabam,
2787 4300 2926 4362 cop.
2973 4284 3032 4353 3,
3091 4280 3199 4341 ubi
3257 4282 3352 4342 di-

1782 4377 1886 4451 cit,
1916 4377 2162 4457 justum
2191 4393 2315 4439 esse
2353 4380 2424 4439 ut
2453 4374 2749 4439 rati-onem
2787 4375 3122 4457 proeteuiat
3170 4375 3348 4452 fides,

1780 4489 1855 4535 ne
1880 4489 1919 4533 a
1942 4471 2069 4533 Deo
2099 4474 2396 4533 rationem
2417 4468 2654 4549 eoeiqere
2677 4467 3020 4539 videamnm
3049 4473 3110 4529 et
3135 4471 3352 4549 Augu-

1782 4564 1982 4625 stinus
2021 4568 2238 4623 contra
2275 4563 2616 4643 Epistulam
2665 4560 3106 4633 Fundamenti,
3144 4578 3199 4623 e.
3235 4565 3346 4623 u:

1780 4656 1912 4719 Eos
1930 4672 2273 4737 sequamur,
2295 4656 2518 4734 inquit,
2543 4654 2650 4736 qui
2671 4670 2780 4717 nos
2825 4654 3094 4719 invitant
3119 4656 3354 4719 credere

1780 4752 1939 4832 quod
1989 4748 2250 4811 nondum
2303 4750 2574 4813 valemus
2621 4750 2873 4820 intueri,
2919 4753 3014 4821 ut,
3066 4749 3206 4831 ipsa
3231 4750 3352 4830 fide

1782 4844 2140 4908 valentiores
2177 4843 2368 4918 'sacti‚
2421 4842 2582 4923 quod
2631 4840 2930 4905 oredimus
2945 4886 2960 4915 ,
3015 4842 3354 4923 intelliyere

1783 4938 2094 5001 caleamus
2104 4960 2130 5008 ,·
2156 4942 2218 4997 et
2235 4954 2372 5015 cap.
2398 4938 2460 5009 4,
2487 4935 2763 4997 dixerat:
2789 4934 3060 4999 Turbam
3077 4936 3352 5012 fidelium

1783 5048 1905 5093 mm
1914 5026 2292 5111 intolliymdi
2331 5027 2650 5101 vivacitas,
2686 5030 2794 5092 sed
2813 5029 3089 5092 credendi
3115 5028 3352 5111 simpli-

1784 5126 1942 5188 citas
1970 5122 2346 5187 tutissimam
2395 5124 2547 5199 facit
2566 5147 2593 5195 ,·
2639 5122 2830 5195 unde,
2877 5122 2985 5183 lib.
3028 5121 3107 5185 de
3154 5123 3345 5187 Utilit.

1786 5217 1984 5291 cred..
2007 5235 2146 5296 cap.
2179 5220 2286 5279 11:
2325 5213 2496 5290 Quod
2517 5216 2922 5297 intelliyimue
2953 5215 3213 5296 aliquid,
3254 5219 3354 5280 tu-

1786 5311 1988 5374 bemus
2010 5309 2244 5373 rationi
2257 5334 2282 5383 ;
2331 5310 2488 5389 quod
2511 5310 2832 5381 credimus,
2863 5310 3242 5373 auctoritati.
3277 5310 3353 5371 Et

1788 5403 1933 5467 inde
1981 5402 2248 5465 sumitur
2289 5403 2446 5464 ratio
2496 5402 2686 5480 huJus
2732 5402 3030 5467 veritatis,
3079 5402 3227 5479 quia
3269 5401 3350 5463 de

1789 5497 2030 5559 ratione
2061 5496 2307 5557 formali
2343 5496 2572 5574 objecti
2601 5495 2744 5557 fidei
2775 5501 2868 5555 cst
2896 5494 3231 5555 auctoritas
3258 5495 3356 5555 di-

1790 5592 2020 5664 centis3
2056 5590 2164 5651 sed
2197 5589 2642 5663 testimouium,
2678 5595 2738 5649 ut
2771 5586 3192 5649 testimoninm
3231 5594 3348 5667 oft,
