3900 6217
543 413 715 466 SECT.
743 415 812 467 u,
846 413 1166 468 Ati-onnus
1194 414 1498 468 HAERETICI
1533 412 1858 466 SECUNDUM
1889 411 2085 464 LEGBS
2118 411 2430 466 utcu-:slat
2460 411 2669 464 noum
2702 409 3074 465 mmmmm.

217 511 548 596 particulari
584 511 898 592 loquatur,
927 518 1138 574 tamen
1169 531 1248 574 ex
1289 512 1614 576 identitate
1653 529 1753 574 ra-

215 607 386 672 tionis
411 606 485 667 ad
515 623 730 666 omnes
759 623 902 668 vere
929 606 1302 684 prenitentes
1338 605 1714 668 extenditur.

287 701 382 762 13.
427 699 651 772 Quinta
699 699 978 774 assertio,
1025 701 1094 763 de
1133 701 1596 764 reconciliandis
1637 718 1756 762 non

213 791 473 874 relapsis.
505 823 586 840 --
621 791 848 865 Quinto
875 791 1208 855 dicendum
1237 799 1360 865 est,
1393 793 1754 856 hoereticum

213 905 328 948 non
373 885 682 964 relapsum
701 929 719 961 ,
763 885 876 964 qui
923 892 1068 948 ante
1117 887 1487 948 sententiam
1537 893 1756 966 sponte

213 978 597 1052 convertitur,
633 984 696 1038 et
724 996 868 1040 vere
914 981 1320 1058 poenitentem
1353 998 1418 1042 se
1463 981 1753 1056 ostendit,

211 1089 325 1134 non
352 1087 481 1133 esse
517 1088 699 1149 poeua
741 1072 960 1132 mortis
1000 1071 1448 1148 damnandum,
1481 1091 1586 1134 seu
1619 1074 1757 1136 bra·

213 1163 340 1224 chio
363 1163 642 1226 soeculari
683 1163 1074 1240 tradendum,
1111 1165 1217 1226 sed
1246 1171 1385 1244 post
1420 1164 1757 1244 abjuratio-

213 1275 364 1332 uem,
395 1263 458 1318 et
506 1255 774 1318 oblatam
813 1257 1296 1320 satisfactionem
1349 1277 1492 1320 cum
1545 1259 1757 1339 aliqua

212 1349 588 1412 convenienti
619 1367 824 1429 poena,
853 1350 952 1412 vel
993 1351 1373 1430 poenitentia,
1405 1371 1535 1414 esse
1571 1353 1756 1416 susei-

210 1443 490 1524 piendum
519 1448 582 1504 et
605 1443 1150 1506 reconciliandum.
1176 1445 1318 1506 Hoec
1345 1446 1604 1508 assertio
1627 1464 1754 1508 non

210 1535 380 1598 habet
423 1551 724 1614 magnum
756 1537 1227 1600 fundamentum
1276 1539 1340 1598 in
1369 1539 1509 1618 jure
1553 1539 1751 1614 civili3

209 1627 356 1708 quod
386 1629 621 1690 mirum
643 1647 769 1690 non
793 1635 908 1706 est,
935 1629 1082 1709 quia
1101 1649 1250 1692 cura
1276 1633 1492 1696 salutis
1519 1633 1758 1694 anima-

207 1739 332 1783 rum
357 1726 418 1782 et
441 1722 862 1784 reconciliatio
885 1729 1268 1802 peccatorum
1289 1725 1368 1786 ad
1393 1732 1754 1804 potestatem

208 1813 408 1874 laicam
435 1832 568 1874 uon
597 1817 898 1895 pertinet-3
927 1816 1333 1878 nihilominus
1366 1819 1546 1896 ,iuvat
1579 1819 1682 1880 lex
1714 1823 1753 1880 4

207 1907 274 1989 de
295 1907 608 1982 Haeretic.,
637 1917 943 1988 quatenus
969 1909 1038 1972 in
1067 1928 1140 1971 ea
1166 1911 1543 1974 Theodosius
1571 1912 1750 1976 dicit:

221 1998 446 2064 Veniam
477 2003 914 2081 paenitentibus
945 2004 1180 2066 damus.
1211 2003 1400 2065 Juvat
1435 2005 1624 2067 etiam
1653 2005 1756 2067 lex

208 2093 510 2172 Friderici,
539 2096 998 2170 Inconsutileni,
1029 2102 1334 2176 quatenus
1367 2097 1528 2160 solos
1568 2100 1756 2178 perti-

209 2205 372 2250 naces
406 2189 594 2266 jubet
637 2189 898 2252 cremari
915 2204 938 2266 ;
979 2195 1044 2250 at
1089 2207 1236 2252 vero
1267 2189 1410 2269 jura
1452 2192 1758 2253 Canonica

209 2280 310 2342 hoc
336 2299 620 2360 expresse
643 2281 980 2362 disponunt
1009 2283 1074 2343 in
1099 2282 1260 2344 dicto
1287 2283 1475 2362 capit.
1501 2283 1604 2348 Aa
1623 2286 1758 2349 abo·

209 2375 448 2450 leudam,
471 2375 554 2436 de
584 2376 836 2450 Han-et„
862 2381 926 2436 et
951 2376 1136 2456 capit.
1177 2376 1258 2440 Ut
1288 2374 1588 2455 Officium,
1614 2397 1757 2441 cum

209 2469 348 2544 aliis,
375 2468 624 2544 eodem,
654 2468 720 2528 in
749 2471 811 2532 6.
837 2469 1100 2548 Fuitque
1130 2469 1262 2530 hoec
1288 2478 1584 2550 perpetua
1611 2489 1756 2532 con-

211 2560 446 2624 suetudo
491 2567 557 2622 et
609 2563 863 2624 traditio
911 2561 1226 2640 Ecclesiae,
1279 2570 1350 2624 ut
1392 2569 1632 2626 constat
1675 2583 1754 2626 ex

212 2655 460 2719 Concilio
491 2656 773 2731 Nicaeae,
805 2675 942 2736 cap.
969 2657 1032 2730 8,
1057 2663 1121 2718 et
1161 2656 1434 2718 Concilio
1467 2658 1751 2733 Elibert.,

209 2765 324 2808 can.
351 2749 458 2823 223
482 2755 548 2809 et
584 2749 856 2810 Concilio
882 2749 1189 2830 Agathen.
1215 2749 1332 2811 sub
1355 2751 1750 2829 SymmachO,

213 2859 328 2901 can.
357 2842 470 2916 60;
502 2847 571 2902 et
601 2842 872 2903 Concilio
898 2843 1210 2904 Arelaten.
1227 2887 1246 2918 ,
1275 2862 1412 2922 cap.
1437 2845 1500 2918 9,
1532 2849 1594 2906 et
1619 2844 1757 2906 aliis

215 2952 328 3012 quae
351 2933 608 2996 adducit
635 2936 846 2998 Farin.
863 2981 884 3011 ,
911 2937 1240 3016 quaestion.
1271 2935 1380 2996 illa
1409 2939 1548 3013 192,
1575 2955 1753 2998 num.

217 3029 266 3088 2.
295 3029 465 3090 Ratio
494 3047 648 3090 vero
687 3036 802 3100 est,
829 3030 976 3110 quia
1007 3029 1283 3091 Christus
1307 3035 1373 3092 et
1397 3031 1532 3109 ejus
1555 3031 1759 3092 Eccle-

211 3121 286 3180 sia
322 3139 442 3182 non
475 3120 719 3182 claudit
768 3122 1074 3200 gremium
1123 3121 1522 3184 redeuntibus
1545 3125 1624 3185 ad
1667 3143 1758 3200 se,

211 3221 268 3274 ut
298 3214 360 3276 in
407 3233 540 3292 rap.
581 3215 846 3290 Nullus,
873 3215 950 3276 de
991 3214 1321 3276 Poenitent.
1345 3259 1366 3292 ,
1399 3216 1664 3279 distinct.
1693 3221 1756 3294 7,

209 3308 340 3386 quia
377 3307 652 3370 Ecclesia
707 3309 905 3386 magis
945 3309 1170 3388 quaerit
1213 3309 1478 3370 salutem
1521 3311 1762 3372 anima-

207 3417 354 3475 rum,
399 3420 598 3480 quam
653 3401 994 3462 vindictam
1042 3399 1438 3478 delictorum3
1497 3403 1756 3482 ideoque

209 3511 318 3554 non
342 3495 538 3556 utitur
565 3493 672 3554 his
717 3495 914 3572 poenis
957 3501 1204 3556 tantum
1231 3503 1301 3556 ut
1342 3495 1752 3572 vindicativis,

209 3588 296 3650 sed
319 3588 502 3650 etiam
531 3593 610 3650 ut
643 3587 1146 3664 medicinalibus3
1177 3589 1345 3650 unde
1371 3590 1619 3670 quando
1659 3609 1754 3652 re-

211 3683 395 3743 missio
437 3683 666 3744 mor-tis
691 3682 831 3743 aliis
869 3700 998 3744 non
1048 3689 1252 3759 nocet,
1283 3691 1348 3746 et
1373 3685 1756 3764 delinquenti

209 3782 387 3853 potest
409 3776 490 3838 ad
531 3775 800 3836 salntem
827 3775 1055 3836 animm
1108 3777 1413 3856 prodesse,
1462 3778 1634 3838 illam
1682 3778 1756 3839 li·

209 3867 406 3930 benter
431 3867 743 3931 coneedit.
779 3909 786 3914 -

281 3965 368 4022 14.
411 3964 496 4025 In
551 3963 776 4043 quibus
817 3961 1054 4026 casibus
1096 3962 1230 4024 vita
1267 3963 1526 4026 donatur
1569 3963 1756 4026 hoere-

217 4055 372 4118 τίον.
401 4087 484 4102 -—
505 4053 848 4117 Difficultas
873 4071 1020 4116 vero
1063 4060 1176 4130 est,
1211 4055 1459 4134 qnando
1503 4061 1566 4116 et
1605 4075 1758 4135 quo-

216 4149 376 4210 modo
418 4149 556 4212 haec
601 4148 879 4212 remissio
930 4149 1136 4210 locum
1183 4148 1428 4210 habeat.
1497 4149 1568 4210 In
1631 4167 1756 4228 qua

211 4237 456 4305 breviter
505 4241 954 4321 distinguenda
1011 4247 1106 4304 est
1153 4241 1379 4320 duplex
1436 4243 1754 4304 conversio

211 4335 496 4398 haeretici:
526 4355 660 4397 una
679 4342 774 4398 est
795 4336 1054 4397 omnino
1075 4341 1433 4414 spontanea,
1453 4335 1754 4396 nimirum

211 4431 434 4507 quando
469 4431 604 4509 ipse
631 4447 700 4489 se
743 4436 992 4490 accusat
1024 4429 1388 4507 priusquam
1431 4427 1756 4490 denuntie-

211 4529 318 4596 tur,
354 4522 448 4584 vel
501 4522 582 4583 lis
611 4528 831 4583 contra
873 4520 1056 4583 illum
1087 4526 1433 4595 moveatur,
1481 4527 1544 4581 et
1579 4526 1751 4597 tunc,

211 4614 352 4676 facta
395 4615 826 4693 abjuratione,
879 4612 977 4675 vel
1025 4612 1284 4686 occulta,
1339 4613 1391 4672 si
1447 4614 1755 4674 occultum

209 4705 374 4768 fuerit
393 4707 719 4779 delictum,
773 4707 870 4766 vel
899 4705 1166 4786 publica,
1199 4705 1252 4764 si
1295 4703 1520 4766 alicubi
1567 4705 1756 4768 fuerit

211 4799 524 4876 publicum,
559 4799 950 4879 recipiendus
987 4804 1080 4860 est
1105 4797 1240 4858 sine
1271 4796 1396 4858 ulla
1426 4801 1597 4876 gravi
1633 4817 1753 4878 ρω-

211 4911 299 4967 na,
340 4894 594 4956 salutari
621 4903 836 4954 tamen
863 4892 1228 4972 poenitentia
1263 4891 1575 4971 imposita.
1625 4893 1754 4954 Hoc

207 4987 334 5046 satis
359 4993 596 5048 constat
617 5004 693 5048 ex
714 5005 900 5066 supra
920 4985 1122 5060 dictis,
1154 4991 1216 5046 et
1243 4985 1418 5046 docet
1447 4985 1744 5060 Simanc.‚

205 5081 287 5139 tit.
327 5081 424 5156 47,
481 5097 664 5140 num.
711 5081 790 5141 27
831 5087 895 5142 et
943 5078 1375 5158 sequentibus;
1427 5084 1489 5140 et
1541 5078 1742 5158 Bajas,

204 5173 480 5250 singular.
517 5175 658 5236 154.
690 5173 902 5234 Videri
951 5173 1142 5232 etiam
1191 5177 1392 5250 potest
1428 5171 1662 5246 Penna,
1707 5173 1747 5232 2

203 5279 348 5344 part.
393 5266 740 5343 Directorii,
793 5271 1197 5327 commentar.
1241 5264 1320 5326 65
1332 5279 1354 5341 3
1389 5269 1455 5324 et
1505 5264 1743 5341 Fax-in„

209 5365 400 5436 quoest.
443 5362 586 5436 195,
635 5378 672 5420 a
707 5379 887 5422 num.
939 5359 1042 5420 80.
1077 5357 1218 5418 Alia
1261 5365 1354 5418 est
1402 5357 1742 5432 conversio,

211 5469 330 5530 quae
367 5451 446 5514 ab
485 5453 696 5532 aliqua
725 5453 1044 5514 coactione
1079 5451 1324 5530 incipit,
1366 5451 1580 5530 utique
1613 5457 1748 5529 post

213 5541 726 5608 denuntiationem
755 5546 1006 5626 factam,
1035 5549 1198 5608 etex
1225 5549 1398 5608 metu
1425 5560 1648 5627 poenoe,
1683 5549 1750 5606 et

1832 509 1900 570 in
1925 509 2043 570 hac
2087 509 2511 588 distinguendi
2552 515 2701 571 sunt
2726 522 2850 572 tres
2886 515 3103 572 status.
3154 511 3399 574 Primus

1833 608 1926 666 est
1949 607 2085 682 post
2110 602 2669 677 denuntiationem,
2710 609 2773 665 et
2796 609 3129 684 antequam
3154 623 3295 666 reus
3320 607 3401 667 sit

1835 697 2153 758 convictus
2197 715 2307 776 per
2334 671 2538 788 aspa.
2569 698 2647 758 Et
2668 702 2819 758 tunc
2850 696 2983 758 sine
3012 697 3139 758 ulla
3157 697 3401 760 dubita-

1835 791 2005 854 tione
2032 797 2125 852 est
2166 791 2575 870 recipiendus,
2620 789 2899 852 adhibita
2944 789 3155 870 aliqua
3188 811 3395 871 poma,

1835 885 2129 964 prudenti
2156 884 2413 946 arbitrio
2457 884 2921 964 inquisitorum,
2974 892 3037 946 et
3091 885 3267 964 iuxta
3302 885 3397 948 in·

1836 977 2207 1040 structiones
2233 997 2397 1055 suas,
2430 997 2575 1038 nam
2615 977 2694 1040 de
2724 977 2843 1038 hac
2887 994 3073 1057 poena
3094 980 3199 1058 jus
3231 998 3397 1042 com-

1839 1089 2029 1132 mune
2052 1090 2197 1134 non
2242 1071 2577 1148 hahemus3
2620 1071 2742 1132 erit
2786 1079 2995 1132 tamen
3050 1073 3252 1151 major
3300 1073 3400 1136 vel

1835 1167 2063 1241 minor,
2089 1166 2271 1244 juxta
2296 1167 2597 1244 majorem
2633 1163 2734 1226 vel
2768 1163 3075 1228 minorem
3118 1165 3398 1229 celerita-

1834 1267 1965 1320 tem
2018 1257 2085 1320 in
2134 1259 2553 1333 conversione,
2598 1262 2663 1318 et
2716 1257 2953 1336 majora
3000 1257 3099 1320 vel
3153 1258 3399 1320 minora

1835 1351 2215 1432 poenitentiae
2252 1353 2453 1430 signa.

1919 1446 2016 1508 15.
2068 1443 2384 1510 Secundus
2412 1463 2614 1510 casus.
2644 1480 2725 1494 --
2743 1443 3065 1507 Secundus
3086 1451 3281 1506 status
3306 1449 3401 1507 est

1835 1546 1974 1619 post
2000 1540 2253 1602 testium
2276 1540 2709 1620 depositiones,
2740 1545 2803 1602 et
2828 1545 2973 1602 ante
2996 1540 3392 1614 sententiam,

1837 1639 1899 1696 et
1941 1640 2091 1696 tunc
2137 1634 2327 1696 etiam
2372 1652 2589 1696 omnes
2638 1635 3019 1696 conveniunt
3065 1651 3194 1694 esse
3240 1633 3397 1695 reci-
3434 1616 3449 1635 ⁹

1838 1726 2135 1804 piendum
2162 1744 2367 1804 reum,
2402 1733 2465 1788 et
2492 1745 2741 1807 poenam
2788 1727 3007 1790 mortis
3037 1726 3103 1788 in
3144 1744 3396 1806 poenam

1836 1821 2117 1899 perpetui
2182 1821 2443 1882 carceris
2506 1839 2639 1881 esse
2701 1819 3245 1894 commutandam3
3308 1820 3399 1881 ita

1836 1913 2007 1974 enim
2031 1913 2448 1993 praescribitur
2468 1913 2535 1974 in
2552 1913 2599 1973 l.
2626 1911 2963 1984 Commissi,
2985 1911 3307 1987 Friderici,
3334 1919 3397 1974 et

1833 2005 2058 2070 clarius
2088 2006 2155 2068 in
2176 2024 2310 2087 cap.
2342 2005 2978 2081 Excmmum'camus,
2996 2009 3055 2079 2,
3092 2003 3129 2084 ἓ
3160 2004 3243 2069 Si
3268 2003 3395 2086 qui,

1837 2105 1900 2162 et
1921 2100 1989 2160 in
2026 2099 2193 2162 dicto
2218 2117 2352 2179 cap.
2396 2099 2479 2162 Ut
2504 2099 2799 2180 officium,
2832 2103 2896 2160 et
2934 2098 3001 2159 in
3024 2115 3162 2178 cap.
3206 2095 3398 2162 Aaou·

1835 2197 2031 2256 satur.
2064 2191 2273 2272 Aliqui
2303 2199 2507 2254 tamen
2532 2190 2823 2252 dubitant
2844 2209 2926 2250 an
2960 2189 3093 2252 haec
3116 2191 3397 2252 remissio

1835 2285 2077 2347 haheat.
2112 2285 2343 2358 locum,
2390 2284 2642 2364 quando
2696 2283 3019 2346 hoereticus
3061 2283 3234 2363 prius
3277 2283 3401 2346 fuit

1837 2378 2025 2439 nimis
2068 2379 2381 2457 pertinax,
2433 2384 2499 2439 et
2540 2395 2707 2456 saepe
2757 2381 3131 2456 protestatus
3174 2381 3267 2438 est
3316 2375 3397 2438 ab

1837 2471 2151 2533 erroribus
2177 2471 2304 2532 suis
2329 2489 2459 2533 non
2484 2489 2613 2532 esse
2644 2471 3077 2532 discessurum.
3104 2471 3195 2532 Ita
3218 2469 3399 2531 dubi-

1835 2569 1928 2624 tat
1978 2565 2185 2642 Rojas,
2228 2565 2297 2626 in
2350 2569 2673 2638 tractatu„-
2700 2566 2741 2625 2
2794 2569 2982 2642 part„
3018 2580 3195 2624 num.
3250 2565 3394 2626 374.

1835 2656 2250 2718 Nihilominus
2276 2657 2615 2732 Albericus,
2668 2662 2884 2736 quoest.
2933 2658 3036 2731 30,
3070 2674 3245 2717 num.
3293 2658 3395 2730 79,

1836 2750 2199 2830 simpliciter
2218 2751 2488 2812 affirmat
2512 2769 2643 2812 esse
2668 2749 3115 2830 recipiendum,
3146 2756 3210 2811 et
3242 2749 3399 2811 mihi

1836 2843 2081 2904 videtur
2139 2862 2355 2905 verum
2373 2890 2394 2920 ,
2446 2844 2721 2906 adhibita
2775 2842 3065 2924 prudenti
3118 2843 3400 2904 animad-

1838 2937 2125 2998 versione
2154 2936 2302 2999 dicti
2334 2955 2470 3016 cap.
2518 2939 2601 3002 Ut
2639 2937 2947 3016 Officium,
2980 2941 3053 2996 ut
3078 2934 3401 3016 providea-

1839 3035 1942 3092 tur
1977 3030 2231 3092 solerter
2262 3049 2343 3094 ne
2382 3031 2777 3092 fraudulenta
2816 3029 2897 3092 sit
2931 3029 3271 3092 conversio.
3290 3028 3399 3090 An

1837 3141 1987 3186 vero
2043 3124 2113 3184 in
2162 3141 2235 3186 eo
2294 3141 2437 3186 casu
2490 3122 2925 3200 degradandus
2972 3122 3055 3183 sit
3110 3121 3399 3196 clericus,

1839 3217 2202 3297 priusquam
2252 3216 2649 3290 immutetur,
2680 3220 2745 3276 et
2783 3234 2863 3277 an
2920 3213 3277 3276 immutatio
3322 3215 3403 3274 sit

1840 3311 2055 3372 eadem
2104 3328 2286 3389 poena
2314 3328 2459 3371 cum
2489 3326 2731 3370 carcere
2778 3314 3096 3388 perpetuo,
3134 3311 3403 3370 tractant

1839 3402 2223 3482 Eymericus,
2284 3405 2322 3464 3
2377 3408 2565 3480 part„
2610 3407 2824 3481 quaest.
2882 3403 2997 3478 943
3054 3405 3119 3462 et
3162 3400 3395 3476 Penna,

1841 3502 2174 3557 comment.
2204 3497 2321 3571 ως
2347 3495 2555 3556 Farin.
2585 3513 2794 3575 supra,
2824 3513 2887 3574 q.
2924 3495 3063 3567 166,
3090 3512 3261 3555 num.
3296 3493 3392 3555 13.

1923 3591 2023 3650 16.
2070 3589 2315 3652 Tertius
2348 3607 2546 3652 casus.
2568 3587 2902 3648 -Tertius
2922 3593 3118 3648 status
3144 3592 3236 3648 est
3263 3591 3401 3666 post

1836 3681 2027 3742 latam
2047 3671 2441 3756 sententiam,
2472 3685 2535 3742 et
2554 3686 2703 3740 tunc
2720 3685 2867 3740 sunt
2884 3678 3208 3758 opiniones
3234 3677 3401 3739 inter

1832 3773 1903 3851 ju
1911 3773 2108 3849 cistas,
2140 3779 2213 3834 ut
2228 3773 2439 3834 videre
2458 3773 2634 3834 estin
2651 3771 2929 3834 Farinac.
2948 3789 3158 3852 supra,
3176 3775 3393 3851 quoest.

1837 3867 1979 3936 193,
2030 3885 2069 3927 a
2094 3885 2269 3928 num.
2304 3867 2403 3928 56.
2440 3867 2597 3928 Nam
2626 3867 2898 3928 Simanc.
2954 3883 3140 3944 supra
3170 3870 3396 3941 negat;

1837 3959 2111 4022 admittit
2128 3967 2339 4022 tamen
2362 3959 2635 4038 aliquam
2658 3959 3085 4040 exceptionem
3114 3959 3207 4020 vel
3236 3957 3401 4018 arbi-

1837 4053 2069 4130 trium3
2098 4059 2161 4114 et
2211 4051 2473 4114 inclinat
2519 4054 2753 4127 Penna,
2784 4053 2951 4114 dicto
2988 4056 3394 4114 commentar.

1835 4147 1940 4222 46,
1970 4152 2037 4208 et
2077 4149 2117 4208 2
2144 4152 2332 4226 part„
2362 4151 2697 4208 comment.
2731 4147 2833 4220 36,
2860 4145 3187 4225 allegando
3215 4143 3391 4219 alios,

1836 4247 1899 4301 et
1931 4241 2199 4304 multum
2228 4239 2397 4302 iavet
2428 4257 2563 4320 cap.
2610 4239 2713 4304 Ad
2735 4241 3101 4313 abolendam,
3152 4245 3215 4300 et
3256 4257 3395 4319 cap.

1841 4331 1992 4398 Cum
2036 4333 2326 4411 officium.
2370 4332 2489 4394 Alii
2530 4351 2678 4394 vero
2727 4338 2943 4394 tenent
2994 4331 3395 4406 contrarium,

1835 4426 2045 4488 Glossa
2060 4427 2127 4486 in
2148 4426 2313 4486 dieto
2327 4443 2461 4504 cap.
2487 4426 3127 4500 Escommunioamu,
3144 4427 3206 4499 2,
3222 4424 3263 4506 ξ
3286 4423 3400 4490 Se-

1836 4521 1967 4601 qui,
1996 4537 2183 4598 quam
2216 4517 2399 4580 multi
2453 4519 2541 4579 ibi
2568 4525 2935 4598 sequuntur,
2961 4532 3024 4578 et
3049 4536 3123 4579 ex
3155 4519 3399 4582 miseri·

1837 4613 2046 4674 cordia
2072 4611 2206 4672 fieri
2234 4630 2408 4692 posse
2436 4612 2703 4674 affirmat
2729 4611 3108 4693 Eymericus,
3141 4614 3178 4673 3
3205 4617 3394 4690 part„

1835 4723 2012 4766 num.
2046 4707 2157 4766 201
2191 4727 2208 4779 3
2242 4711 2305 4766 et
2332 4705 2698 4784 VilladiegO,
2724 4711 2938 4785 quaest.
2969 4707 3045 4768 15
3056 4719 3077 4782 3
3101 4709 3163 4766 et
3188 4705 3395 4784 RojaS,

1833 4798 2135 4879 singular.
2166 4801 2267 4874 31,
2304 4801 2440 4862 154.
2484 4799 2601 4862 Sed
2624 4817 2837 4860 revera
2865 4799 3065 4878 prima
3091 4799 3303 4878 opinio
3330 4797 3397 4859 in

1833 4895 2037 4973 rigore
2067 4894 2227 4972 juris
2276 4894 2521 4954 videtur
2544 4893 2817 4956 solidior.
2851 4891 3265 4954 Nihilominus
3304 4899 3397 4954 ta-

1829 5003 1977 5048 men
2022 4987 2087 5046 in
2142 4987 2352 5066 aliquo
2381 5005 2522 5048 raro
2568 5003 2738 5060 casu,
2786 4992 2850 5046 et
2896 4991 3147 5065 propter
3178 5003 3398 5064 graves

1829 5080 2344 5156 circumstantias,
2376 5098 2502 5140 non
2549 5081 2795 5142 videtur
2825 5079 3265 5158 denegandum
3297 5081 3399 5157 ju-

1827 5173 2065 5235 dicibus
2094 5173 2359 5253 prudens
2385 5173 2736 5250 arbitrium,
2768 5174 2918 5252 quia
2944 5172 3033 5234 ita
3054 5170 3299 5251 expedit
3314 5169 3395 5232 ad

1825 5284 2158 5328 commuue
2183 5267 2442 5342 bonum,
2483 5283 2685 5347 neque
2714 5274 2808 5328 est
2848 5265 2951 5336 lex
2986 5281 3129 5345 quas
3186 5262 3399 5344 prohi-

1827 5357 1995 5433 beat,
2022 5358 2150 5418 imo
2178 5359 2367 5420 etiam
2388 5359 2457 5420 in
2490 5378 2611 5422 usu
2636 5361 2725 5420 ita
2740 5357 2975 5422 servari
3000 5357 3308 5420 existimo.

1909 5455 2007 5512 17.
2065 5450 2299 5516 mxima
2320 5453 2601 5527 assertio,
2626 5453 2694 5516 de
2720 5453 2868 5516 aliis
2887 5449 3084 5533 panis
3106 5456 3165 5516 st
3180 5455 3387 5514 morte.

1827 5546 2013 5610 —De
2056 5545 2265 5632 habitu
2286 5545 2715 5628 penitenciali.
2738 5577 2821 5592 --
2834 5545 3065 5612 Ultimo
3091 5551 3289 5626 potest
3314 5561 3393 5606 ex
