3900 6217
802 420 975 474 SECT.
1004 421 1091 474 ln.
1127 420 1209 473 AN
1242 420 1403 474 BEUS
1434 420 1552 482 SIT,
1586 418 1711 471 NON
1744 417 1949 471 soum
1985 420 2066 473 UT
2098 420 2440 485 navemus
2474 420 2611 473 E‘rc.

173 522 303 603 quod
324 524 527 583 vocant
570 520 978 600 incognitum,
1018 526 1091 583 ut
1114 527 1211 583 est
1250 522 1516 602 specieS,
1561 519 1662 581 vel

171 619 323 679 virtus
332 613 619 693 potentiae,
649 614 748 674 vel
778 614 1029 676 habitus
1052 616 1423 695 acquisitus;
1461 620 1523 676 et
1536 614 1661 675 tale

170 712 317 773 etiam
340 705 691 786 principium
716 712 813 769 est
850 708 1101 769 habitus
1126 709 1275 772 fidei
1302 727 1320 782 ;
1358 708 1661 769 motivum

168 808 332 865 autem
356 799 712 860 assentiendi
754 818 895 863 esse
918 802 1107 863 debet
1128 802 1407 864 medium
1454 801 1663 881 cogni-

169 906 299 967 tum3
324 910 471 967 uam,
496 897 567 953 nt
606 910 795 973 supra
826 895 1103 973 probavi,
1144 914 1275 957 non
1299 900 1507 974 potest
1531 910 1663 955 mo-

174 1006 287 1050 vere
308 984 653 1046 intellectum
706 986 787 1047 ad
816 1004 1166 1062 assensum,
1220 988 1341 1050 nisi
1384 988 1555 1067 quod
1580 987 1661 1047 ab

172 1083 253 1143 illo
275 1076 719 1158 apprehenditur
749 1088 813 1141 et
839 1084 1267 1163 cognoscitur:
1302 1100 1455 1161 ergo
1485 1080 1664 1143 habi-

168 1179 245 1234 tus
264 1172 343 1232 vel
360 1171 487 1249 ejus
512 1170 741 1233 infusio
774 1192 901 1235 non
930 1180 1137 1255 potest
1162 1194 1303 1238 esse
1332 1175 1658 1250 motivum,

166 1274 211 1329 et
232 1268 643 1343 consequenter
670 1284 791 1328 nec
818 1269 1135 1348 objectum
1160 1269 1448 1331 formale.
1478 1270 1663 1331 Deni-

162 1379 255 1440 que
278 1359 345 1419 ob
366 1360 517 1420 hanc
552 1360 866 1423 rationem
894 1363 1111 1425 dicunt
1151 1364 1475 1445 Theologi,
1517 1380 1663 1425 cum

160 1457 215 1517 Ι).
254 1454 457 1515 'rhama
490 1470 702 1533 supra,
760 1456 1209 1519 revelationem
1240 1459 1558 1537 propriam
1600 1460 1664 1519 et

164 1548 465 1627 objectivam
512 1564 776 1609 causare
818 1550 887 1609 in
934 1558 1149 1613 mente
1194 1551 1659 1625 certitudinem,

170 1660 249 1703 seu
268 1658 381 1702 esse
406 1639 819 1704 sufficientem
840 1643 923 1704 ad
948 1645 1071 1706 hoc
1097 1645 1175 1707 de
1200 1663 1291 1718 se,
1326 1646 1392 1705 in
1421 1662 1535 1706 suo
1562 1663 1665 1705 or-

170 1736 295 1807 dine,
331 1733 547 1796 scilicet
590 1735 657 1797 in
704 1738 947 1797 ratione
997 1739 1241 1811 motivi;
1298 1738 1657 1801 instinctum

167 1832 319 1889 autem
340 1844 441 1887 seu
458 1826 643 1889 aliam
662 1830 1009 1891 motionem
1032 1850 1109 1893 ex
1138 1838 1315 1911 parte
1334 1832 1653 1911 potentiae,

164 1940 217 1981 ex
237 1939 291 1979 se
310 1938 421 1981 non
440 1920 741 1984 inducere
762 1923 929 1984 hanc
952 1924 1411 1997 certitudinem,
1430 1930 1493 1985 et
1515 1924 1657 1985 ideo

160 2013 435 2075 seeundum
458 2014 665 2095 legem
694 2016 1073 2077 ordinariam
1102 2017 1423 2079 fallibilem
1469 2036 1607 2080 esse
1634 2036 1651 2091 ;

157 2108 306 2167 multo
342 2124 475 2186 ergo
516 2109 727 2189 magis
776 2110 911 2173 sola
950 2110 1180 2173 infusio
1212 2111 1466 2173 habitus
1517 2130 1655 2173 esse

156 2219 253 2261 non
286 2206 463 2279 potest
498 2202 821 2265 sufficiens
866 2204 1185 2265 internum
1226 2207 1527 2267 motivum
1574 2204 1657 2265 ad

157 2294 487 2355 credendum.
534 2296 610 2356 Et
654 2302 919 2376 propter
954 2296 1119 2357 hanc
1164 2316 1419 2359 causam
1470 2297 1655 2359 valde

160 2390 321 2445 errant
346 2385 515 2465 hujus
538 2388 849 2466 temporis
878 2388 1173 2461 haeretici,
1208 2389 1312 2467 qui
1343 2406 1561 2451 veram
1584 2388 1657 2449 fi-

164 2478 271 2537 dem
282 2496 311 2538 a
326 2478 461 2539 falsa
472 2497 583 2557 per
594 2479 887 2541 internos
902 2481 1227 2543 instinctus
1238 2482 1652 2562 distinguunt,

164 2572 207 2629 et
240 2587 719 2652 unumquemque
754 2573 973 2635 volunt
1010 2592 1149 2637 esse
1196 2575 1483 2655 regulam
1531 2592 1659 2635 suae

163 2662 289 2735 fidei,
332 2682 432 2743 per
470 2666 789 2727 internam
828 2667 1169 2729 motionem
1210 2685 1401 2746 quam
1448 2667 1655 2739 sentit,

166 2757 295 2836 quod
315 2763 393 2818 est
424 2756 549 2819 fere
576 2759 997 2821 seminarium
1036 2760 1317 2821 omnium
1346 2777 1656 2834 errorum,

170 2850 243 2909 eui
265 2850 441 2911 modus
464 2851 563 2912 ille
592 2852 853 2915 dicendi
874 2870 1089 2913 ansam
1118 2853 1393 2933 aliquam
1422 2852 1661 2933 praebe-

176 2961 229 3003 re
257 2952 433 3022 potest,
454 2952 507 3007 et
531 2945 683 3007 ideo
716 2946 1031 3009 cavendus
1057 2952 1173 3011 est.

242 3038 316 3097 10.
346 3038 611 3102 Probatur
654 3044 963 3119 praterea
995 3042 1153 3122 quod
1194 3058 1314 3104 uon
1341 3040 1427 3104 sit
1468 3040 1656 3119 objec-

174 3132 271 3189 tum
291 3131 509 3208 pai-tide
522 3177 539 3206 ‚
582 3134 1003 3215 impuynaudo
1052 3132 1287 3197 modum
1322 3132 1556 3197 dicendi
1590 3134 1658 3195 iu

169 3238 215 3279 n.
234 3225 521 3303 ,ta-Atque
556 3227 663 3287 hae
694 3226 969 3287 rationes
998 3244 1126 3288 non
1156 3226 1363 3289 minus
1396 3226 1659 3289 efficaci-

166 3319 234 3373 ter
248 3316 473 3393 probant.
496 3323 723 3381 contra
750 3320 1093 3381 secundam
1116 3320 1489 3383 sententiam
1510 3319 1657 3382 fidei

162 3406 323 3468 lumen
346 3430 457 3471 non
476 3414 801 3492 pertinere
829 3413 911 3475 ad
946 3414 1259 3493 objectum
1290 3414 1553 3475 formale
1584 3412 1659 3473 fi-

165 3498 248 3568 dei,
282 3504 447 3565 etiam
478 3506 867 3585 partialiter3
898 3507 1070 3587 quod
1118 3508 1253 3569 sine
1296 3507 1487 3568 dubio
1516 3523 1658 3567 sen-

161 3601 321 3657 serunt
361 3598 423 3657 D.
461 3600 737 3663 Thomas
781 3607 843 3662 et
887 3602 1123 3679 antiqui
1167 3600 1465 3680 theologi,
1510 3600 1659 3662 dum

161 3688 305 3748 solam
328 3692 763 3755 revelationem
804 3694 915 3755 Dei
962 3701 1207 3773 ponunt
1255 3713 1369 3774 pro
1416 3695 1659 3773 objecto

158 3778 363 3857 formali,
408 3786 755 3863 praesertim
803 3788 877 3848 D.
922 3788 1201 3849 Thomas
1253 3806 1465 3867 supra,
1512 3804 1658 3847 cum

156 3878 247 3934 tota
280 3876 397 3953 ejus
430 3879 667 3952 schola,
698 3886 761 3941 et
796 3880 1151 3943 Alexander
1188 3881 1427 3953 Mens„
1478 3882 1516 3941 3
1560 3900 1621 3959 p.
1630 3926 1651 3957 ,

156 3982 199 4042 q.
224 3969 316 4041 683
347 3970 569 4034 Albert.
606 3972 850 4053 Magn„
892 3974 963 4035 in
990 3975 1053 4047 3,
1099 3973 1241 4035 dist.
1291 3974 1393 4047 23,
1425 3980 1540 4034 art.
1573 3975 1647 4047 83

158 4064 201 4118 et
220 4060 283 4122 ihi
306 4063 577 4127 sichard.
631 4069 696 4126 et
744 4066 885 4139 alii3
938 4068 1137 4146 Vega,
1183 4065 1291 4127 lib.
1330 4068 1389 4141 9,
1434 4067 1495 4127 in
1522 4066 1653 4129 Tri·

161 4150 359 4229 dentin„
398 4176 531 4237 cap.
564 4162 685 4233 47;
726 4163 791 4221 et
826 4160 1213 4228 Bellarmin..
1252 4160 1412 4222 libro
1448 4162 1651 4240 primo

162 4243 213 4305 de
234 4247 487 4324 Jusufic„
518 4270 575 4313 c.
612 4256 643 4313 1
676 4272 693 4327 ;
747 4252 1051 4327 Valentia,
1096 4258 1251 4314 tom.
1288 4255 1348 4326 3,
1370 4252 1553 4332 ‘disp
1590 4258 1649 4327 1,

161 4354 199 4415 q.
220 4342 263 4409 1,
294 4350 491 4419 punct.
524 4348 583 4419 1,
612 4345 651 4426 ξ
678 4346 1151 4428 Dissio-immam,
1183 4364 1347 4408 vers.
1380 4347 1525 4407 Dico
1552 4366 1651 4409 se-

158 4432 325 4494 cundo.
352 4437 423 4497 Et
442 4438 747 4516 probatur
775 4458 853 4501 ex
886 4440 1089 4513 dictis,
1118 4457 1269 4499 nam
1296 4440 1453 4503 ratio
1486 4440 1651 4503 facta

154 4521 427 4589 ‹ie-motivo
460 4548 640 4610 aeqne
686 4526 911 4612 probat
951 4532 1030 4595 de
1070 4532 1316 4613 partiali
1348 4550 1421 4593 ac
1448 4534 1527 4607 de
1557 4538 1651 4595 to-

156 4615 231 4675 tali
250 4621 451 4683 motivo
465 4639 489 4701 3
534 4642 687 4704 ergo
736 4625 923 4687 etiam
952 4644 1133 4706 aeque
1165 4626 1389 4706 probat
1414 4625 1495 4687 de
1523 4626 1651 4687 for-

158 4709 264 4770 mali
285 4712 509 4793 objecto
532 4718 817 4797 partiali,
854 4720 1011 4781 sicut
1036 4720 1113 4781 de
1140 4720 1313 4781 totali
1348 4736 1363 4779 ε
1398 4738 1541 4781 nam
1568 4721 1649 4782 si·

153 4808 231 4862 cut
252 4810 422 4867 totum
468 4810 785 4890 objectum
828 4812 1091 4873 formale
1120 4831 1248 4873 non
1276 4819 1480 4892 potest
1510 4832 1649 4875 esse

160 4897 397 4960 motivum
416 4946 433 4973 ‚
490 4903 609 4965 nisi
661 4912 1204 4985 praecognoscatur
1258 4906 1479 4967 saltem
1536 4924 1651 4985 per

161 5000 469 5071 conceptum
504 4999 1025 5077 apprehensivum
1056 5006 1118 5061 et
1144 5000 1525 5061 ostensivum
1551 5019 1655 5061 ra-

164 5078 303 5144 tionis
326 5090 713 5167 assentiendi,
736 5092 821 5153 ita
850 5110 1055 5171 neque
1085 5092 1295 5171 aliqua
1314 5110 1460 5171 pars
1489 5093 1653 5153 illius

162 5170 339 5251 objecti
371 5185 569 5258 potest
599 5202 849 5245 movere
892 5185 1274 5247 intellectum
1314 5186 1395 5245 ad
1438 5204 1657 5247 assen-

160 5281 285 5341 sum,
300 5272 403 5333 nisi
420 5275 495 5337 sit
514 5276 737 5339 eodem
756 5278 943 5341 modo
962 5285 1423 5359 praeeoncepta3
1444 5287 1656 5341 osten-

163 5374 263 5460 sam
291 5368 373 5427 est
404 5372 608 5429 autem
648 5370 863 5431 lumen
912 5371 1077 5445 fidei,
1130 5372 1230 5434 vel
1278 5372 1653 5433 infusionem

164 5466 265 5527 elus
276 5473 382 5516 non
400 5463 837 5544 praecognoscit,
850 5471 961 5527 aut
978 5466 1217 5545 concipi
1238 5465 1319 5527 ab
1336 5465 1653 5527 intellectu

168 5546 444 5625 credentis;
500 5572 645 5635 ergo
701 5556 873 5619 nullo
922 5558 1107 5623 modo
1126 5604 1142 5635 ,
1191 5560 1393 5627 etiam,
1423 5558 1654 5639 partia-

422 5675 527 5727 111.

3225 418 3310 479 ⁴9

1744 519 1809 593 li,
1834 526 2046 599 potest
2067 521 2382 601 pertinere
2408 521 2489 582 ad
2509 522 2820 602 objectum
2851 520 3112 584 formale
3135 522 3305 584 fidei.

1822 617 1923 675 11.
1954 616 2030 675 Et
2059 614 2414 676 declaratur
2439 623 2502 678 et
2529 614 2936 677 confirmatur
2961 616 3148 677 variis
3177 636 3308 678 mo-

1740 704 1883 767 dis:
1946 707 2169 786 primo,
2233 708 2381 788 quia
2426 708 2529 770 vel
2576 724 2692 789 per
2743 708 2957 769 lumen
3019 708 3166 771 fidei
3215 709 3311 770 in·

1744 798 2042 881 telligitur
2077 800 2327 863 habitus
2351 846 2367 876 ,
2409 802 2512 863 vel
2565 800 2908 873 auxilium;
2943 799 3095 861 nihil
3139 802 3308 862 enim

1744 894 1914 955 aliud
1965 914 2112 957 cum
2167 896 2604 976 probabilitate
2660 896 2916 976 cogitari
2965 900 3172 975 potest
3231 914 3310 959 ex

1741 994 1919 1067 parte
1949 989 2242 1068 potentiae
2272 1006 2288 1049 z
2322 995 2618 1050 neutrum
2661 995 2873 1051 autem
2923 987 3042 1049 dici
3071 994 3303 1067 potest3

1743 1100 1915 1161 ergo.
1950 1083 2256 1145 Probatur
2277 1083 2486 1144 minor
2511 1084 2720 1162 quoad
2749 1084 3022 1163 priorem
3039 1088 3307 1162 partem,

1741 1176 1889 1255 quia
1922 1180 2070 1236 ante
2115 1176 2400 1237 habitum
2445 1182 2542 1238 est
2581 1178 2894 1257 integrum
2941 1176 3256 1256 objectum
3288 1222 3305 1250 ,

1742 1273 1805 1329 et
1843 1271 1972 1329 tota
2013 1268 2172 1331 ratio
2221 1269 2605 1331 assentiendi
2626 1292 2644 1345 ;
2681 1270 2862 1348 cujus
2899 1269 3148 1349 signum
3177 1288 3309 1329 ma-

1741 1360 2042 1423 nifestum
2065 1367 2178 1437 est,
2213 1362 2360 1440 quia
2385 1362 2661 1435 adultus,
2685 1366 2792 1442 qui
2823 1362 3024 1442 primo
3055 1380 3309 1425 conver·

1744 1454 1899 1516 titur
1926 1455 2010 1515 ad
2031 1454 2247 1529 fidem,
2269 1455 2445 1535 prius
2471 1462 2698 1517 natura
2718 1456 2954 1535 praebet
2979 1474 3308 1518 assensum

1742 1548 1891 1611 fidei
1936 1566 2128 1627 quam
2173 1549 2434 1629 recipiat
2468 1548 2774 1623 habitum,
2805 1556 2876 1611 ut
2923 1568 3000 1611 ex
3045 1552 3307 1613 materia

1747 1641 1827 1703 de
1867 1641 2068 1717 Grat.‚
2099 1642 2257 1703 libro
2292 1650 2534 1717 oetam,
2565 1662 2604 1703 a
2633 1647 2734 1705 c.l
2755 1648 2810 1719 t,
2843 1660 3168 1724 suppono;
3211 1664 3310 1707 er·-

1744 1754 1825 1816 go
1858 1742 2060 1797 totum
2107 1736 2408 1797 motivum
2455 1736 2625 1809 fidei,
2681 1744 2744 1799 et
2789 1740 2920 1799 tota
2965 1740 3122 1800 ratio
3171 1758 3308 1801 cre·

1740 1830 1954 1903 dendi‚
1993 1830 2290 1908 praeeedit
2317 1831 2396 1891 ad
2424 1830 2797 1893 infusionem
2827 1832 3078 1895 habitus
3105 1852 3121 1907 ;
3153 1851 3306 1915 ergo

1740 1924 1994 1985 habitus
2025 1924 2196 1985 nullo
2238 1924 2428 1985 modo
2479 1925 2795 1986 constituit
2837 1924 3150 2005 objectum
3181 1927 3308 1988 for-

1744 2017 1913 2078 male
1959 2016 2130 2078 fidei.
2165 2018 2378 2079 Altera
2407 2035 2558 2079 vero
2589 2035 2736 2097 pars
2773 2017 2854 2079 de
2883 2018 3113 2082 auxilio
3162 2038 3308 2100 pro·

1735 2110 1941 2183 batur,
1974 2110 2120 2189 quia
2147 2111 2272 2172 tale
2301 2111 2626 2179 auxilium,
2671 2116 2861 2190 prout
2898 2112 3196 2193 recipitur
3239 2114 3305 2175 in

1734 2202 2014 2275 homine,
2055 2220 2186 2264 non
2225 2209 2320 2265 est
2357 2204 2594 2283 aliquid
2641 2203 3002 2267 distinctum
3047 2207 3132 2267 ab
3167 2207 3304 2286 ipso

1738 2301 1881 2357 actu
1918 2312 2032 2357 seu
2077 2295 2488 2375 productione
2531 2297 2692 2376 ejus,
2732 2304 3042 2377 quatenus
3085 2316 3124 2359 a
3173 2301 3304 2361 Deo

1742 2394 1877 2461 est;
1912 2388 2026 2450 sed
2051 2406 2178 2449 non
2221 2394 2429 2469 potest
2477 2396 2654 2451 actus
2681 2391 3056 2457 constituere
3089 2392 3306 2471 objec-

1738 2488 1874 2543 tum
1900 2500 2108 2556 suum,
2145 2482 2270 2543 imo
2311 2483 2500 2545 etiam
2521 2483 2816 2561 supponit
2847 2482 3025 2558 illud,
3049 2490 3112 2545 et
3137 2485 3306 2547 idem

1741 2582 1839 2637 est
1882 2576 1963 2637 de
2013 2576 2246 2637 auxilio
2291 2595 2406 2637 seu
2461 2572 2874 2656 productione
2927 2577 3064 2656 ejus
3093 2622 3109 2649 ,
3159 2578 3306 2657 quia

1738 2672 1907 2731 Deus
1946 2688 2077 2730 non
2129 2670 2334 2731 elevat
2387 2669 2731 2749 potent-iam
2789 2668 2870 2730 ad
2922 2670 3307 2732 credendum

1742 2769 1885 2825 actu
1934 2764 2418 2843 supernaturali,
2455 2763 2574 2823 nisi
2619 2768 2996 2842 praesentato
3035 2763 3304 2842 objecto,

1740 2856 1911 2935 quod
1940 2856 2138 2936 possit
2168 2856 2551 2917 sufficienter
2578 2872 2828 2917 movere
2857 2857 3194 2935 potentiam
3223 2856 3304 2918 ad

1742 2950 1831 3013 sic
1862 2950 2247 3013 credendum
2277 2970 2294 3025 3
2337 2968 2512 3031 ergo,
2537 2954 2654 3011 etc.
2691 2948 2870 3011 Unde
2900 2956 3308 3029 argumentor

1739 3044 2042 3117 secundo,
2099 3043 2248 3123 quia
2297 3043 2512 3105 lumen
2554 3041 2747 3114 fidei,
2795 3042 2966 3122 quod
3017 3062 3083 3104 se
3131 3050 3304 3105 tenet

1740 3154 1817 3198 ex
1876 3142 2054 3215 parte
2097 3136 2416 3217 potentiae,
2454 3135 2610 3197 nihil
2653 3134 2892 3195 confert
2933 3136 3198 3216 objecto,
3239 3143 3304 3198 ut

1736 3228 1889 3290 illud
1910 3230 2268 3302 constituat,
2303 3230 2493 3291 etiam
2520 3227 2886 3307 partialiter,
2918 3230 2983 3289 in
3011 3248 3150 3290 esse
3175 3250 3306 3292 cre·

1738 3323 1943 3384 dibilis
1974 3343 1990 3397 ;
2025 3323 2170 3403 quia
2210 3342 2336 3385 non
2389 3323 2698 3384 illuminat
2741 3322 3083 3385 formaliter
3121 3324 3300 3399 illud,

1740 3416 1853 3479 sed
1900 3422 2144 3477 tantum
2200 3415 2508 3477 confortat
2561 3421 2622 3476 et
2669 3416 2870 3477 elevat
2915 3418 3298 3496 potentiam;

1742 3526 1893 3587 ergo
1934 3526 2064 3569 non
2115 3506 2432 3569 constituit
2485 3506 2798 3587 objectum
2848 3506 3131 3582 formale,
3174 3528 3300 3569 non

1743 3602 1910 3661 enim
1940 3600 2126 3663 datur
2169 3606 2240 3661 ut
2267 3599 2488 3661 reddat
2516 3600 2830 3679 objectum
2869 3602 3303 3679 proportiona-
3379 3642 3390 3655 .

1740 3698 1875 3753 tum
1918 3693 2108 3767 fidei,
2153 3712 2264 3755 seu
2325 3693 2582 3773 dignum
2630 3694 2778 3768 fide,
2822 3692 2936 3754 sed
2985 3696 3190 3773 potius
3232 3700 3303 3756 ut

1738 3786 1964 3848 reddat
2017 3787 2360 3866 potentiam
2431 3785 2966 3865 proportionatam
3023 3788 3106 3848 ad
3163 3795 3302 3849 ten-

1738 3879 2016 3941 dendum
2061 3880 2124 3940 in
2177 3880 2494 3959 objectum
2547 3878 2704 3941 adeo
2743 3878 3096 3953 excellens,
3143 3879 3302 3941 sicut

1734 3972 2006 4035 diximus
2025 3973 2088 4033 in
2106 3972 2368 4035 materia
2392 3971 2470 4033 de
2491 3971 2701 4033 Gratia
2725 3977 2770 4044 ¹,
2790 3978 2998 4033 actum
3017 3990 3144 4033 non
3161 3990 3298 4035 esse

1734 4066 2282 4144 supernaturalem
2321 4112 2337 4140 ,
2386 4065 2731 4127 formaliter
2765 4064 3104 4143 loquendo,
3151 4066 3300 4145 quia

1732 4160 2014 4239 proc-edit
2059 4160 2140 4220 ab
2168 4159 2408 4231 habitu,
2445 4158 2592 4219 licet
2619 4158 2833 4219 abillo
2879 4158 3178 4238 procedat
3215 4158 3300 4221 ef·

1732 4252 1980 4325 fective,
2015 4252 2128 4314 sed
2173 4252 2382 4332 potius
2427 4251 2710 4312 habitum
2757 4251 3298 4331 supernaturalem

1732 4345 1998 4419 infundi,
2035 4346 2182 4424 quia
2221 4351 2396 4406 actus
2427 4350 2520 4405 est
2559 4344 3087 4421 supernaturalisg
3121 4350 3300 4405 actus

1728 4457 1881 4501 vero
1916 4438 2412 4519 supernaturalis
2464 4443 2580 4509 est,
2629 4436 2776 4514 quia
2827 4436 2990 4497 circa
3033 4435 3158 4497 tale
3192 4437 3299 4496 ob·

1723 4533 1966 4612 jectum
1994 4536 2321 4603 versatum
2357 4546 2508 4610 ergo
2552 4529 2906 4591 constitutio
2946 4529 3179 4607 objecti·
3201 4532 3298 4591 est

1728 4627 1901 4707 prior
1928 4644 2120 4705 quam
2143 4631 2343 4698 actus,
2366 4624 2466 4685 vel
2499 4622 2748 4685 habitus
2775 4640 2790 4695 ;
2819 4625 2881 4683 et
2910 4640 3297 4701 consequen·

1728 4726 1826 4783 ter
1865 4722 2038 4781 nullo
2071 4720 2262 4780 modo
2298 4725 2392 4779 est
2420 4718 2500 4779 ab
2529 4717 2648 4778 illis
2675 4716 3040 4777 formaliter.
3059 4717 3292 4786 Tertio,

1730 4814 1831 4875 hie
1850 4814 2043 4875 habet
2067 4812 2276 4873 locum
2305 4812 2485 4881 ratio,
2519 4827 2710 4888 quam
2740 4810 2804 4869 in
2836 4810 3108 4871 sectione
3138 4826 3295 4889 prae·

1730 4906 1977 4969 cedenti
2031 4914 2296 4967 numero
2361 4903 2590 4982 primo,
2639 4902 3112 4981 objiciebanius,
3149 4902 3296 4981 quia

1735 5000 2051 5079 objectum
2071 4998 2344 5059 scientiae
2361 5014 2491 5057 non
2519 5001 2726 5075 potest
2749 4995 3052 5056 constitui
3065 4996 3128 5055 in
3157 5012 3296 5055 esse

1736 5092 1965 5153 scibilis
2018 5091 2324 5169 objective
2377 5088 2458 5149 ab
2509 5090 2646 5167 ipso
2703 5095 2845 5149 actu
2891 5087 3183 5162 scientiae,
3233 5092 3296 5148 et

1734 5184 1903 5245 idem
1944 5185 2222 5247 diximus.
2261 5200 2398 5243 esse
2439 5180 2520 5242 de
2569 5181 2786 5241 habitu
2825 5180 2971 5241 fidei
2999 5184 3294 5257 respectu

1732 5279 1961 5358 obJ'ecti
1983 5276 2318 5350 credibilis,
2351 5276 2496 5353 quia
2525 5274 3016 5335 committeretur
3037 5270 3294 5331 vitiosus

1736 5371 2027 5443 circuluS,
2057 5376 2118 5431 et
2152 5369 2318 5431 idem
2363 5367 2614 5429 tandem
2646 5364 3108 5445 specificaretur
3155 5382 3194 5423 a
3227 5382 3296 5425 se

1818 5563 1835 5597 ¹
1889 5554 2376 5637 Videripotestl.
2411 5554 2472 5629 3,
2496 5572 2550 5615 c.
2584 5554 2645 5625 5,
2675 5551 2804 5614 etl.
2840 5554 2900 5625 1,
2930 5569 2984 5612 c.
3020 5551 3117 5622 13,
3141 5568 3206 5611 n.
3231 5551 3292 5613 5.

2937 5660 2978 5723 ⁴
