3900 6217
799 412 972 467 SECT.
1005 413 1045 465 1.
1079 410 1166 465 AN
1197 409 1357 465 DEUS
1387 408 1508 465 SUB
1537 408 1808 465 RATIONE
1839 410 2127 467 nssl‘rssls
2158 414 2259 467 sl‘r
2288 414 2621 481 omsc'rtm,
2654 417 2791 470 E‘rc.

185 530 340 593 ergo.
369 514 538 576 Item
587 512 654 575 in
679 512 808 575 vita
847 512 1034 575 beata
1060 513 1228 577 Deus
1267 517 1363 573 est
1379 510 1748 591 primarium

185 606 494 685 objectum
516 626 534 682 ;
576 624 730 687 ergo
758 606 946 669 etiam
975 604 1040 667 in
1066 604 1218 680 fide,
1248 604 1396 685 quia
1421 606 1576 665 visio
1599 603 1744 666 fidei

183 700 490 773 succedit;
521 700 716 776 unde,
756 701 942 764 Joan.
975 702 1074 774 17,
1127 700 1212 761 ait
1241 699 1555 761 Christus:
1591 699 1750 761 Hoeo

183 800 260 857 est
285 792 418 857 vita
457 798 708 869 coma,
741 800 814 856 ut
842 796 1198 877 coqnosoam
1234 798 1291 855 to
1328 792 1524 855 solum
1558 792 1751 854 Deum

179 904 394 957 em,
427 892 494 950 et
518 904 692 969 quem
716 887 951 950 misisti
972 886 1184 949 Jeeum
1214 882 1547 958 Chr-istm,
1580 883 1752 963 quod

180 984 300 1039 tam
321 978 404 1041 de
433 980 642 1059 patria
663 996 856 1060 quam
885 978 966 1040 de
993 978 1092 1039 via
1121 978 1336 1039 Patres
1369 976 1744 1057 intelligunt.

178 1071 452 1134 Tandem
495 1071 715 1133 lumen
755 1071 907 1135 fidei
936 1077 1031 1133 est
1055 1070 1344 1151 quaedam
1380 1074 1750 1151 supernatu-

177 1167 314 1227 ralis
360 1165 760 1247 participatio
819 1165 1013 1227 divini
1059 1164 1312 1227 luminis
1335 1186 1355 1240 ;
1411 1164 1526 1226 sed
1579 1164 1750 1226 Deus

177 1262 302 1340 ipse
361 1266 464 1322 est
501 1259 876 1339 primarium
921 1260 1236 1338 objectum
1267 1257 1460 1319 divini
1495 1258 1750 1319 luminis

175 1372 281 1435 per
308 1353 684 1431 essentiam,
719 1358 784 1413 et
812 1352 1004 1415 creati
1025 1352 1277 1413 luminis
1307 1350 1560 1433 gloriae3
1596 1367 1748 1430 ergo

177 1448 356 1507 etiam
404 1446 665 1508 luminis
714 1445 885 1507 fidei.
937 1444 1144 1517 Quaeri
1179 1450 1391 1507 autem
1419 1449 1623 1525 potest
1664 1462 1749 1505 an

175 1540 286 1601 hoc
303 1541 384 1601 sit
403 1559 487 1602 ex
516 1540 860 1601 intrinseca
874 1544 1102 1601 natura
1123 1538 1265 1601 talis
1291 1537 1630 1619 qualitatiS,
1648 1537 1750 1599 vel

177 1653 248 1695 ex
270 1634 670 1695 ordinatione
697 1632 944 1709 divina3
975 1632 1096 1695 hoc
1123 1638 1334 1695 tamen
1353 1630 1544 1712 paulo
1589 1627 1750 1693 infe-

175 1730 294 1790 rius
315 1728 551 1791 melius
571 1734 943 1808 exponetur.

247 1824 302 1885 3.
353 1821 594 1887 Contra
599 1822 954 1903 proximam
987 1823 1374 1885 assertionem
1396 1820 1584 1887 sentit
1620 1821 1750 1885 Du-

175 1918 417 1979 raudus.
451 1947 541 1962 —
563 1916 735 1997 Ejus
758 1916 1214 1995 fundamentum
1238 1912 1616 1999 improbatur
1640 1916 1752 1979 du·-

167 2011 423 2093 pliciter.
443 2009 776 2071 —Gontra
799 2008 964 2069 hanc
991 2026 1138 2071 vero
1167 2008 1580 2069 assertionem
1607 2025 1752 2069 sen-

176 2104 244 2165 sit
262 2102 632 2177 Dux-andus,
659 2106 878 2181 quaest.
913 2103 951 2163 5
982 2100 1255 2183 prolog„
1286 2099 1506 2163 dicens
1538 2107 1752 2163 actum

177 2196 562 2257 meritorium
621 2213 762 2257 esse
808 2192 1152 2275 principale
1203 2195 1517 2273 objectum
1555 2194 1754 2257 Theo·

169 2290 334 2369 logiae
365 2310 382 2361 ;
433 2288 832 2369 explicuerat
884 2289 1096 2349 autem
1165 2305 1279 2367 per
1335 2286 1751 2369 Theologiam

167 2384 512 2463 intelligere
545 2382 762 2444 fidem.
809 2378 1156 2455 Fundetur,
1199 2382 1346 2463 quia
1371 2381 1582 2443 omnia
1606 2398 1748 2460 quae

166 2478 226 2538 in
269 2476 604 2555 Scriptura
637 2476 994 2546 traduntur,
1036 2474 1404 2537 ordinantur
1443 2476 1524 2537 ad
1561 2474 1752 2537 meri·-

163 2580 288 2633 tum
315 2570 550 2651 gloriae
599 2570 674 2631 in
701 2571 821 2631 hac
860 2569 988 2631 vita
1031 2569 1462 2631 obtinendum.
1497 2568 1624 2632 Sed
1655 2575 1752 2631 est

161 2662 608 2745 improbabilis
633 2662 872 2742 opini0,
904 2662 969 2726 in
996 2680 1120 2742 qua
1141 2661 1276 2744 ipse
1303 2681 1430 2723 non
1459 2661 1747 2743 perstitit,

170 2778 312 2819 nam
349 2758 420 2819 in
476 2758 548 2828 3,
589 2754 866 2818 distinct.
922 2758 1025 2830 24,
1073 2760 1289 2835 quaest.
1341 2760 1402 2829 1,
1452 2773 1628 2816 num.
1687 2758 1746 2827 7,

171 2850 348 2913 docet
369 2850 852 2912 conclusionem
879 2856 1190 2923 nostram;
1222 2855 1286 2911 et
1311 2854 1754 2929 argumentum

187 2946 322 3025 eius
369 2944 598 3005 nullius
631 2948 732 3005 est
767 2942 1092 3017 momenti,
1145 2948 1207 3005 et
1256 2942 1480 3023 probat
1507 2950 1754 3004 contra—

197 3038 372 3109 rium,
409 3035 550 3117 quia
588 3036 894 3097 meritum
920 3036 1127 3116 ipsum
1154 3034 1476 3097 ordinatur
1508 3033 1590 3098 ad
1619 3036 1756 3115 glo-

185 3134 354 3201 riam,
401 3137 462 3193 et
499 3130 712 3210 gloria
740 3132 954 3192 creata
991 3128 1074 3191 ad
1109 3130 1311 3191 Deum
1355 3130 1584 3210 ipsum.
1617 3128 1754 3191 Alia

175 3226 354 3285 etiam
393 3222 476 3285 de
530 3240 756 3297 causa,
809 3224 1088 3285 cavenda
1135 3228 1230 3285 est
1271 3224 1408 3285 haec
1445 3224 1754 3307 sententia

171 3318 468 3393 Dur-andi,
504 3316 773 3393 scilicet,
821 3317 968 3396 quia
1019 3316 1387 3379 affinitatem
1414 3318 1756 3399 quamdam

169 3413 358 3473 habet
396 3428 555 3473 enm
603 3409 915 3473 sententia
943 3408 1296 3483 Chemnitii,
1329 3417 1392 3473 et
1425 3412 1774 3473 boeretico-.

167 3524 306 3567 rum
351 3506 558 3585 hujus
603 3498 931 3583 temporis,
983 3503 1090 3583 qui
1139 3503 1357 3565 dicunt
1407 3504 1754 3585 principale

171 3600 494 3679 objectum
555 3596 707 3660 fidei
756 3616 896 3661 esse
960 3598 1441 3677 promissionem
1491 3598 1604 3661 Dei
1673 3598 1754 3661 de

168 3702 390 3755 nostra
415 3693 690 3771 justitia,
735 3698 796 3753 et
819 3692 1188 3755 remissione
1211 3698 1613 3771 peccatorum
1641 3710 1758 3773 per

169 3786 520 3861 Christum,
551 3787 664 3866 qui
697 3785 970 3847 maxime
994 3792 1202 3847 errant
1229 3784 1381 3847 dum
1415 3786 1756 3865 loquuntur

161 3881 248 3941 de
279 3880 414 3941 hae
459 3879 902 3959 promissione,
947 3884 1017 3939 ut
1047 3879 1356 3955 absoluta,
1415 3886 1479 3941 et
1512 3879 1758 3945 unicui·

165 3993 292 4054 que
325 3973 622 4035 eredenti
644 3972 711 4033 in
735 3971 1094 4053 particulari
1120 3972 1306 4048 facta,
1331 3973 1502 4053 quod
1525 3972 1755 4036 falsum

185 4074 288 4135 est,
353 4072 430 4129 et
453 4065 848 4139 haereticum‚
897 4072 966 4129 ut
994 4065 1177 4128 docet
1204 4066 1660 4143 Tridentinum,
1693 4073 1758 4130 et

183 4162 300 4221 dixi
321 4161 464 4221 late
518 4160 586 4220 in
628 4160 890 4221 materia
939 4159 1017 4220 de
1045 4158 1278 4237 Gratia,
1309 4160 1416 4222 lib.
1449 4160 1511 4234 8,
1547 4178 1586 4221 a
1613 4179 1752 4241 cap.

183 4257 270 4317 15.
323 4255 814 4326 Verumtamen,
868 4252 1112 4315 etiamsi
1140 4253 1218 4313 sit
1251 4268 1460 4315 sermo
1503 4252 1586 4315 de
1615 4272 1759 4333 pro-

181 4351 490 4410 missione
537 4346 842 4427 generati,
893 4350 955 4409 et
981 4346 1100 4409 sub
1138 4346 1496 4409 conditione
1518 4346 1754 4423 debita,

181 4456 316 4518 quae
379 4456 616 4501 revera
667 4442 762 4501 est
814 4457 1014 4501 unum
1071 4458 1149 4502 ex
1197 4438 1528 4503 credendis
1555 4485 1572 4515 ‚
1628 4458 1759 4503 non

181 4539 386 4612 potest
433 4536 652 4596 tamen
705 4532 824 4595 dici
849 4533 1215 4615 primarium
1247 4532 1600 4614 subjectum
1623 4552 1759 4596 ma-

179 4629 444 4701 teriale;
487 4644 639 4688 nam
687 4628 823 4689 haec
887 4627 1022 4707 ipsa
1060 4627 1392 4707 promissio
1435 4628 1517 4689 ad
1560 4627 1760 4690 Deum

183 4720 538 4794 ordinatur,
571 4725 636 4781 et
673 4720 758 4781 ita
786 4720 1055 4801 pertinet
1093 4720 1175 4782 ad
1214 4720 1587 4783 secundaria
1626 4738 1763 4783 cre-

183 4812 429 4876 dibilia.

251 4912 314 4971 4.
369 4906 610 4974 Contra
645 4910 904 4973 eamdem
944 4908 1336 4975 assertionem
1391 4908 1632 4989 objectio
1690 4926 1763 4973 eto

183 5000 580 5066 Tridentino.
600 5034 683 5047 —
703 5002 1056 5085 Responsio.
1090 5036 1168 5048 -——
1201 5000 1326 5064 Sed
1383 5000 1567 5079 oinci
1620 5019 1762 5082 pos-

183 5103 322 5157 sunt
361 5096 669 5176 quaedam
699 5096 890 5157 verba
921 5094 1174 5159 concilii
1201 5094 1568 5169 Tridentini,
1603 5112 1758 5156 sess,

181 5190 238 5264 6,
269 5208 422 5270 cap.
455 5192 516 5265 6,
549 5188 684 5262 nbi,
720 5188 1032 5271 explicans
1055 5187 1204 5268 quid
1231 5188 1309 5249 sit
1335 5188 1762 5249 necessarium

181 5284 449 5345 eredere
475 5282 564 5343 ad
583 5280 1116 5363 justificationem,
1168 5280 1294 5342 ait:
1328 5282 1422 5345 Et
1453 5282 1761 5365 imprimis

183 5376 376 5439 Deum
427 5394 556 5459 per
589 5376 863 5459 qratiam
913 5393 1091 5440 suam
1153 5373 1459 5439 remittere
1515 5380 1764 5457 peecata

183 5478 434 5553 propter
485 5468 842 5543 Chi-istem,-
889 5486 1040 5551 ergo
1067 5468 1189 5530 hoc
1237 5468 1414 5549 ponit
1457 5472 1762 5547 tanquam

189 5565 558 5641 primm-ium
583 5563 944 5643 subjeetum
969 5560 1118 5625 fidei
1139 5558 1558 5643 justificantis.
1609 5562 1762 5621 Res·

1829 512 2143 591 pendetur
2168 519 2382 577 tamen
2406 514 2614 592 facile,
2637 516 2809 597 prius
2836 519 3212 599 praemIttere
3238 524 3401 587 Con-

1831 604 2043 668 cilium
2064 606 2168 667 illa
2196 608 2386 670 verba
2411 626 2425 669 ε
2454 608 2883 691 Dis-ponuntur
2896 615 3097 677 autem
3118 616 3403 695 adjusti-

1829 698 1980 763 tiam
2004 700 2144 763 dum
2164 700 2413 764 eoeoitati
2436 700 2643 765 divina
2658 703 2887 783 qratia,
2905 704 3171 780 fidentem
3186 710 3400 773 auditu

1830 790 2243 873 concipientes,
2280 792 2459 857 libere
2485 798 2798 858 moventur
2824 796 2893 858 in
2916 798 3129 874 Deum,
3161 802 3402 865 ereden-

1829 890 1918 948 tes
1963 902 2097 965 φιτ
2117 885 2385 949 revelata
2424 892 2569 949 mut
2581 912 2609 962 ,·
2640 887 2915 966 primum
2968 908 3121 971 ergo
3157 898 3399 955 motum

1827 978 2005 1057 ponit
2026 978 2094 1038 in
2116 978 2317 1040 Deum
2335 985 2637 1059 tanquam
2658 981 3021 1061 primarium
3040 986 3141 1063 obj
3151 992 3357 1049 ectum
3376 1008 3393 1063 ;

1828 1071 1894 1132 in
1921 1070 2056 1133 aliis
2085 1077 2297 1135 autem
2326 1073 2675 1151 subjunctis
2706 1074 2913 1137 verbis
2942 1076 3221 1141 declarat
3246 1097 3401 1159 quo-

1829 1165 2020 1226 modo
2046 1166 2417 1246 applicanda
2447 1167 2524 1229 sit
2546 1167 2653 1229 illa
2674 1167 2833 1230 fides
2862 1170 2944 1231 ad
2965 1172 3397 1250 poenitentiam

1829 1258 2307 1339 concipiendam
2336 1278 2480 1322 cum
2538 1261 2749 1324 debita
2802 1262 3055 1339 fiducia,
3098 1266 3181 1327 ad
3230 1268 3401 1347 quod

1829 1350 2135 1431 imprimis
2154 1355 2335 1430 juvat
2360 1354 2775 1419 consideratio
2805 1356 2919 1419 Dei
2945 1374 3063 1436 per
3086 1358 3303 1434 fidem,
3333 1366 3401 1423 ut

1826 1445 2199 1508 remittentis
2227 1453 2507 1526 peccata,
2531 1448 2597 1510 in
2638 1466 2765 1529 quo
2796 1449 2986 1511 etiam
3036 1470 3163 1512 non
3192 1453 3403 1517 exclu-

1827 1536 1995 1599 ditur
2022 1538 2173 1618 quin
2224 1540 2393 1601 Deus
2420 1540 2556 1621 ipse
2584 1542 2662 1603 sit
2690 1542 3060 1622 primarium
3084 1545 3400 1623 objectum

1828 1630 1993 1693 circa
2016 1631 2190 1709 quod
2226 1639 2512 1695 versatur
2552 1634 2660 1695 illa
2694 1634 2875 1709 fideS‚
2907 1635 3018 1696 sed
3062 1638 3265 1701 solum
3290 1656 3405 1720 per

1825 1722 1997 1785 illam
2042 1725 2315 1788 creditur
2366 1726 2447 1787 de
2492 1728 2623 1788 Deo
2676 1728 2933 1808 aliquod
2990 1731 3400 1809 praedicatum

1829 1820 2291 1893 secundarium,
2324 1825 2395 1883 ut
2415 1840 2553 1884 esse
2581 1822 3080 1901 justificatorem,
3124 1827 3295 1904 quod
3335 1828 3401 1889 in

1831 1912 2177 1974 assertione
2202 1914 2492 1993 sequenti
2522 1915 2725 1995 magis
2750 1916 3181 1994 explicabitur.

1912 2007 1973 2067 ὅ.
2017 2005 2230 2071 Tertia
2255 2007 2511 2071 assertio
2564 2009 2914 2073 eommunis.
2947 2040 3031 2059 -·
3050 2010 3201 2073 Dico
3244 2028 3397 2093 ergo

1830 2100 2047 2162 tertio:
2080 2102 2267 2175 Deus,
2310 2100 2660 2165 secundum
2702 2103 3053 2165 absolutam
3094 2106 3401 2167 rationem

1833 2194 2091 2257 Deitatis
2134 2202 2197 2257 et
2226 2196 2513 2257 essentias
2554 2214 2706 2271 suoe,
2742 2204 2847 2270 ,est
2882 2198 3249 2278 primarium
3290 2199 3404 2261 ob-

1823 2286 2063 2366 jectum
2092 2287 2261 2351 fidei.
2294 2290 2464 2364 Haec,
2494 2296 2565 2349 ut
2589 2290 2896 2365 existimo,
2926 2298 3023 2354 est
3052 2291 3401 2355 communis

1831 2382 2139 2443 sententia
2181 2381 2642 2462 Theologorum
2662 2428 2679 2457 ,
2719 2382 2845 2445 divi
2872 2384 3125 2447 Thomae
3177 2384 3301 2459 hie,
3338 2391 3402 2447 et

1831 2478 1861 2536 1
1892 2494 1985 2556 p.,
2018 2494 2080 2555 q.
2114 2477 2176 2551 1,
2212 2481 2329 2537 art.
2364 2476 2423 2551 7,
2454 2482 2519 2537 et
2548 2494 2612 2555 q.
2646 2478 2725 2539 14
2744 2478 2827 2539 de
2854 2478 3075 2553 verit„
3106 2483 3224 2541 art.
3251 2482 3312 2553 8,
3338 2484 3402 2541 et

1829 2568 1896 2627 in
1937 2570 1997 2641 3,
2052 2568 2193 2629 dist.
2250 2569 2353 2643 24,
2396 2575 2515 2631 art.
2554 2573 2628 2645 1;
2668 2575 2731 2633 et
2754 2568 2921 2633 idem
2966 2574 3143 2634 tenet
3174 2573 3401 2636 Scotus

1831 2660 1973 2723 dist.
2032 2662 2134 2734 23,
2189 2668 2409 2741 quaest.
2439 2663 2646 2737 unic.;
2689 2662 3046 2737 Durandu8‚
3098 2664 3244 2728 dist.
3294 2668 3397 2740 24,

1833 2760 2055 2833 quaest.
2086 2759 2113 2816 1
2139 2773 2156 2828 ;
2187 2755 2549 2835 Capreolus,
2568 2761 2783 2836 quaest.
2803 2758 2844 2817 4
2868 2756 3143 2836 Prolog„
3174 2763 3292 2821 art.
3322 2760 3395 2831 Ως

1833 2848 2127 2910 Albertus
2158 2854 2221 2909 et
2249 2849 2375 2924 alii,
2408 2849 2474 2909 in
2495 2850 2556 2921 3,
2582 2849 2851 2912 distinct.
2870 2852 2950 2913 23
2971 2870 2988 2926 3
3013 2851 3184 2913 idem
3212 2852 3405 2914 sentit
3460 2878 3463 2883 ·

1829 2940 2061 3003 Marsil.
2076 2986 2093 3015 ‚
2114 2941 2238 3003 in-1
2247 2988 2268 3019 ,
2302 2961 2363 3022 q.
2383 2944 2447 3019 2,
2473 2942 2583 3003 ubi
2605 2942 2798 3005 refert
2814 2944 3019 3007 varias
3034 2944 3361 3025 opiniones
3380 2963 3397 3018 ;

1833 3038 2011 3094 tenet
2042 3032 2229 3094 etiam
2260 3034 2538 3111 Henric„
2570 3034 2855 3107 Quodlib.
2888 3038 2991 3112 42,
3018 3056 3081 3117 q.
3116 3042 3188 3111 13
3220 3038 3395 3099 Alex.

1834 3127 2048 3189 Alens.
2084 3129 2121 3189 3
2148 3146 2239 3209 p.,
2274 3146 2337 3209 q.
2371 3129 2471 3205 68,
2504 3130 2771 3191 membr.
2802 3133 2861 3206 ¹¹1,
2895 3138 3011 3195 art.
3046 3133 3157 3195 ult.
3184 3136 3264 3199 Ut
3290 3150 3403 3195 au·

1831 3224 1965 3282 tem
2018 3222 2373 3303 explicetur
2412 3228 2476 3284 et
2528 3224 2852 3302 probetur,
2911 3230 3158 3305 oportet
3181 3226 3405 3289 distin-

1838 3332 2033 3395 guere
2076 3314 2390 3395 duplicem
2440 3315 2749 3401 rationem
2806 3317 3159 3391 formalem,
3216 3325 3403 3400 prout

1835 3409 2253 3470 communiter
2292 3408 2453 3470 tradi
2592 3410 2657 3471 in
2704 3409 2965 3489 objectis
2988 3412 3407 3475 =scientiarum

1833 3500 1934 3561 vel
1960 3499 2289 3563 habituum
2312 3520 2327 3563 ε
2360 3520 2487 3563 una
2554 3508 2613 3565 st
2632 3504 2791 3565 ratio
2813 3502 3095 3567 formalis
3114 3504 3235 3567 sub
3252 3524 3401 3585 qua,

1837 3599 1900 3655 et
1929 3601 2024 3655 est
2042 3594 2170 3668 illa,
2202 3612 2341 3673 quae
2366 3601 2579 3657 movet
2597 3596 2680 3657 ad
2698 3596 3121 3677 cognitionem
3150 3598 3401 3677 objecti,

1837 3706 1951 3750 seu
2003 3689 2319 3751 constituit
2360 3688 2515 3751 illud
2538 3690 2605 3751 in
2652 3691 2895 3753 ratione
2928 3691 3399 3772 cognoscibilia

1837 3781 1959 3843 alia
2008 3785 2103 3844 est
2148 3782 2333 3853 ratio,
2380 3799 2521 3861 quae
2546 3782 2843 3863 primario
2890 3784 3255 3861 intenditur,
3290 3804 3405 3849 sen

1835 3874 2235 3955 cognoscitur
2259 3876 2325 3937 in
2376 3876 2679 3955 subjecto.
2710 3878 2823 3939 Hic
2869 3894 3021 3959 ergo
3056 3894 3186 3941 non
3208 3879 3409 3958 loqui·

1834 3986 1979 4030 mur
2005 3968 2087 4031 de
2115 3969 2359 4050 ratione
2386 3970 2507 4031 sub
2534 3988 2682 4051 qua,
2714 3988 2862 4031 nam
2890 3971 2995 4033 illa
3025 3974 3299 4052 pertinet
3324 3972 3407 4035 ed

1836 4062 2322 4141 disputationem
2354 4068 2748 4142 sequentem,
2768 4064 2881 4126 sed
2896 4064 2977 4127 de
3000 4066 3241 4127 ratione
3260 4080 3404 4145 quai

1835 4155 2259 4237 principaliter
2308 4158 2654 4220 intenditur
2714 4176 2833 4241 per
2884 4158 3077 4221 fldem
3097 4204 3113 4233 ‚
3176 4167 3238 4223 et
3287 4161 3407 4223 hoc

1835 4250 2027 4311 modo
2072 4250 2337 4313 dicimos
2375 4251 2572 4313 Deum
2616 4251 2845 4331 ipsum,
2884 4258 3197 4331 quatenus
3242 4254 3408 4315 Deus

1839 4349 1956 4417 est,
1985 4362 2123 4406 esse
2151 4344 2519 4425 primarium
2544 4360 2806 4425 scopum
2830 4344 3001 4407 fidei.
3034 4344 3213 4417 Quod
3239 4345 3409 4409 vide—

1835 4443 1940 4500 tur
1966 4440 2116 4499 satis
2158 4438 2409 4519 probari
2452 4456 2530 4500 ex
2572 4438 2693 4501 illis
2720 4438 2927 4501 verbis
2969 4439 3179 4501 Pauliz
3229 4438 3410 4505 Acoe-

1839 4534 2072 4597 dentem
2103 4534 2185 4597 ad
2204 4532 2417 4607 Deum,
2448 4536 2680 4616 oportet
2699 4534 2933 4597 eredere
2948 4534 3093 4616 quia
3114 4539 3409 4605 eet,·nam

1841 4626 1991 4705 quia
2016 4644 2155 4687 esse
2182 4626 2291 4687 Dei
2321 4631 2416 4687 est
2448 4630 2585 4706 ejus
2616 4624 2964 4689 substantia
3006 4631 3071 4688 et
3110 4628 3407 4701 essentia,

1842 4736 2222 4800 cognoscere
2233 4721 2431 4781 Deum
2458 4736 2621 4795 esse,
2642 4718 2813 4781 idem
2837 4719 3124 4803 estquod
3148 4738 3409 4801 cognos-

1843 4832 1987 4876 cere
2042 4814 2243 4875 Deum
2296 4830 2438 4875 esse
2490 4830 2713 4875 verum
2758 4815 2982 4887 Deum,
3029 4818 3221 4893 atque
3246 4814 3409 4875 adeo

1841 4907 2079 4969 babere
2114 4924 2330 4969 veram
2370 4906 2792 4983 divinitatem
2824 4924 2976 4987 ergo
3002 4908 3123 4969 hoc
3166 4913 3263 4969 est
3281 4908 3410 4986 pri-

1840 5001 2110 5062 marium
2138 5000 2453 5079 objectum
2470 5000 2640 5080 quod
2662 5000 2819 5062 fides
2846 5000 3134 5063 intendit.
3164 5000 3242 5062 Et
3266 5000 3409 5063 ideo

1840 5093 2089 5155 dicebat
2123 5092 2424 5168 christoe,
2452 5094 2635 5155 Joan.
2663 5095 2777 5154 14:
2817 5092 3080 5157 Creditis
3104 5091 3173 5156 in
3192 5094 3407 5165 Dema,

1841 5191 1901 5249 et
1925 5186 1993 5248 iu
2018 5202 2110 5249 me
2132 5186 2354 5251 credite
2366 5208 2393 5259 ;
2470 5186 2616 5265 quia
2652 5186 2805 5247 illud
2833 5186 3107 5265 primum
3134 5192 3229 5248 est
3268 5185 3411 5247 fun-

1841 5279 2209 5341 damentum
2280 5279 2697 5359 reliquorum
2774 5278 2922 5341 facit
2996 5280 3186 5341 etiam
3256 5277 3411 5341 illud

1841 5373 2026 5435 Joan.
2056 5375 2165 5433 13:
2193 5372 2349 5435 Hoeo
2392 5377 2483 5434 est
2506 5372 2635 5435 vita
2661 5376 2910 5443 oetma,
2934 5376 3009 5435 ut
3050 5375 3412 5455 effloreant

1842 5474 1899 5529 te
1911 5492 1939 5541 ;
1958 5466 2093 5525 haec
2122 5482 2271 5546 ergo
2301 5464 2587 5527 absoluta
2614 5464 2885 5544 cognitio
2912 5464 3022 5526 Dei
3046 5470 3141 5527 est
3165 5464 3412 5527 intenta

1840 5576 1956 5639 per
1999 5558 2210 5620 fldem.
2262 5559 2421 5621 Item
2450 5557 2553 5619 illa
2583 5563 2679 5621 est
2712 5558 3081 5638 primarium
3105 5564 3168 5621 et
3200 5576 3413 5623 essen·
