3900 6217
1022 488 1191 543 SECT.
1227 490 1265 540 1.
1302 485 1387 540 AN
1420 484 1818 540 confiscnlo
1850 489 1987 541 IPSO
2016 491 2169 542 June
2198 485 2611 549 incontinua,
2647 481 2781 542 Em.

292 585 416 646 nisi
438 595 688 668 propter
709 588 1227 652 confiscationem.
1247 591 1693 652 Verumtamen
1720 589 1864 649 licet

291 681 360 739 in
389 681 530 741 aliis
570 682 808 743 delictis
843 683 1137 758 externis,
1182 689 1252 743 ut
1295 685 1362 742 in
1403 682 1663 742 crimine
1705 681 1860 742 laesae

293 774 636 852 majestatis
685 777 1002 851 humanae,
1050 775 1168 837 hoc
1193 776 1448 836 fortasse
1491 775 1696 837 locum
1746 775 1860 835 ha-

293 865 460 938 beat,
493 870 556 926 in
585 868 804 930 haeresi
846 869 1018 930 nullo
1047 867 1231 930 modo
1261 875 1460 949 potest
1495 867 1698 928 locum
1749 867 1860 928 ha-

294 957 468 1034 bere,
521 963 668 1038 quia
711 979 1034 1041 nunquam
1095 979 1280 1041 poena
1320 962 1452 1023 hoec
1495 962 1856 1036 incurritur,

293 1052 496 1114 donee
535 1053 831 1115 delictum
875 1056 958 1115 sit
995 1057 1290 1130 exterius,
1334 1054 1430 1116 vel
1471 1071 1862 1115 consumma-

295 1151 459 1222 tum,
495 1148 592 1208 vel
619 1148 706 1209 ita
735 1156 1131 1225 attentatum,
1162 1158 1233 1210 ut
1259 1167 1434 1210 mens
1457 1154 1520 1210 et
1565 1147 1863 1208 delibera·

295 1239 390 1298 tio
443 1239 858 1320 delinquentis
899 1241 1274 1304 sufficienter
1319 1241 1708 1304 manifestata
1755 1241 1857 1302 sit.

297 1330 406 1405 Ut,
433 1331 612 1392 verbi
659 1335 886 1412 gratia,
931 1335 998 1396 in
1045 1335 1304 1396 crimine
1337 1335 1496 1396 loesoe
1525 1336 1862 1414 majestatis

297 1423 620 1500 humanae,
661 1426 740 1486 ad
789 1427 1226 1490 incurrendam
1254 1429 1416 1489 hanc
1445 1445 1716 1508 poenam,
1755 1447 1865 1489 ne-

298 1519 638 1578 cessarium
677 1518 798 1579 erit
850 1526 924 1580 ut
972 1519 1196 1600 aliquis
1237 1522 1452 1582 saltem
1511 1520 1862 1582 manifesta-

297 1611 464 1670 verit
491 1611 872 1674 voluntatem
903 1619 966 1674 et
1011 1613 1516 1675 deliberationem
1547 1613 1866 1676 occidendi

299 1703 674 1781 principem,
704 1706 988 1784 quamvis
1013 1707 1292 1768 nondum
1323 1707 1868 1768 illam·executioni

301 1795 714 1873 mandaverit,
741 1799 804 1857 in
832 1817 957 1878 qua
978 1799 1269 1860 delictum
1295 1799 1450 1860 illud
1477 1811 1867 1862 consumma·

301 1893 430 1948 tut.
487 1889 568 1950 At
625 1908 774 1951 vero
828 1899 1148 1971 peccatum
1203 1893 1454 1954 hoeresis
1508 1912 1618 1973 per
1672 1893 1866 1954 solam

299 1983 532 2042 mentis
559 1983 1124 2046 manifestationem
1166 1985 1540 2050 sufficienter
1587 2005 1870 2049 consum-

299 2082 538 2150 matur,
577 2083 642 2136 ct
673 2083 816 2138 ante
853 2081 1447 2141 consummationem
1485 2081 1626 2142 talis
1663 2080 1871 2142 delicti

303 2166 665 2231 confiscatio
707 2169 915 2232 locum
943 2190 1068 2232 non
1097 2171 1304 2234 habet.

384 2262 448 2322 9.
495 2262 586 2324 De
605 2264 960 2346 posteriori,
993 2265 1235 2328 dubium
1271 2272 1362 2330 est
1399 2284 1482 2329 an
1521 2264 1872 2342 confiscatio

301 2355 668 2418 extendatur
691 2358 872 2421 etiam
911 2359 994 2422 ad
1026 2359 1174 2422 bona
1198 2360 1498 2440 acquisita
1532 2367 1675 2444 post
1720 2378 1875 2426 oom-

300 2449 560 2510 missam
588 2450 1196 2516 husim—Prima
1221 2453 1423 2534 opinio
1451 2455 1517 2516 in
1540 2455 1647 2517 Ιιοσ
1673 2455 1868 2518 dubio.

301 2571 388 2586 ·-
399 2539 572 2620 Ejus
593 2543 1156 2621 fundammume-
1173 2543 1691 2622 Confirmatur.—
1705 2547 1874 2608 Circa

303 2633 571 2697 alteram
600 2655 748 2699 vero
781 2647 1044 2720 partem,
1075 2657 1261 2718 grave
1287 2639 1548 2706 dubium
1584 2643 1869 2720 occurrit,

303 2727 616 2805 videlicet,
641 2747 723 2791 an
753 2731 1108 2794 confiscatio
1135 2733 1297 2794 facta
1329 2753 1440 2814 pro
1461 2753 1535 2796 eo
1559 2742 1875 2796 momento

307 2821 377 2880 in
401 2839 528 2900 quo
561 2821 854 2884 delictum
887 2826 1319 2902 committitur,
1345 2829 1410 2888 in
1441 2827 1660 2889 eodem
1697 2827 1874 2888 finia-

305 2918 437 2990 tur,
471 2915 572 2975 vel
610 2917 1026 2991 continuetur,
1067 2937 1178 2980 seu
1225 2937 1337 3000 pro
1363 2919 1572 3000 aliquo
1599 2928 1875 3000 tempore

308 3007 524 3086 duret3
547 3009 716 3089 quod
744 3018 836 3072 est
869 3029 1144 3090 quaerere
1184 3031 1266 3073 an
1295 3012 1700 3076 confiscentur
1737 3019 1876 3074 tan-

307 3107 445 3160 tum
481 3119 558 3162 ea
600 3101 764 3166 bona
801 3123 940 3183 quoe
981 3111 1134 3166 tunc
1175 3105 1364 3168 habet
1403 3108 1509 3186 qui
1546 3107 1872 3186 delinquit,

305 3194 408 3255 vel
435 3197 630 3257 etiam
665 3214 806 3276 quae
847 3205 1058 3277 postea
1083 3201 1371 3279 acquirit,
1401 3199 1568 3282 quod
1595 3200 1746 3260 alias
1783 3201 1878 3262 in-

307 3289 617 3368 terrogari
663 3290 819 3352 solet
837 3339 850 3365 ,
900 3309 982 3352 an
1029 3293 1442 3354 confiscentur
1485 3294 1672 3354 etiam
1715 3285 1880 3352 bona

309 3379 527 3442 futura
543 3405 562 3459 5
605 3383 770 3462 quod
811 3384 1075 3463 intelligi
1111 3391 1310 3463 potest
1349 3383 1449 3446 vel
1487 3384 1565 3445 de
1607 3391 1880 3465 tempore

308 3492 512 3554 usque
550 3477 628 3536 ad
670 3479 1040 3538 sententiam
1083 3479 1319 3553 datam,
1361 3478 1460 3540 vel
1509 3479 1698 3540 ctiam
1741 3483 1882 3558 post

307 3568 708 3630 sententiam.
737 3569 802 3628 In
823 3587 947 3649 quo
963 3576 1231 3648 quatuor
1257 3571 1510 3632 invenio
1532 3569 1874 3650 opiniones·

311 3659 522 3722 Prima
545 3667 662 3737 est,
685 3661 1186 3726 confiscationem
1211 3664 1410 3725 solum
1439 3661 1573 3724 fieri
1611 3681 1686 3725 eo
1723 3670 1880 3724 tem-

309 3769 460 3832 pore
493 3771 618 3832 quo
645 3756 1041 3816 commissum
1082 3763 1175 3818 est
1215 3757 1536 3832 delictum,
1559 3763 1622 3818 et
1667 3757 1877 3816 statim

309 3863 547 3908 cessare
570 3889 590 3922 ,
635 3855 698 3909 et
737 3857 1184 3930 consequenter
1220 3851 1429 3912 omnia
1469 3849 1633 3911 bona
1669 3847 1879 3930 postca

307 3939 611 4018 acquisita
653 3959 780 4002 non
826 3941 1166 4006 confiscari.
1219 3945 1309 4004 lta
1359 3943 1603 4004 videtur
1651 3943 1880 4002 sentire

307 4033 636 4114 manauco,
677 4035 746 4098 in
767 4035 878 4097 lib.
919 4039 956 4098 5
983 4037 1413 4117 Recompilnt„
1439 4038 1534 4098 tit.
1578 4039 1640 4111 4,
1675 4034 1786 4096 lib.
1814 4037 1875 4112 3,

309 4145 490 4188 num.
537 4130 615 4204 6,
663 4129 934 4190 referens
974 4130 1150 4192 alios,
1199 4129 1697 4191 Fundamentum
1745 4135 1876 4204 est,

307 4223 457 4300 quia
477 4221 840 4302 delinquens
868 4225 954 4285 ita
982 4225 1242 4306 punitur
1267 4231 1475 4306 postea
1501 4241 1612 4304 per
1635 4216 1882 4285 senten-

307 4317 486 4390 tiam,
515 4317 673 4376 sicut
699 4319 1027 4398 puniretur
1051 4317 1104 4377 si
1125 4317 1430 4379 sententia
1467 4323 1624 4378 esset
1655 4315 1780 4377 lata
1808 4335 1882 4378 eo

308 4415 591 4488 tempore
617 4428 741 4492 quo
783 4412 1066 4492 deliquit,
1101 4419 1172 4471 ut
1199 4411 1430 4472 dicitur
1454 4411 1521 4472 in
1544 4409 1588 4472 l.
1621 4415 1680 4488 1,
1709 4411 1774 4471 ff.
1804 4411 1882 4472 de

309 4501 556 4576 Poenis;
600 4503 706 4564 sed
753 4505 802 4565 si
831 4503 1156 4566 haereticus
1195 4506 1523 4587 puniretur
1558 4502 1624 4564 iu
1661 4495 1882 4565 eodem

307 4599 594 4674 tempore
649 4597 715 4656 in
769 4614 892 4677 quo
936 4597 1234 4679 deliquit,
1273 4594 1476 4660 solum
1531 4586 1884 4678 privaretur

309 4687 438 4747 illis
471 4689 654 4749 bonis
691 4707 828 4769 quae
871 4698 1020 4752 tunc
1051 4691 1309 4754 haberet
1351 4711 1364 4752 ε
1411 4708 1560 4771 ergo
1601 4689 1709 4751 illa
1744 4697 1881 4752 tan·

311 4787 449 4840 tum
483 4781 916 4860 confiscantur,
939 4791 1002 4844 et
1030 4786 1237 4845 statim
1263 4783 1478 4846 finitur
1504 4782 1880 4862 confiscatio,

311 4891 516 4954 neque
559 4875 640 4934 ad
683 4875 804 4936 alia
839 4875 1004 4938 bona
1049 4877 1400 4938 extenditur
1422 4921 1443 4952 ,
1491 4891 1630 4956 quae
1671 4883 1882 4956 postea

311 4967 744 5046 acquiruntur.
783 4969 856 5030 Et
888 4967 1314 5044 confirmatur,
1344 4970 1492 5050 quia
1517 4987 1716 5050 poenoe
1753 4989 1882 5030 res-

311 5061 666 5138 tringendae
703 5068 868 5135 sunt,
909 5067 972 5122 et
999 5079 1125 5122 non
1163 5061 1604 5135 extendendae3
1637 5061 1880 5124 nullum

311 5159 525 5212 autem
569 5159 658 5213 est
684 5154 783 5232 jus
812 5153 976 5234 quod
1007 5153 1274 5215 declaret
1314 5155 1564 5216 extendi
1592 5151 1878 5217 confisca-

309 5247 554 5307 tionem
599 5245 676 5306 ad
706 5246 870 5308 bona
911 5254 1122 5327 postea
1149 5247 1544 5326 acquirenda,
1587 5247 1686 5308 vel
1715 5249 1880 5328 quod

309 5338 532 5400 reddat
566 5337 931 5402 haereticum
955 5339 1295 5401 inhabilem
1319 5341 1392 5402 ad
1433 5343 1880 5420 acquirendum

309 5432 496 5512 plene
538 5439 601 5494 et
635 5431 900 5514 perfecte
936 5433 1060 5494 alia
1100 5432 1305 5512 bona3
1345 5451 1495 5512 ergo
1531 5433 1880 5494 confiscatio

307 5533 558 5589 tantum
601 5527 708 5588 illo
742 5533 1016 5607 tempore
1055 5525 1148 5588 fit.

395 5623 499 5682 10.
548 5619 834 5684 Secunda
861 5622 1064 5700 opinio
1102 5627 1366 5684 acroma
1415 5621 1756 5695 contraria,
1793 5620 1880 5681 bi-

1943 591 2245 652 membri&
2265 625 2345 635 -
2376 589 2658 652 Secunda
2696 591 2998 652 sententia
3028 595 3301 653 extreme
3351 609 3503 649 con-

1942 683 2133 743 traria
2176 690 2293 756 est,
2328 682 2551 743 durare
2599 683 3094 744 confiscationem
3132 701 3261 744 non
3302 682 3503 743 solum

1943 793 2139 854 usque
2159 775 2237 836 ad
2257 777 2651 851 sententiam,
2673 777 2777 837 sed
2804 784 2937 856 post
2964 777 3156 838 illam.
3196 777 3280 837 De
3313 777 3503 854 priori

1941 873 2121 947 parte
2152 867 2361 927 statim
2413 869 2653 946 dicam3
2700 871 3097 948 posteriorem
3145 876 3352 929 autem
3381 875 3503 928 tra-

1940 961 2034 1022 dit
2076 961 2445 1023 Emmanuel
2491 962 2738 1036 suarez,
2796 963 2863 1023 in
2900 962 3146 1024 Scholio
3190 963 3267 1022 ad
3314 961 3503 1022 Anto-

1941 1054 2117 1114 nium
2162 1055 2409 1129 Gomez,
2458 1054 2566 1114 lib.
2612 1057 2649 1116 3
2690 1055 2956 1132 Variar.‚
3006 1074 3141 1134 cap.
3199 1055 3341 1128 ult.‚
3396 1053 3505 1114 ubi

1941 1146 2100 1208 alios
2140 1147 2393 1226 juristas
2443 1148 2632 1208 refert
2648 1165 2668 1226 3
2720 1148 2989 1209 declarat
3056 1155 3264 1210 autem
3338 1148 3504 1207 circa

1947 1239 2110 1300 bona
2134 1243 2432 1319 acquisita
2455 1249 2590 1320 post
2619 1245 3011 1318 senteutiam,
3044 1243 3357 1322 acquirere
3379 1241 3505 1302 hae-

1943 1333 2207 1393 reticum
2238 1335 2631 1396 emendatum
2665 1342 2728 1396 et
2769 1336 3144 1411 absolutum,
3174 1337 3505 1414 proprieta-

1944 1431 2071 1486 tem
2102 1433 2163 1486 et
2187 1445 2369 1488 usum
2398 1445 2649 1489 suorum
2680 1428 3009 1505 bonorum,
3032 1446 3279 1491 manere
3296 1435 3505 1488 tamen

1946 1518 2277 1582 confiscata
2299 1521 2500 1605 quoad
2528 1520 2646 1582 hoc
2674 1529 2747 1582 ut
2778 1541 2903 1582 non
2940 1523 3131 1603 possit
3158 1523 3233 1583 de
3266 1522 3388 1582 illis
3415 1526 3505 1582 te-

1949 1612 2123 1687 stari,
2151 1612 2255 1673 sed
2282 1613 2348 1673 in
2369 1613 2457 1673 eis
2501 1613 2715 1675 fiscum
2746 1615 3065 1690 succedat3
3100 1620 3162 1674 et
3207 1614 3507 1674 fundatur

1949 1703 2017 1764 in
2077 1704 2387 1784 aliquibus
2434 1706 2675 1786 legibus
2734 1707 3226 1787 disponentibu8‚
3283 1713 3352 1767 ut
3401 1708 3506 1786 qni

1951 1805 2203 1878 propter
2234 1799 2527 1862 delictum
2572 1799 2863 1860 omnibus
2882 1801 3059 1860 bonis
3090 1801 3389 1880 privatur,
3422 1807 3509 1860 te-

1949 1894 2097 1952 stari
2136 1911 2262 1952 non
2311 1895 2521 1972 possit,
2570 1893 2613 1954 1.
2668 1895 2960 1968 secunda,
3008 1894 3143 1954 cod.
3196 1894 3272 1954 de
3328 1893 3510 1954 Bonis

1947 1986 2453 2064 proscriptorum,
2492 2004 2637 2048 cum
2676 1985 2979 2047 similibus
2998 2008 3015 2060 ;
3046 1986 3154 2046 sed
3186 1986 3510 2046 haereticus

1954 2077 2232 2157 privatur
2256 2079 2547 2140 omnibus
2576 2079 2752 2140 bonis
2781 2085 3032 2159 propter
3054 2079 3371 2150 haeresim3
3408 2097 3511 2140 er-

1950 2189 2055 2250 go,
2099 2171 2239 2232 licet
2264 2180 2543 2257 tempore
2571 2174 2787 2234 mortis
2812 2173 3039 2234 habeat
3065 2171 3273 2252 aliqua
3322 2172 3511 2248 bona,

1952 2282 2079 2324 non
2111 2265 2335 2344 poterit
2366 2267 2441 2326 de
2482 2266 2603 2326 illis
2628 2267 2876 2339 testari;
2909 2283 3055 2343 ergo
3084 2265 3155 2325 in
3192 2264 3318 2324 illis
3334 2263 3513 2324 fiscus

1951 2359 2233 2418 succedet
2250 2380 2268 2432 3
2296 2373 2442 2437 ergo
2488 2359 2706 2420 saltem
2756 2357 2960 2438 quoad
3006 2357 3292 2418 effectum
3330 2357 3514 2416 durat

1952 2466 2065 2510 seu
2090 2452 2441 2512 extenditur
2468 2451 2844 2513 confiscatio.

2038 2545 2137 2604 11.
2186 2544 2404 2607 Tertia
2443 2546 2647 2626 opinio
2690 2545 3076 2618 communior,
3108 2551 3165 2607 et
3190 2544 3509 2626 bipartita.

1956 2667 2035 2678 -—
2058 2636 2263 2698 Tertia
2294 2638 2601 2699 sententia
2627 2644 2719 2698 est
2754 2637 2975 2698 durare
3015 2637 3511 2698 confiscationem

1957 2747 2151 2808 usque
2199 2729 2278 2790 ad
2314 2731 2687 2792 sententiam
2702 2776 2721 2806 ,
2764 2737 2827 2792 et
2868 2736 3315 2810 consequenter
3354 2730 3517 2790 bona

1955 2824 2254 2902 acquisita
2288 2830 2417 2886 toto
2463 2824 2570 2886 illo
2614 2831 2888 2904 tempore
2934 2842 3183 2886 manere
3230 2823 3518 2884 confisca-

1955 2922 2056 2993 ta3
2098 2934 2270 2977 secus
2319 2935 2465 2979 vero
2494 2935 2623 2979 esse
2654 2918 2731 2980 de
2758 2917 2935 2979 bonis
2982 2927 3119 2998 post
3146 2918 3515 2978 sententiam

1956 3009 2286 3089 acquisitis
2358 3011 2503 3072 Haec
2566 3019 2659 3072 est
2717 3012 3103 3072 communior
3164 3013 3468 3071 sententia
3492 3054 3513 3084 ,

1960 3117 2149 3180 quam
2181 3110 2351 3165 tenet
2395 3105 2595 3174 Julius
2622 3105 2809 3190 Clar„
2846 3104 3001 3165 libro
3028 3105 3269 3184 quinte,
3302 3103 3339 3184 ἓ
3367 3105 3517 3165 Hoe-

1958 3195 2136 3272 resia,
2168 3216 2345 3286 num.
2378 3201 2477 3274 19,
2508 3205 2570 3260 et
2594 3199 2633 3280 ἓ
2661 3198 2862 3260 ultim.
2871 3243 2892 3274 ‚
2945 3204 3159 3278 quoest.
3191 3199 3291 3273 78,
3338 3214 3511 3258 num.

1960 3292 2114 3363 2123
2148 3298 2210 3351 et
2238 3291 2501 3364 Siman.‚
2539 3295 2635 3366 tit.
2677 3293 2740 3367 9,
2772 3309 2947 3352 num.
2980 3293 3051 3352 61
3080 3313 3099 3367 ;
3135 3293 3313 3366 Azor,
3346 3295 3517 3350 tomo

1964 3386 2023 3456 1,
2062 3383 2173 3444 lib.
2226 3387 2286 3460 5,
2329 3385 2526 3464 capite
2550 3385 2613 3455 7,
2641 3391 2857 3463 quam.
2890 3385 2929 3446 8
2944 3401 2963 3462 ;
3000 3384 3299 3463 vasquez,
3348 3389 3407 3443 1.
3452 3385 3515 3454 2,

1961 3475 2120 3556 disp.
2173 3479 2313 3554 169,
2348 3495 2521 3538 num.
2549 3478 2590 3538 8
2600 3493 2621 3554 3
2646 3478 2883 3556 Faria„
2912 3477 2989 3538 de
3018 3477 3264 3552 Haeresi‚
3300 3481 3513 3555 quaest.

1964 3570 2103 3645 190,
2130 3588 2303 3632 num.
2356 3572 2457 3632 25.
2512 3571 3009 3632 Fundamentum
3063 3569 3283 3650 prioris
3326 3568 3520 3650 partis

1960 3669 2073 3733 est,
2108 3665 2254 3742 quia
2294 3663 2463 3743 leges
2512 3671 2795 3725 statuunt
2840 3671 2909 3723 ut
2950 3663 3091 3738 ille,
3136 3667 3309 3746 cujus
3356 3644 3551 3722 bona⁰

1960 3753 2397 3833 confiscantur,
2430 3758 2707 3838 privetur
2730 3756 3021 3818 omnibns
3044 3755 3221 3816 bonis
3242 3773 3380 3834 quae
3410 3755 3519 3815 ha·

1958 3847 2087 3925 bet,
2118 3851 2369 3930 quando
2392 3851 2747 3928 damnatur,
2778 3849 2822 3910 1.
2848 3849 3016 3930 Ejus
3040 3851 3170 3934 qui,
3202 3848 3239 3930 ἓ
3264 3851 3323 3925 1,
3351 3846 3415 3909 ff.
3442 3848 3519 3909 de

1962 3945 2233 4004 Testem.
2250 3960 2271 4021 3
2307 3944 2537 4006 dicitur
2574 3951 2783 4006 autem
2817 3946 2955 4023 quis
2983 3940 3292 4018 da'mnari,
3328 3960 3521 4020 quan·

1961 4035 2041 4097 do
2064 4044 2278 4097 contra
2304 4037 2484 4097 illum
2516 4038 2821 4099 sententia
2842 4036 3182 4116 profertum
3208 4053 3357 4096 nam
3385 4036 3520 4096 haec

1961 4131 2395 4192 condemnatio
2442 4130 2810 4211 proponitur
2850 4135 2919 4189 ut
2958 4128 3249 4190 distincta
3295 4145 3332 4188 a
3374 4145 3519 4188 eon·

1962 4221 2303 4300 fiscatione,
2333 4231 2397 4284 et
2422 4225 2510 4284 ita
2542 4231 2745 4284 textus
2786 4222 2890 4284 ine
2919 4223 3053 4282 siue
3098 4222 3287 4284 dubio
3314 4221 3521 4301 loqui-

1964 4322 2067 4376 tur
2094 4317 2170 4377 de
2194 4316 2612 4392 damnatione,
2632 4335 2769 4395 quae
2794 4315 2863 4376 fit
2892 4333 3001 4395 per
3022 4314 3367 4390 hominem,
3394 4332 3519 4375 non

1962 4428 2076 4490 per
2097 4409 2333 4489 legem3
2363 4427 2510 4489 ergo
2537 4410 2887 4470 confiscatio
2914 4409 3265 4490 extenditur
3284 4408 3365 4468 ad
3388 4425 3520 4469 om-

1962 4504 2071 4564 nia
2102 4503 2265 4564 bona
2321 4521 2516 4584 usque
2542 4503 2627 4565 'ad
2664 4503 3053 4564 senteutiam.
3088 4503 3164 4564 Et
3190 4502 3279 4562 ita
3330 4500 3517 4562 etiam

1962 4596 2275 4674 colligitur
2304 4615 2382 4658 ex
2423 4596 2690 4676 quadam
2743 4595 2879 4674 lege
2916 4596 3262 4674 Hispaniae,
3293 4592 3451 4653 libro
3480 4591 3519 4655 δ

1962 4689 2395 4770 Recompilat.,
2424 4692 2521 4750 tit.
2560 4693 2619 4765 9,
2654 4689 2697 4749 1.
2742 4690 2843 4764 10,
2874 4693 2937 4748 et
2965 4689 3175 4748 statim
3214 4687 3348 4746 haec
3382 4703 3519 4766 pars

1962 4783 2227 4865 amplius
2256 4783 2724 4845 confirmabitur
2760 4781 2947 4842 simul
2977 4799 3119 4842 eum
3144 4780 3435 4842 secunda.

2046 4877 2143 4937 12.
2197 4875 2430 4949 Quarta
2468 4877 2687 4958 opinio.
2714 4907 2796 4922 —
2820 4876 2923 4934 Est
2956 4891 3101 4935 vero
3133 4881 3353 4953 quarta
3380 4893 3519 4936 sen·

1964 4969 2182 5045 tentia,
2209 4987 2347 5047 quoe
2387 4969 2547 5028 hane
2576 4967 2802 5028 limitat
2836 5033 2841 5038 ,
2880 4968 3043 5028 uoad
3068 4967 3335 5044 priorem
3362 4983 3521 5049 prae·

1962 5061 2191 5124 dictam
2220 5067 2482 5141 partem,
2521 5060 2799 5121 adhibita
2868 5061 3215 5120 istinctione
3242 5077 3259 5134 ;
3289 5075 3435 5120 nam
3465 5059 3517 5119 si

1961 5154 2285 5216 haeretic-us
2323 5155 2391 5214 in
2418 5153 2637 5215 hoeresi
2672 5161 2993 5232 permanet
3020 5171 3213 5232 usque
3261 5153 3335 5214 ad
3381 5170 3519 5213 sen-

1960 5249 2245 5322 tentiam,
2284 5253 2432 5308 tunc
2470 5247 2759 5327 procedet
2806 5247 2971 5306 dict-a
3009 5247 3219 5326 opinio
3230 5263 3251 5323 3
3288 5246 3516 5306 sivero

1962 5339 2173 5421 aliquo
2200 5347 2477 5419 tempore
2507 5345 2651 5400 ante
2686 5339 3058 5400 sententiam
3090 5341 3431 5419 resipiscat,
3454 5345 3517 5399 et

1961 5451 2039 5494 ex
2064 5433 2275 5494 animo
2302 5435 2379 5492 ad
2407 5432 2590 5493 fidem
2617 5432 2980 5494 catholicam
3010 5434 3245 5510 redeat,
3276 5432 3363 5492 ait
3385 5431 3518 5492 haec

1960 5525 2175 5606 opinio
2204 5525 2700 5586 confiscationem
2739 5525 2963 5586 durare
2998 5543 3192 5604 usque
3238 5526 3317 5585 ad
3361 5532 3517 5584 tem-

1958 5637 2079 5698 pus
2116 5619 2549 5692 waversioniS‚
2596 5619 2745 5699 quia
2790 5625 2921 5679 toto
2962 5621 3069 5680 illo
3106 5627 3382 5698 tempore
3422 5625 3515 5680 cst
