3900 6217
560 435 629 496 in
658 433 859 514 patria
884 433 1103 496 eadem
1124 432 1279 494 vIsio
1310 432 1419 492 Dei
1442 431 1727 493 eamdem
1756 431 1883 492 vim
1908 429 2122 507 hahet,

560 538 633 589 ut
648 527 717 590 in
741 527 852 589 lib.
876 529 915 588 2
935 525 1014 588 de
1034 525 1383 602 Attributis,
1414 543 1547 605 cap.
1596 525 1697 597 18,
1716 543 1759 586 a
1788 543 1853 585 n.
1898 527 1997 597 10,
2029 542 2126 584 οε-

558 619 892 682 tendimus,
948 619 1138 681 Recte
1180 618 1373 697 igitur
1416 617 1569 679 dicit
1616 617 1947 695 cajetanus
1975 618 2034 678 2.
2058 617 2121 692 2,

558 732 621 793 q.
647 716 714 788 4,
736 719 852 774 art.
884 714 949 788 2,
981 713 1143 774 circa
1161 711 1444 786 tertium,
1470 709 1662 772 fidem
1690 728 1819 771 esse
1836 709 2122 770 habitum

558 827 782 886 unum,
812 809 1115 870 eminenti
1138 807 1327 870 modo
1362 808 1707 887 practieum
1750 811 1813 867 ει
1850 804 2124 885 specula-

557 904 779 980 tivum,
813 903 956 964 licet
996 902 1189 963 soleat
1228 902 1591 980 simpliciter
1634 900 1757 961 dici
1794 898 2124 978 speculati-

556 1015 693 1072 vus,
724 997 871 1076 quia
896 995 1015 1057 hoc
1035 994 1223 1056 habet
1257 1012 1335 1056 ex
1360 993 1655 1074 primario
1701 991 1941 1070 objecto
1969 1009 2119 1066 suo;

555 1091 727 1152 etita
744 1088 1001 1169 exponit
1031 1087 1103 1150 D.
1120 1088 1422 1150 Thomam
1440 1086 1553 1162 ibi,
1580 1086 1866 1164 idemque
1886 1081 2010 1144 dici
2034 1100 2126 1144 so-

558 1182 644 1244 let
669 1180 747 1243 de
761 1181 1101 1260 Theologia
1132 1182 1201 1240 in
1228 1179 1527 1260 principio
1541 1179 1759 1258 primae
1781 1176 1997 1257 partis,
2015 1175 2125 1237 uhi

555 1273 631 1336 de
676 1275 793 1338 hoc
834 1275 976 1336 late.
1011 1273 1223 1335 Videri
1260 1272 1450 1334 etiam
1495 1275 1755 1352 possunt
1788 1288 1927 1349 quae
1961 1269 2127 1330 dicta

553 1369 787 1429 suntin
814 1367 1113 1447 Metaph.,
1132 1365 1289 1444 disp.
1319 1367 1421 1434 44,
1448 1371 1596 1426 sect.
1630 1363 1745 1424 ult.

633 1463 695 1523 8.
748 1458 1021 1524 Assertio
1051 1460 1276 1523 tertia:
1308 1459 1545 1522 habitus
1586 1457 1732 1534 fidei
1780 1462 1871 1522 est
1912 1455 2118 1520 virtus

548 1555 909 1621 intellectus.
936 1586 1017 1600 —
1037 1551 1205 1616 Eam
1238 1553 1483 1634 quidam
1514 1558 1755 1632 moyam.
1776 1583 1859 1596 —
1876 1551 2117 1612 Eorum

548 1653 913 1718 racia—Et
937 1644 1559 1726 confirmata—Atii
1582 1645 1887 1710 nobiscum
1910 1650 2117 1708 astru·

549 1742 906 1809 ente-Alii
934 1743 1190 1806 mediam
1215 1742 1379 1804 viam
1408 1738 1662 1823 eliquat,
1695 1738 1801 1820 qui
1834 1739 2115 1819 refellun-

550 1837 909 1903 ἱππ-Βίου
936 1835 1156 1896 tertio:
1189 1835 1301 1896 Hic
1325 1831 1577 1895 habitus
1618 1831 1766 1892 fidei
1796 1832 1996 1892 virtus
2023 1836 2116 1893 est

550 1929 998 1994 intellectualis.
1038 1929 1109 1989 In
1137 1927 1255 1988 hae
1281 1926 1615 1987 assertione
1637 1931 1727 1986 est
1750 1923 1959 2004 aliqua
1989 1925 2113 1985 dis-

548 2027 750 2086 sensio
776 2024 939 2085 inter
988 2023 1315 2094 Doctorcs;
1366 2019 1556 2099 aliqui
1608 2023 1775 2080 enim
1834 2017 2110 2080 absolute

546 2117 720 2180 illam
752 2122 1007 2195 negant,
1055 2119 1128 2176 ut
1152 2113 1423 2176 Durand.
1456 2112 1524 2172 in
1552 2113 1613 2187 3,
1644 2111 1785 2172 dist.
1815 2113 1913 2185 ς23,
1945 2129 2006 2192 q.
2043 2115 2106 2186 4,

547 2219 661 2274 art.
709 2211 773 2286 2,
816 2209 927 2270 ubi
951 2209 1131 2270 divus
1152 2207 1445 2280 Thomas,
1500 2211 1717 2284 quaest.
1768 2205 1830 2279 2,
1871 2210 1992 2265 art.
2043 2204 2104 2280 3,

547 2301 993 2383 quaestiuncula
1034 2305 1091 2374 1,
1124 2300 1291 2370 idem
1339 2297 1567 2360 sentire
1614 2297 1882 2373 videtur,
1933 2303 1997 2357 et
2041 2315 2104 2377 q.

547 2399 628 2457 14
654 2397 735 2459 de
756 2396 1053 2471 veritate,
1079 2398 1197 2456 art.
1226 2393 1289 2469 3,
1322 2391 1400 2454 ad
1449 2394 1509 2454 5.
1559 2391 1740 2453 Ratio
1792 2396 1906 2466 est,
1962 2391 2109 2470 quia

546 2493 747 2554 virtus
778 2495 873 2551 est
889 2487 1209 2566 dispositio
1238 2485 1529 2565 potentiae
1557 2484 1633 2544 ad
1680 2483 2014 2561 optimum,
2041 2486 2113 2542 ut

548 2585 817 2648 sumitur
862 2601 943 2646 ex
974 2580 1361 2662 philosopho,
1410 2583 1444 2638 7
1492 2577 1761 2656 physic„
1794 2582 1948 2638 text.
1996 2578 2109 2653 17;

548 2679 855 2759 optimum
888 2681 1096 2738 autem
1132 2672 1481 2736 intellectus
1500 2677 1595 2732 est
1618 2671 1869 2732 evidens
1894 2669 2106 2748 cogni-

545 2772 659 2848 tio,
689 2777 753 2833 ει
777 2770 975 2845 clara3
1017 2785 1167 2846 ergo
1194 2765 1443 2828 habitus
1472 2764 1617 2826 fidei
1664 2781 1806 2824 cum
1835 2779 1962 2824 non
2003 2763 2108 2824 det

545 2863 947 2939 evidentiam,
992 2879 1119 2923 non
1166 2865 1259 2924 est
1304 2858 1621 2939 dispositio
1653 2855 2000 2918 intellectus
2027 2855 2107 2918 ad

548 2959 853 3039 optimum
866 2973 887 3034 3
918 2973 1069 3035 ergo
1111 2972 1240 3017 nou
1286 2959 1379 3014 est
1416 2952 1616 3013 virtus
1637 2949 2102 3023 intellectualis3

548 3058 611 3114 et
630 3051 1055 3124 confirmatur,
1085 3047 1233 3128 quia
1259 3043 1615 3108 Aristoteles
1630 3049 1872 3105 tantum
1901 3041 2107 3122 posuit

546 3144 825 3224 quinque
850 3143 1110 3204 virtutes
1155 3137 1623 3214 intellectuales,
1650 3141 1713 3198 et
1756 3134 1931 3197 nulla
1973 3133 2108 3195 illa·

548 3255 687 3300 rum
709 3241 803 3298 est
832 3233 1009 3311 fides,
1032 3239 1106 3294 ut
1138 3237 1309 3312 patet
1330 3231 1369 3292 6
1407 3229 1611 3291 Ethic.
1668 3227 1794 3290 Alii
1838 3245 1986 3288 vero
2015 3245 2108 3290 se-

547 3347 628 3411 qu
636 3335 827 3392 untur
858 3325 1313 3390 conclusionem
1339 3322 1629 3404 positam,
1664 3327 1737 3382 ιιι
1772 3322 1843 3384 D.
1878 3321 2100 3384 Thom.

546 3425 608 3486 Ξ.
656 3425 719 3490 2.
764 3441 826 3502 q.
874 3423 935 3499 4,
978 3425 1096 3482 art.
1138 3421 1201 3494 5,
1244 3418 1323 3478 ad
1366 3419 1429 3493 2,
1459 3421 1524 3478 et
1558 3418 1619 3477 1.
1656 3416 1719 3492 2,
1752 3421 1967 3494 quaest.
2001 3417 2104 3489 62,

544 3523 665 3580 art.
710 3517 789 3592 3,
830 3514 908 3576 ad
964 3515 1029 3588 2,
1088 3518 1151 3574 ει
1198 3510 1483 3574 moderni
1526 3508 1942 3570 communiter
1993 3508 2108 3570 eis-

544 3611 685 3673 dem
708 3609 857 3672 locis
875 3624 896 3686 3
928 3613 990 3672 et
1014 3605 1317 3686 Capreol„
1342 3605 1409 3665 in
1438 3606 1501 3679 3,
1533 3602 1595 3664 d.
1641 3603 1747 3676 23,
1786 3607 2002 3682 quaest.
2039 3603 2104 3679 1,

544 3710 610 3766 et
632 3701 876 3777 Molin„
910 3705 939 3766 1
969 3705 1157 3782 part„
1190 3707 1408 3778 quaest.
1448 3701 1508 3772 1,
1556 3701 1673 3758 art.
1707 3697 1785 3774 63
1826 3696 2070 3756 Valent.
2081 3740 2103 3771 ,

544 3803 698 3860 tom.
723 3800 783 3873 3,
809 3795 965 3876 disp.
1062 3839 1082 3871 ‚
1112 3813 1177 3875 q.
1206 3797 1270 3870 4,
1300 3797 1510 3872 punct.
1558 3793 1617 3854 5.
1651 3789 1980 3870 Cajetanus
1999 3805 2104 3850 ve·

542 3907 637 3966 ro,
672 3889 781 3952 illo
804 3895 923 3952 art.
948 3891 1013 3966 5,
1042 3886 1315 3950 mediam
1340 3884 1679 3965 quamdam
1691 3882 1859 3944 viam
1886 3882 2099 3962 elegit,

544 3983 754 4046 dicens
806 3982 996 4045 fidem
1042 3999 1171 4046 esse
1220 3980 1524 4042 virtutem
1566 3976 1936 4054 intellectus,
1973 3994 2102 4038 non

542 4075 1043 4139 intellectualem.
1075 4075 1217 4136 Haec
1238 4072 1534 4134 dissensio
1572 4087 1803 4150 magna
1829 4088 1907 4132 ex
1928 4075 2104 4150 parte

540 4176 634 4232 est
660 4169 739 4232 de
769 4167 955 4232 modo
1000 4165 1326 4248 loquendi3
1376 4166 1541 4228 inter
1568 4181 1783 4225 omnes
1815 4181 1960 4224 vero
1987 4162 2105 4222 mi-

540 4263 609 4326 hi
626 4265 899 4326 maxime
920 4261 1203 4342 displicet
1246 4256 1564 4322 distinctio
1604 4257 1905 4338 Cajetani,
1952 4257 2102 4336 quia

540 4375 740 4438 neque
768 4358 833 4420 in
862 4357 1263 4438 proprietate,
1290 4371 1497 4434 neque
1524 4353 1594 4413 in
1622 4370 1745 4414 usu
1764 4350 2101 4414 verborum

538 4451 798 4514 fundata
821 4460 950 4525 est,
982 4466 1187 4529 neque
1208 4447 1475 4528 intelligi
1503 4452 1732 4527 potest;
1758 4463 1907 4507 nam
1948 4445 2002 4506 si
2029 4444 2102 4506 fi-

540 4545 649 4607 des
688 4550 782 4606 est
825 4545 1026 4606 virtus
1070 4541 1419 4604 intellectus
1462 4547 1765 4619 tanquam
1810 4538 2098 4618 subjecti,

538 4643 781 4718 oportet
807 4643 880 4698 ut
916 4636 1146 4699 habeat
1174 4634 1593 4696 differentiam
1620 4632 1868 4695 virtutis
1904 4632 2102 4694 infor-

538 4729 767 4792 mantis
792 4728 1201 4803 intellectum,
1242 4727 1321 4789 ab
1343 4726 1449 4790 illa
1498 4733 1711 4790 autem
1750 4723 2103 4788 differentia

536 4822 968 4886 intellectualis
994 4828 1271 4884 vocatur.
1310 4819 1477 4882 Idem
1505 4837 1655 4898 ergo
1682 4825 1774 4882 est
1805 4821 2101 4880 virtutem

538 4933 669 4979 esse
694 4913 1179 4978 intellectualem
1218 4931 1291 4975 ac
1320 4931 1450 4975 esse
1490 4915 1787 4975 virtutem
1828 4910 2100 4975 intellec·

537 5017 661 5072 tus.
696 5010 865 5070 Inter
903 5007 1055 5070 alias
1102 5013 1316 5070 autem
1358 5007 1512 5068 duas
1554 5007 1910 5084 sententias,
1961 5007 2100 5068 dico

536 5119 665 5164 osse
692 5101 1027 5164 discrimen
1072 5100 1139 5162 in
1184 5100 1369 5162 modo
1410 5099 1729 5179 loquendi,
1758 5099 1905 5179 quia
1932 5105 2099 5160 utra·

538 5212 659 5275 que
700 5193 1034 5258 confitetur
1080 5193 1271 5255 fidem
1314 5211 1443 5258 esse
1483 5193 1836 5269 obscuram,
1888 5198 1952 5253 et
2001 5193 2096 5254 illi

533 5305 665 5350 non
690 5305 869 5369 posse
906 5287 1155 5352 subesse
1190 5286 1453 5362 falsum3
1496 5286 1665 5348 unde
1696 5305 1777 5348 an
1814 5286 1931 5347 hoc
1970 5287 2095 5348 sul'-

532 5381 700 5444 ficiat
740 5380 819 5444 ad
846 5380 1279 5460 appellandam
1304 5380 1475 5444 illam
1499 5380 1817 5456 virtutem,
1862 5398 2090 5456 necne,

1194 331 1431 384 mspn‘r.
1466 331 1571 384 vu.
1610 331 1689 384 ΒΕ
1724 330 1994 384 leTuTss
2027 329 2191 384 Flam
2219 329 2518 394 QUANTuu
2551 331 2635 384 ΑΙ)
2673 331 2939 386 naeuus
2971 332 3115 386 Esus

2205 431 2272 490 in
2303 449 2428 512 quo
2475 431 2630 494 mibi
2659 432 2856 494 multo
2885 433 3084 512 magis
3110 431 3312 514 placet
3351 430 3456 494 ille
3485 448 3678 511 quem
3703 429 3774 494 in

2207 523 2606 586 conclusione
2633 527 2833 606 posui.

2284 619 2345 680 9.
2407 618 2769 683 Notatiom
2799 637 2918 702 pro
2963 622 3298 685 arcemone
3338 621 3515 702 cujus
3558 619 3773 681 modus

2204 713 2484 793 loquendi
2509 713 2708 794 mayis
2723 713 3339 794 placet—Probatur
3347 716 3486 794 jam
3509 713 3773 777 assertio

2205 805 2585 868 auctoritate.
2606 837 2689 852 -
2713 807 2807 868 Et
2839 807 3536 890 mmm—Responsio
3561 808 3647 872 ad
3663 825 3774 870 ra·

2207 899 2428 962 tionem
2479 900 2874 974 contrariam,
2923 905 2981 964 et
3029 903 3161 980 ojus
3207 903 3550 979 confirmat.
3593 903 3663 964 in
3703 919 3771 964 n.

2206 994 2436 1055 8.—Ut
2457 1000 2668 1056 autem
2689 994 2910 1056 melius
2933 994 3342 1076 intelligatur,
3373 996 3650 1060 notanda
3675 1000 3774 1058 est

2206 1085 2484 1148 doctrina
2513 1087 2582 1148 D.
2627 1087 2882 1150 Thomoe
2919 1091 2974 1148 1.
3007 1089 3071 1164 2,
3121 1095 3334 1170 quaest.
3373 1089 3474 1165 56,
3524 1094 3645 1149 art.
3703 1090 3767 1163 3,

2209 1179 2319 1242 uhi
2345 1179 2672 1260 distinguit
2699 1179 2914 1256 fidem,
2942 1180 3045 1242 vel
3069 1182 3408 1243 secundum
3439 1200 3504 1244 se
3530 1186 3769 1262 specta-

2205 1279 2362 1349 tam,
2399 1272 2465 1335 id
2493 1279 2608 1349 εει,
2660 1280 2732 1334 ιιι
2771 1274 3022 1354 praecise
3063 1275 3329 1354 pertinet
3369 1275 3449 1338 ad
3490 1272 3773 1336 intellec·

2206 1372 2340 1426 tum
2409 1365 2506 1428 vel
2535 1373 2716 1447 prout
2742 1368 2950 1430 subest
2977 1367 3306 1446 voluntati,
3340 1376 3401 1430 et
3427 1367 3508 1430 ab
3534 1368 3646 1428 illa
3667 1385 3765 1428 re-

2199 1459 2351 1540 cipit
2404 1461 2702 1522 moralem
2771 1460 3361 1526 denominationem.
3437 1461 3552 1523 Hic
3611 1478 3766 1540 ergo

2199 1553 2390 1633 priori
2418 1559 2664 1616 tantum
2707 1554 2893 1616 modo
2921 1553 3367 1631 consideratur,
3397 1573 3545 1617 nam
3572 1554 3654 1616 de
3675 1553 3765 1615 al-

2198 1653 2332 1710 tero
2373 1647 2648 1710 dicemus
2673 1649 2939 1710 sectione
2969 1651 3010 1710 2
3052 1655 3114 1711 ει
3157 1651 3216 1711 3.
3244 1651 3398 1712 Item
3435 1647 3766 1728 distinguit

2197 1740 2388 1802 divus
2413 1740 2681 1804 Thomas
2726 1742 2890 1804 inter
2932 1743 3226 1804 virtutem
3275 1741 3764 1806 intellectualem

2195 1842 2257 1897 et
2302 1836 2596 1897 virtutem
2639 1835 3041 1915 simpliciter3
3087 1835 3266 1898 docet
3307 1836 3474 1898 enim
3517 1835 3764 1898 nullam

2196 1929 2516 2005 virtutem,
2543 1928 2664 1989 nisi
2687 1929 3046 2006 voluntatis,
3078 1928 3176 1990 vel
3205 1933 3276 1990 ut
3301 1927 3510 1991 subest
3535 1928 3764 1990 volun·

2191 2023 2330 2098 tati,
2368 2040 2504 2084 esse
2533 2023 2830 2084 virtutem
2873 2022 3231 2102 simpliciter
3241 2039 3260 2100 3
3303 2021 3452 2102 quia
3477 2022 3610 2084 sola
3633 2023 3762 2084 vir-

2191 2125 2292 2180 tus
2320 2116 2656 2177 voluntatis
2699 2116 2904 2177 tendit
2929 2115 3004 2176 ad
3037 2116 3272 2178 bonum
3305 2115 3662 2188 honestum,
3688 2123 3762 2176 ut

2191 2211 2313 2274 tale
2361 2217 2476 2284 est,
2523 2216 2586 2270 et
2625 2209 2864 2272 confert
2903 2209 3140 2270 actibus
3167 2209 3402 2270 bonum
3449 2208 3759 2272 moralem

2190 2324 2392 2367 usum.
2431 2303 2545 2364 Hic
2586 2320 2736 2381 ergo
2776 2320 2904 2364 non
2933 2303 3178 2380 agimus
3215 2301 3294 2362 de
3340 2303 3568 2364 virtute
3603 2305 3756 2366 sim-

2192 2399 2457 2480 pliciter,
2485 2397 2591 2460 sed
2612 2396 2814 2458 solum
2836 2395 2907 2455 iu
2947 2397 3188 2456 ratione
3209 2395 3456 2458 virtutis
3476 2395 3758 2458 intellec·

2191 2491 2395 2553 malis,
2427 2492 2518 2552 lta
2539 2507 2690 2569 ergo
2717 2489 2853 2550 dico
2878 2487 3064 2552 fidem
3105 2488 3444 2550 secundum
3475 2507 3542 2550 se
3561 2489 3758 2551 habe-

2192 2603 2260 2646 re
2283 2585 2450 2646 hunc
2481 2583 2746 2663 gradum
2774 2582 3043 2659 virtutis,
3087 2581 3254 2662 quod
3301 2582 3608 2662 imprimis
3659 2589 3757 2644 est

2185 2685 2668 2742 consentaneum
2697 2677 2882 2739 modo
2903 2675 3194 2756 loquendi
3221 2675 3574 2757 Scripturas,
3597 2696 3754 2738 nam

2185 2774 2266 2834 ad
2293 2771 2628 2835 Colossens.
2656 2772 2698 2831 2
2727 2771 2955 2832 dicitur
2981 2787 3092 2848 per
3123 2769 3314 2832 fidem
3353 2769 3515 2845 dari,
3551 2771 3757 2853 pleni-

2187 2867 2452 2930 tudinum
2467 2862 2825 2928 divitioemm
2853 2862 3192 2926 intellectus
3209 2885 3238 2933 ,·
3263 2862 3570 2942 quomodo
3602 2881 3758 2942 ergo

2187 2977 2314 3022 non
2343 2964 2436 3019 est
2470 2958 2666 3018 virtus
2693 2957 2868 3036 ejus?
2893 2955 3046 3016 Item
3073 2954 3412 3016 Concilium
3447 2955 3757 3018 Milevita-

2189 3069 2368 3128 num,
2395 3069 2528 3130 cap.
2559 3051 2624 3125 ⁴,
2650 3048 2728 3110 de
2764 3047 2887 3109 fide
2917 3047 3172 3128 exponit
3193 3047 3350 3109 illud
3376 3046 3603 3110 Psalmi
3639 3050 3754 3112 65:

2193 3145 2313 3220 Qus·
2351 3146 2514 3208 docet
2555 3143 2845 3206 hominem
2879 3141 3214 3206 scientiam.
3260 3141 3520 3202 Ratione
3555 3142 3759 3205 decla-

2187 3246 2384 3315 ratur,
2413 3239 2564 3318 quia
2602 3236 2802 3296 virtus
2829 3237 3122 3316 potentiae
3149 3241 3242 3296 est
3281 3233 3532 3296 habitus
3575 3236 3756 3299 incli-

2185 3351 2344 3395 nans
2399 3328 2899 3394 indefectibiliter
2971 3328 3312 3409 potentiam
3377 3329 3458 3390 ad
3515 3329 3756 3392 bonum

2185 3443 2392 3501 suum,
2423 3423 2489 3486 id
2511 3429 2624 3499 est,
2653 3439 2896 3502 semper
2921 3423 2998 3484 ad
3028 3421 3286 3499 bonum,
3318 3426 3380 3484 et
3419 3440 3756 3503 nunquam

2186 3520 2264 3582 ad
2311 3518 2589 3594 malum3
2635 3515 2753 3578 hoc
2787 3521 2997 3577 autem
3047 3513 3235 3578 habet
3281 3514 3428 3577 fidei
3473 3515 3752 3590 habitus,

2185 3619 2461 3694 respectu
2487 3610 2873 3686 intellectus3
2923 3627 3072 3670 nam
3111 3609 3350 3671 bonum
3395 3609 3756 3672 intellectus

2185 3716 2277 3774 est
2299 3707 2545 3778 veritas,
2587 3702 2821 3765 malum
2857 3707 3069 3764 autem
3104 3701 3337 3764 falsitas
3349 3719 3372 3782 3
3403 3702 3556 3764 fides
3605 3721 3755 3764 vero

2183 3803 2274 3864 ita
2303 3798 2565 3863 inclinat
2595 3797 2675 3856 ad
2723 3813 2965 3874 verum,
2995 3801 3068 3856 ut
3111 3812 3440 3876 nunquam
3486 3795 3756 3858 inclinet
3849 3791 3851 3793 ’

2185 3895 2266 3958 ad
2297 3892 2560 3968 falsum3
2591 3899 2686 3951 εει
2711 3907 2859 3970 ergo
2895 3891 3114 3952 virtus.
3160 3888 3616 3968 Consequentia
3657 3893 3754 3948 est
3847 3881 3849 3894 ²

2181 3988 2370 4063 clara,
2419 3989 2486 4046 ει
2519 3983 2753 4046 'minor
2797 3982 3166 4063 supponitur
3210 3998 3286 4043 ex
3341 3981 3518 4044 dictis
3583 3981 3748 4062 disp.
3843 3977 3847 4066 ι’

2181 4083 2245 4159 6,
2285 4085 2436 4142 εεει.
2463 4079 2503 4140 5
2517 4092 2540 4155 ;
2569 4077 2771 4155 maior
2807 4081 3018 4138 autem
3069 4075 3390 4156 probatur,
3421 4073 3568 4154 quia
3617 4092 3754 4136 nou

2181 4180 2276 4237 est
2301 4173 2380 4234 de
2413 4171 2656 4232 ratione
2707 4169 2978 4244 virtutis,
3035 4173 3108 4228 ιιι
3157 4167 3417 4230 inclinet
3448 4165 3528 4228 ad
3577 4185 3754 4228 sum-

2179 4283 2356 4330 mum
2411 4264 2648 4326 bonum
2695 4265 3008 4343 potentias,
3055 4261 3212 4324 alias
3257 4261 3390 4322 sola
3427 4279 3558 4324 una
3589 4268 3754 4322 esset
3837 4297 3839 4304 ·

2179 4361 2248 4421 in
2303 4375 2676 4438 unaquaque
2735 4357 3014 4436 potentia
3041 4402 3063 4434 ,
3133 4354 3242 4418 illa
3303 4354 3532 4416 scilicet
3607 4372 3753 4434 quae

2179 4469 2496 4524 summum
2545 4449 2782 4512 bonum
2827 4451 3182 4530 attingeret.
3253 4449 3406 4511 Item
3459 4465 3590 4509 non
3655 4453 3754 4510 est

2181 4546 2260 4608 de
2313 4546 2554 4606 ratione
2607 4543 2853 4604 virtutis
2898 4543 3063 4624 quod
3103 4542 3374 4622 attingat
3426 4539 3750 4619 obJ‘ectum
3831 4599 3833 4602 Α

2181 4655 2430 4700 summa
2479 4635 2878 4717 perfectione,
2909 4635 3062 4698 alias
3089 4653 3227 4715 spes
3253 4652 3382 4696 non
3426 4639 3585 4696 esset
3620 4633 3751 4694 rir-
3829 4699 3831 4708 2

2181 4739 2304 4809 tus,
2345 4730 2493 4812 quia
2523 4747 2653 4792 non
2695 4729 2946 4808 attingit
2985 4730 3184 4792 Deum
3219 4733 3472 4808 propter
3511 4744 3602 4802 se,
3633 4726 3748 4806 qui

2183 4832 2277 4887 εει
2333 4824 2554 4886 modus
2609 4823 3118 4902 perfectissimus3
3170 4839 3284 4882 uec
3353 4819 3748 4901 philosophia

2183 4924 2344 4980 esset
2371 4914 2650 4992 scientia,
2681 4916 2830 4994 quia
2857 4932 2985 4976 non
3008 4921 3100 4978 est
3127 4920 3258 4975 tam
3285 4913 3564 4992 evidens,
3585 4917 3747 4972 sicut

2177 5007 2648 5084 Mathematica3
2685 5026 2833 5087 ergo
2860 5009 2938 5068 ad
2965 5008 3274 5070 rationem
3300 5006 3548 5068 virtutis
3595 5004 3746 5066 satis

2179 5109 2274 5168 εει
2285 5101 2450 5182 quod
2479 5102 2747 5182 attingat
2761 5118 2979 5164 verum
3001 5099 3262 5178 bonum,
3281 5115 3608 5180 nunquam
3635 5097 3743 5158 de-

2179 5195 2474 5259 clinando
2517 5196 2600 5258 ad
2633 5195 2912 5274 malum,
2949 5202 3011 5257 et
3053 5195 3221 5274 quod
3258 5199 3541 5275 respectu
3573 5192 3742 5254 illius

2175 5289 2456 5354 conferat
2495 5290 2573 5350 de
2617 5307 2682 5350 se
2737 5289 3041 5370 optimum
3095 5287 3392 5370 operandi
3453 5288 3741 5364 modum,
3814 5354 3820 5379 1

2175 5381 2408 5443 scilicet
2431 5389 2716 5462 prompte
2755 5388 2819 5443 ει
2845 5381 3311 5456 delectabiliter,
3342 5379 3420 5442 de
3451 5398 3574 5460 quo
3609 5399 3740 5440 ma-

534 5474 737 5536 selum
762 5473 1011 5536 videtur
1036 5479 1313 5552 spectare
1352 5475 1433 5535 ad
1476 5473 1727 5536 modum
1773 5474 2089 5553 loquendi,
2172 5477 2340 5538 xime
2364 5476 2606 5536 locutus
2629 5481 2724 5537 εει
2766 5473 3122 5559 Aristptcles
3161 5473 3516 5538 definiendo
3545 5474 3740 5536 virtu·
3813 5511 3815 5514 <
