3900 6217
902 446 1073 499 SECT.
1107 447 1167 499 V.
1205 447 1289 499 AN
1321 446 1446 501 CUI!
1480 446 1863 501 rna-:cmm
1893 446 2324 499 ELEEUOSYNAE
2353 446 2635 509 onmem,
2676 447 2811 499 mc.

244 545 393 610 dum
420 552 619 625 potest
640 544 781 625 quis
797 545 1061 625 obligari
1080 551 1151 606 ut
1175 545 1503 607 subveniat
1524 546 1809 626 proximo
1836 546 1849 561 ’

244 659 319 702 ex
355 640 535 701 bonis
569 639 780 719 aliquo
810 639 992 701 modo
1022 640 1382 701 necessariis
1426 638 1505 700 ad
1552 644 1805 715 statum,

242 733 525 813 proximo
551 732 862 807 existenti,
886 750 1013 793 non
1040 729 1107 793 in
1132 738 1427 807 extrema,
1454 733 1649 795 sedin
1667 751 1811 811 gra-

244 826 497 889 vissima
522 826 793 905 quadam
822 824 1207 887 necessitate.
1238 826 1381 887 Haec
1406 826 1705 887 suadetur
1732 843 1809 887 ex

245 919 583 998 Scriptura,
624 924 687 981 et
727 917 1031 992 Patribus,
1088 918 1359 979 sectione
1408 918 1805 999 praecedenti,

244 1029 423 1073 num.
455 1015 519 1087 2,
552 1010 861 1071 indicatis.
895 1012 1196 1071 Praeterea
1226 1012 1629 1089 Augustinus,
1662 1011 1729 1071 in
1776 1014 1801 1073 1

246 1105 427 1185 epist.
446 1105 654 1178 Joan„
688 1109 865 1165 tract.
900 1101 1056 1165 5:21
1084 1104 1373 1167 creditore
1413 1106 1811 1186 angustiatum

240 1200 444 1273 frater
484 1203 649 1271 tuus,
680 1196 813 1259 vide
836 1197 897 1259 si
937 1198 1270 1270 misereris,
1305 1197 1363 1259 si
1388 1198 1565 1260 habes
1603 1200 1815 1262 mundi

244 1288 569 1367 facultates
575 1314 602 1363 ;
628 1292 784 1367 forte
815 1289 971 1353 dicis
998 1314 1022 1349 .·
1048 1290 1307 1353 daturus
1334 1308 1467 1353 mm
1494 1292 1817 1371 pecuniam

244 1400 464 1458 meam,
499 1400 571 1445 no
609 1381 713 1445 ille
740 1380 1086 1461 anqustiam
1116 1382 1437 1464 patiatur?
1464 1384 1523 1446 si
1557 1384 1665 1447 Ιιοσ
1708 1382 1819 1445 tibi

244 1474 623 1557 responderit
648 1493 751 1539 cor
790 1480 982 1551 tuum,
1030 1476 1267 1539 dilectio
1298 1475 1523 1539 Patris
1562 1494 1683 1537 non
1727 1479 1816 1538 est

246 1567 315 1629 in
343 1576 423 1644 te,
462 1573 579 1630 etc.
623 1568 885 1631 Ratione
914 1568 1101 1631 etiam
1132 1568 1429 1649 probatur
1446 1591 1465 1644 3
1506 1586 1653 1631 nam
1681 1568 1817 1629 fieri

248 1668 453 1743 potest
487 1673 581 1735 ut,
626 1664 909 1742 quamvis
938 1665 1255 1743 proximus
1294 1682 1423 1726 non
1462 1664 1543 1724 sit
1590 1664 1657 1724 in
1712 1680 1819 1724 ex·

248 1761 452 1816 trema
480 1757 839 1817 necessitate
878 1756 1042 1832 vitm,
1076 1756 1156 1817 sit
1182 1769 1395 1819 tamen
1431 1758 1497 1817 in
1540 1761 1817 1817 extremo

250 1848 529 1928 periculo
552 1847 755 1926 gravis
774 1846 1073 1925 infamias,
1103 1850 1201 1911 vel
1224 1850 1444 1911 similis
1466 1850 1551 1928 inj
1561 1850 1736 1926 uriae,
1758 1854 1820 1909 et

253 1940 365 2001 illa
382 1947 475 2003 est
501 1941 831 2003 necessitas
860 1942 1223 2019 gravissima
1238 1963 1258 2018 3
1284 1961 1459 2022 ergo,
1484 1943 1595 2022 qui
1624 1947 1821 2021 potest

250 2051 383 2095 non
422 2050 653 2115 magna
671 2033 918 2113 jactura
944 2034 1299 2097 divitiarum
1328 2035 1627 2114 impedire
1664 2034 1821 2097 illud

254 2127 521 2203 malum,
553 2132 819 2202 tenetur,
862 2128 1145 2206 quamvis
1173 2128 1335 2189 bona
1381 2128 1489 2189 illa
1520 2146 1647 2189 non
1696 2128 1821 2189 sint

256 2219 571 2301 superflua
592 2220 847 2284 omnino
874 2220 1084 2283 statui.
1110 2222 1289 2301 Ratio
1308 2221 1479 2283 enim
1504 2220 1821 2281 charitatis

256 2314 532 2393 postulat
556 2320 631 2373 ut
652 2314 977 2393 proeseram
1006 2320 1254 2375 tantum
1291 2314 1523 2375 bonum
1554 2314 1823 2393 proximi

255 2425 402 2469 meo
423 2407 817 2469 incommodo
849 2424 977 2469 non
1012 2425 1261 2487 magno.
1286 2408 1515 2469 Similis
1538 2417 1630 2469 est
1648 2426 1823 2471 casus

256 2502 543 2577 carceris,
564 2500 664 2562 vel
688 2501 1057 2581 captivitatis
1084 2509 1393 2581 perpetuae
1408 2517 1431 2579 3
1459 2500 1625 2563 bona
1652 2504 1823 2563 enim

256 2595 361 2655 his
389 2594 569 2657 malis
594 2595 901 2655 contraria
926 2604 1075 2655 sunt
1112 2594 1345 2657 altioris
1372 2595 1607 2657 ordinis
1632 2614 1823 2676 quam

262 2688 523 2749 divitiae..
560 2687 733 2748 Addo
778 2693 1069 2767 praeterea
1120 2687 1283 2757 eirca
1328 2688 1493 2751 bona
1542 2696 1819 2766 externa,

258 2782 539 2843 accidere
584 2798 755 2859 posse
804 2786 875 2843 ut
928 2782 1245 2861 proximus
1294 2782 1363 2842 in
1422 2783 1709 2845 omnibus
1762 2788 1825 2845 et

259 2874 552 2936 maximis
576 2874 844 2935 fortunis
872 2874 999 2935 suis
1044 2874 1483 2937 detrimentum
1524 2878 1818 2956 patiatur,

260 2969 316 3029 si
344 2967 447 3027 hic
492 2974 555 3027 et
597 2984 763 3030 nunc
801 2986 925 3027 non
970 2967 1451 3049 subveniamde
1482 2968 1657 3043 meis,
1687 2970 1823 3029 sine

259 3061 440 3139 gravi
466 3061 703 3139 jactura
736 3060 969 3139 proprii
996 3067 1220 3133 status;
1259 3067 1405 3121 tunc
1441 3078 1589 3140 ergo
1630 3064 1821 3123 etiam

258 3154 425 3217 ratio
446 3152 764 3215 charitatis
785 3153 1052 3233 postulat
1080 3160 1150 3213 ut
1172 3154 1263 3215 illi
1288 3154 1453 3215 dicto
1476 3156 1657 3216 modo
1682 3155 1823 3217 sub·

259 3247 515 3308 veniam
530 3268 547 3321 ;
582 3253 795 3327 patent
822 3248 1297 3327 consequentiae,
1324 3248 1471 3327 quia
1508 3248 1825 3311 moraliter

256 3338 571 3419 loquendo
599 3346 747 3401 tunc
762 3357 1037 3419 possum,
1064 3346 1127 3401 et
1153 3346 1394 3420 tempus
1422 3348 1513 3403 est
1536 3342 1825 3403 maximae

258 3435 641 3497 necessitatis
656 3450 677 3511 ;
739 3452 889 3513 ergo
946 3441 1097 3495 tunc
1150 3435 1384 3515 obligat
1447 3442 1825 3517 praeceptum

260 3527 729 3589 affirmativum.
762 3528 937 3603 Quod
966 3531 1153 3591 etiam
1180 3529 1529 3593 credibilius
1556 3530 1687 3606 fiet,
1718 3530 1825 3593 ad·

260 3621 583 3697 vertendo,
625 3622 768 3683 licet
803 3622 1097 3701 obligatio
1128 3623 1563 3685 misericordias
1590 3624 1828 3685 oriatur

260 3716 347 3779 ab
374 3716 508 3796 ipsa
546 3722 793 3793 natura,
843 3722 1049 3779 tamen
1101 3736 1179 3779 ex
1219 3718 1651 3797 conjunctione
1679 3717 1829 3779 eha-

260 3810 467 3871 ritatIs
507 3812 631 3888 maj
639 3827 811 3873 orem
840 3816 903 3870 et
932 3809 1216 3873 altiorem
1240 3810 1412 3884 fieri3
1444 3830 1593 3873 nam
1626 3810 1829 3871 cbari-

260 3908 363 3963 tas
393 3908 680 3965 naturam
710 3904 982 3984 perficit3
1015 3904 1183 3967 undo
1218 3904 1583 3967 rationabile
1621 3912 1711 3969 est
1760 3912 1831 3967 ut

264 3996 347 4056 ad
377 3997 615 4075 majora
652 3998 833 4078 signa
868 4006 930 4059 et
970 3998 1223 4061 effectus
1248 3999 1693 4061 benevolentiae
1732 4000 1831 4059 in·

266 4090 456 4153 clinet
497 4099 558 4153 et
606 4092 859 4172 obliget.
894 4093 1275 4175 Quapropter
1319 4096 1605 4156 Doctores
1632 4093 1833 4155 sancti

268 4182 711 4263 obligationem
730 4184 891 4247 hanc
918 4188 1119 4266 magis
1136 4188 1205 4247 in
1231 4186 1528 4249 charitate
1550 4204 1742 4267 quam
1763 4188 1833 4249 in

268 4283 497 4339 natura
548 4278 835 4341 tundant.
886 4280 1158 4357 Accedit,
1200 4281 1347 4359 quia
1392 4298 1521 4341 non
1568 4280 1833 4341 dicimus

268 4371 470 4431 teneri
524 4370 797 4450 aliquem
845 4371 921 4434 ad
979 4373 1467 4435 subveniendum
1524 4374 1829 4454 proximo,

266 4466 634 4543 exponendo
678 4486 745 4529 se
791 4467 1017 4547 aequali
1060 4468 1429 4543 necessitati,
1460 4469 1587 4530 imo
1631 4486 1833 4549 neque

267 4558 593 4621 subeundo
630 4577 881 4637 gravem
910 4560 1297 4641 simpliciter,
1328 4561 1433 4621 sed
1463 4561 1659 4623 solum
1689 4582 1831 4624 cum

267 4654 407 4712 sine
432 4670 661 4731 magna
708 4654 1208 4717 incommoditate
1252 4660 1474 4735 potest,
1518 4654 1661 4717 licet
1704 4660 1837 4717 non'

270 4746 355 4805 sit
398 4745 474 4806 de
514 4745 699 4807 rebus
738 4748 995 4809 omnino
1036 4747 1385 4827 superfluiS,
1430 4748 1595 4829 quod
1645 4750 1835 4811 etiam

273 4838 476 4917 magis
502 4840 805 4901 constabit
836 4851 899 4901 et
929 4842 1210 4921 sequenti
1242 4842 1532 4902 sectione.

364 4932 421 4992 6.
464 4932 821 5012 Difficultas
850 4936 1119 5015 qua-dam
1148 4951 1221 4996 em
1242 4935 1518 4998 doctriua
1540 4935 1665 4998 divi
1680 4936 1837 4999 Tho-

276 5042 413 5087 moe.
444 5056 525 5069 —
571 5025 689 5087 Sed
733 5033 1010 5107 superest
1057 5027 1405 5103 difficultaS,
1452 5028 1603 5106 quia
1656 5028 1837 5089 divus

278 5118 545 5179 Thomas
586 5119 652 5179 in
680 5118 969 5180 omuibus
991 5118 1237 5181 videtur
1262 5120 1441 5181 nobis
1476 5121 1789 5181 adversari
1814 5142 1834 5196 3

280 5211 541 5271 articulo
568 5212 736 5273 enim
774 5213 837 5287 6,
862 5218 1078 5292 quaest.
1110 5214 1213 5288 32,
1242 5213 1331 5273 ait
1348 5230 1479 5274 esse
1502 5213 1833 5289 laudabile,

279 5303 359 5363 de
413 5306 771 5366 necessariis
824 5307 904 5368 ad
961 5307 1155 5366 vitam
1206 5305 1537 5367 subvenire
1590 5305 1837 5385 publico

283 5396 473 5473 bono,
490 5403 555 5459 et
580 5398 745 5459 idem
768 5398 916 5459 dicit
938 5400 1147 5461 statim
1172 5399 1247 5459 de
1268 5398 1660 5478 eleemosyna
1676 5399 1841 5460 facta

286 5507 361 5549 ex
391 5490 746 5551 necessariis
788 5490 865 5550 ad
906 5496 1161 5565 statum,
1208 5489 1373 5551 unde
1414 5490 1648 5551 indicat
1684 5490 1839 5551 illud

3331 444 3447 505 687

1888 564 2019 607 esse
2046 547 2469 608 inordinatum
2493 552 2586 607 tot
2605 546 2751 606 dare
2771 545 3211 626 eleemosynas,
3233 554 3302 610 ut
3322 566 3449 609 non

1888 640 2075 720 possit
2133 640 2320 701 homo
2371 640 2814 701 convenienter
2836 640 3070 701 'vivere
3112 643 3450 703 secundum

1888 738 2144 808 statum,
2175 740 2236 794 et
2264 732 2464 793 solum
2500 733 2731 813 excipit
2759 740 3097 795 extremam
3129 738 3450 798 necessita-

1890 837 2020 887 tem
2045 828 2304 906 privatas
2330 844 2630 906 personas,
2661 826 2774 905 vel⁴
2787 828 3211 905 gravissimam
3249 831 3452 911 reipu-

1889 918 2088 980 blicae.
2120 919 2546 1000 Respondetur
2583 920 2928 981 doctrinam
2955 920 3021 982 D.
3049 919 3297 983 Thomae
3323 942 3453 986 esse

1888 1032 2138 1093 prorsus
2164 1015 2446 1075 eamdem
2487 1032 2630 1075 cum
2659 1033 2730 1075 ea
2760 1032 2946 1094 quam
2973 1015 3358 1092 tradidimus,
3381 1023 3453 1078 ut

1890 1105 2208 1167 evidenter
2235 1113 2401 1181 patet
2428 1126 2502 1167 ex
2532 1106 2771 1182 eodem,
2803 1109 2868 1167 in
2903 1114 3116 1186 quaest.
3146 1110 3246 1184 5¹1,
3273 1109 3447 1172 artic.

1897 1201 1958 1273 1,
1987 1199 2065 1259 ad
2097 1202 2157 1274 4,
2185 1204 2244 1261 et
2274 1206 2492 1278 quaest.
2525 1200 2665 1275 118,
2690 1200 2864 1260 artic.
2897 1202 2952 1274 4,
2982 1200 3058 1260 ad
3087 1202 3449 1264 secundum.

1897 1292 2200 1353 Nimirum
2223 1294 2340 1354 hoc
2367 1293 2500 1354 loco
2537 1292 2854 1353 obscurius
2879 1299 2972 1355 est
3015 1292 3277 1368 locutus,
3309 1295 3457 1375 quia

1898 1386 2098 1446 multa
2119 1386 2314 1447 voluit
2339 1385 2548 1465 paucis
2577 1384 2918 1464 complecti.
2950 1385 3350 1467 Quapropter,
3387 1388 3454 1449 in

1897 1479 2082 1540 citato
2125 1479 2384 1539 articulo
2435 1485 2629 1554 sexto,
2677 1477 2878 1559 solum
2926 1479 3196 1539 intendit
3238 1480 3456 1542 docere

1896 1571 2047 1650 quid
2071 1572 2135 1631 in
2153 1570 2266 1634 hac
2285 1572 2542 1633 materia
2563 1571 2644 1631 sit
2666 1570 2924 1647 bonum,
2951 1572 3178 1652 quidve
3197 1574 3451 1635 malum.

1896 1664 2071 1726 Unde
2100 1663 2408 1725 laudabile
2454 1664 2546 1724 ibi
2587 1682 2710 1724 non
2749 1662 3059 1742 significat
3103 1666 3452 1742 consilium,

1903 1758 2001 1818 vel
2029 1763 2426 1837 praeceptum,
2456 1756 2558 1817 vel
2603 1764 2843 1817 tantum
2871 1758 2938 1817 in
2975 1759 3251 1835 consilio,
3289 1758 3458 1837 quod

1900 1853 1972 1913 D.
2033 1851 2300 1912 Thomas
2347 1850 2602 1930 reliquit
2642 1839 3070 1911 definiendum
3107 1851 3182 1913 de
3239 1852 3458 1914 ordine

1899 1944 2238 2008 charitatis
2275 1947 2344 2005 In
2387 1944 2658 2006 secundo
2707 1951 2914 2006 autem
2959 1945 3144 2022 dictu,
3182 1946 3344 2025 quod
3380 1947 3460 2006 sit

1900 2037 2321 2099 inordinatum
2347 2044 2438 2099 tot
2459 2037 2605 2098 dare
2633 2038 3077 2117 eleemosynaS,
3109 2044 3254 2111 etc„
3287 2038 3460 2117 loqui

1902 2131 2148 2191 videtur
2174 2131 2251 2192 de
2271 2129 2524 2192 homine
2542 2132 2650 2210 qui
2665 2131 2849 2192 habet
2875 2130 3200 2208 familiam,
3227 2138 3288 2191 et
3310 2132 3462 2193 alias

1902 2223 2332 2303 obligationes·
2399 2223 2688 2297 Quamvis
2741 2225 2927 2285 etiam
2987 2224 3108 2285 dici
3159 2225 3349 2305 possit
3390 2224 3460 2284 in

1902 2318 2162 2379 articulo
2209 2317 2426 2397 quinto
2471 2317 2593 2377 duo
2650 2318 2852 2397 capita
2899 2317 3168 2396 posuisse
3227 2316 3462 2395 obliga·

1902 2410 2105 2471 tionis·
2133 2410 2560 2489 eleemosynae,
2592 2409 2841 2483 scilicet,
2873 2416 3218 2471 extremam
3255 2426 3465 2471 neces-

1904 2504 2172 2579 sitatem,
2191 2510 2254 2563 et
2276 2504 2656 2582 superfluum
2687 2502 3067 2583 simpliciter,
3099 2506 3246 2583 quia
3265 2520 3466 2564 mora-

1902 2597 2070 2673 liter,
2087 2604 2150 2659 et
2161 2603 2398 2658 attenta
2409 2596 2735 2657 hominum
2753 2596 3126 2671 conditione,
3143 2596 3464 2676 quodlibet
3502 2644 3508 2651 .

1904 2691 2128 2752 horum
2176 2710 2286 2771 per
2329 2708 2394 2751 se
2431 2690 2653 2751 sufficit
2696 2689 2773 2750 ad
2821 2688 2982 2751 hanc
3017 2689 3461 2768 obligationem

1903 2786 2356 2859 inducendam3
2392 2784 2507 2845 hoc
2532 2802 2680 2863 ergo
2727 2801 2908 2859 sensu
2945 2784 3096 2843 dicit
3128 2784 3192 2843 in
3239 2790 3456 2863 qnaest.

1903 2881 2005 2954 32,
2037 2897 2115 2941 ex
2143 2879 2286 2939 solis
2313 2878 2670 2939 necessariis
2707 2877 2784 2937 ad
2825 2882 3052 2938 statum
3090 2894 3202 2956 per
3242 2896 3306 2938 se
3333 2894 3463 2938 non

1901 2972 2052 3032 oriri
2111 2971 2590 3050 obligationem3
2623 2987 2750 3029 nou
2805 2976 3018 3030 tamen
3067 2977 3257 3048 negat
3310 2970 3464 3049 quin

1902 3064 2151 3127 aliunde
2180 3082 2256 3125 ex
2287 3082 2517 3142 magna
2537 3065 2894 3125 necessitate
2920 3064 3210 3144 proximi,
3225 3070 3466 3124 attento

1902 3159 2122 3221 ordine
2159 3158 2500 3229 charitatis,
2531 3156 2722 3236 possit
2747 3156 3084 3237 aliquando
3127 3157 3297 3217 oriri.
3329 3156 3466 3217 Alia

1904 3251 2162 3331 quaestio
2211 3251 2312 3311 hic
2354 3256 2691 3329 supererat,
2739 3268 2818 3309 an
2869 3268 2948 3310 ex
2985 3248 3342 3310 necessariis
3385 3248 3465 3309 ad

1904 3346 2096 3405 vitam
2141 3349 2432 3403 teneatur
2459 3344 2618 3423 quis,
2651 3343 2751 3403 vel
2785 3349 2948 3403 certe
2990 3343 3180 3422 possit
3210 3341 3467 3402 honeste

1906 3439 2106 3500 facere
2145 3436 2640 3514 eleemosynam3
2679 3435 2785 3496 sed
2830 3437 2898 3496 in
2941 3434 3234 3514 disputat.
3266 3435 3307 3495 9
3335 3450 3468 3494 me·

1904 3531 2025 3592 lius
2064 3530 2449 3610 expedit-tur,
2474 3530 2714 3608 agendo
2733 3529 2810 3590 de
2837 3528 3052 3591 ordine
3074 3526 3374 3589 servando
3399 3526 3466 3586 in

1906 3623 2198 3704 operibus
2225 3622 2680 3685 misericordiae.

2530 3818 2747 3872 sssc‘rlo
2781 3816 2840 3872 V.

1921 3998 2164 4069 Utmm,
2218 4014 2346 4060 cum
2392 3996 2756 4077 pra-ceptum
2807 3990 3190 4076 eleemosynae
3221 3994 3468 4077 obliqui,

1988 4108 2222 4156 necesse
2256 4091 2344 4153 sit
2383 4092 2626 4165 donare,
2657 4090 2748 4153 vel
2776 4089 2932 4153 satis
2968 4092 3058 4154 eit
3083 4095 3384 4153 mutuare.

1996 4282 2024 4340 1
2039 4324 2054 4339 .
2089 4276 2310 4339 Pn'ma
2334 4274 2656 4349 sententia,
2679 4274 2920 4355 ejusque
2945 4276 3129 4338 ratio.
3146 4308 3224 4321 —-
3243 4272 3474 4349 Confir-

1910 4378 2121 4436 παίειν
2133 4372 2354 4451 pm'mo.
2385 4400 2465 4414 —
2498 4367 2911 4445 confirmatur
2937 4370 3210 4432 secundo.
3233 4400 3316 4415 --
3343 4368 3474 4429 Pri·

1912 4484 2016 4527 ma
2038 4464 2344 4526 sententia
2374 4463 2552 4522 docet
2569 4478 2811 4540 semper
2833 4462 2978 4521 satis
2997 4478 3126 4521 esse
3145 4466 3468 4533 mutuare3

1912 4560 2000 4619 ita
2016 4557 2204 4619 habet
2216 4559 2544 4630 Navarrus,
2567 4554 2634 4614 in
2654 4554 2948 4629 Manuali,
2975 4572 3027 4615 c.
3054 4556 3153 4628 17,
3171 4569 3340 4613 num.
3369 4555 3472 4629 61,

1914 4659 1977 4714 et
1995 4668 2130 4731 cap.
2160 4652 2264 4726 24,
2299 4666 2472 4709 num.
2507 4651 2579 4725 ὃς
2618 4648 2862 4723 Covar„
2899 4646 3096 4725 regul.
3126 4648 3474 4721 Peccatum,

1912 4752 2073 4825 part.
2099 4746 2162 4820 2,
2189 4744 2226 4825 ξ
2257 4748 2314 4819 1,
2356 4761 2533 4803 num.
2565 4744 2628 4817 3,
2655 4742 2845 4801 secuti
2873 4740 3242 4815 Adriannm,
3275 4739 3478 4813 Quod-

1914 4838 2022 4899 lib.
2057 4843 2118 4913 1,
2149 4840 2323 4899 artic.
2350 4839 2412 4910 2,
2447 4844 2508 4897 et
2532 4837 2595 4896 in
2625 4838 2687 4910 4,
2729 4836 2796 4895 in
2826 4834 3088 4895 materia
3123 4832 3200 4893 de
3227 4832 3473 4907 Restit„

1916 4936 2131 5011 quaest.
2167 4933 2266 4993 33.
2297 4931 2476 4993 Ratio
2505 4946 2722 4991 eorum
2755 4934 2869 5002 est,
2905 4929 3054 5005 quia
3080 4925 3348 4985 charitas
3381 4941 3478 4983 so-

1914 5024 2047 5085 lum
2117 5025 2347 5105 obligat
2417 5025 2494 5085 ad
2573 5021 3066 5083 subveniendum
3127 5016 3478 5079 necessitati

1914 5118 2183 5197 proximi
2209 5134 2230 5195 3
2291 5124 2356 5178 at
2399 5118 2544 5179 satis
2595 5115 2948 5177 sublevatur
3003 5130 3113 5193 per
3159 5116 3473 5171 mutuum.

1916 5212 2093 5272 Unde
2122 5212 2188 5271 in
2217 5212 2532 5290 Scriptura
2559 5210 2870 5272 interdum
2889 5208 3026 5267 haec
3045 5205 3341 5283 obligatio
3369 5220 3478 5283 per

1918 5311 2205 5365 mutuum
2237 5305 2595 5383 explicatur,
2625 5304 2772 5363 Luc.
2795 5305 2838 5363 6
2870 5322 2884 5361 :
2920 5298 3260 5375 Benofacite
3273 5304 3331 5360 et
3347 5314 3480 5359 mu-

1919 5404 2087 5461 tuum
2115 5400 2288 5468 datm
2307 5405 2372 5458 et
2397 5397 2552 5459 Psal.
2585 5400 2685 5471 36,
2717 5398 2794 5457 de
2817 5396 2984 5475 justo
3013 5394 3240 5454 dicitur
3269 5412 3284 5451 ε
3325 5392 3480 5453 Tota

1921 5492 2370 5564 &amiantum
2402 5494 2460 5552 et
2477 5492 2804 5552 commodat
2822 5514 2848 5561 ,·
2879 5488 3160 5566 idemque
3176 5485 3482 5565 reperitur

289 5600 417 5643 esse
444 5583 707 5659 consilii,
740 5602 865 5645 non
912 5584 1199 5663 proecepti
1215 5600 1237 5661 3
1286 5588 1347 5644 et
1400 5590 1608 5663 postea
1634 5584 1844 5645 subdit
1924 5583 2148 5643 Psalm.
2174 5587 2312 5659 111,
2343 5584 2568 5644 Eccies.
2595 5586 2702 5643 29:
2731 5581 3052 5644 Femur-are
3069 5583 3348 5661 proximo
3377 5583 3479 5641 tuo
