3900 6217
508 357 629 420 234

507 555 761 618 tendere
796 556 1255 636 praedictionem
1286 573 1418 619 esse
1445 554 1769 618 fundatam
1793 555 1860 616 in
1886 574 2068 636 prees·

509 649 735 710 cientia
776 649 1152 710 futurorum.
1186 649 1445 724 Quando
1492 668 1639 712 vero
1667 652 2068 712 comminatio

508 749 599 804 est
626 743 705 803 de
748 742 943 823 poenis
972 741 1438 822 temporalibus,
1482 747 1682 824 potest
1714 748 1777 806 et
1807 744 2065 804 commi-

508 836 749 898 natorie
776 842 839 897 et
864 835 1143 898 absolute
1172 836 1458 916 intelligi,
1486 836 1654 916 quia,
1686 838 1929 899 etiamsi
1957 837 2068 899 ho·

508 947 611 992 mo
638 929 1029 1008 emendetur,
1055 947 1217 1012 saepe
1238 935 1449 993 tamen
1476 931 1637 994 Deus
1659 931 1849 994 infert
1875 932 2066 1014 talem

506 1041 793 1106 poenam3
826 1025 1139 1105 quomodo
1164 1041 1315 1088 vero
1342 1025 1745 1104 intelligenda
1770 1026 1870 1102 sit,
1896 1033 2068 1090 certo

506 1120 759 1202 quidem
788 1121 989 1182 solum
1020 1135 1097 1182 ex
1124 1121 1369 1198 effectu,
1409 1119 1814 1202 probabiliter
1852 1127 2068 1182 autem

504 1233 583 1278 ex
628 1215 833 1278 verbis
882 1221 945 1277 ct
984 1214 1349 1295 conjecturis
1394 1215 1598 1296 colligi
1640 1222 1860 1296 potest.
1908 1216 2068 1291 Quia

504 1327 653 1372 vero
698 1310 995 1387 conditio,
1040 1327 1183 1390 quae
1228 1309 1295 1372 in
1332 1308 1431 1372 his
1474 1310 2064 1372 comminationibus

504 1403 1007 1483 subintelligitur,
1048 1403 1343 1484 supponit
1382 1407 1609 1466 statum
1637 1403 1779 1478 viae,
1810 1409 1873 1466 et
1908 1403 2062 1466 libe·

502 1513 643 1558 rum
670 1495 1001 1558 arbitrium
1028 1496 1298 1560 flexibile
1336 1496 1415 1560 ad
1443 1496 1700 1572 bonum,
1730 1497 1871 1558 ideo
1898 1515 2064 1558 com·

502 1590 875 1655 minationes
902 1609 1043 1678 quq
1066 1590 1229 1654 flunt
1256 1591 1333 1654 de
1371 1591 1569 1674 poenis
1608 1590 2062 1673 pertinentibus

503 1685 581 1748 ad
622 1690 857 1748 statum
902 1685 1375 1765 damnatorum,
1428 1685 1777 1772 absolutum
1806 1703 2058 1748 sensum

500 1777 754 1842 habent.

582 1875 684 1938 10.
712 1872 815 1938 Aa
843 1875 1349 1956 confirmationem
1374 1874 1445 1940 in
1468 1892 1635 1938 arom.
1666 1829 2080 1940 7.—Secsm-'

502 1969 581 2034 da
610 1968 857 2049 objectio
876 1970 1271 2053 principalis.
1294 1999 1379 2020 -ο
1403 1970 1497 2032 Ad
1525 1969 2060 2034 confirmationem

498 2063 815 2146 responsio
860 2063 970 2127 illa
1012 2065 1275 2127 obscura
1314 2063 1472 2127 mihi
1501 2081 1745 2146 semper
1782 2067 1913 2126 visa
1940 2071 2056 2142 est,

499 2175 617 2220 nec
654 2156 840 2238 plane
866 2177 1145 2240 unquam
1186 2158 1501 2238 satisfecit,
1536 2177 1675 2240 qum
1702 2159 1867 2220 inter
1901 2158 2064 2220 Tho-

500 2251 717 2314 mistas
762 2251 1235 2330 circumfertur,
1288 2253 1612 2315 occasione
1660 2269 1875 2314 eorum
1923 2271 2064 2333 quoe

499 2351 749 2406 sanctus
798 2346 1020 2407 Doctor
1064 2345 1315 2420 scribit,
1359 2348 1388 2407 1
1442 2365 1536 2427 p.‚
1570 2365 1634 2428 q.
1686 2347 1796 2423 19,
1829 2352 1947 2408 art.
1992 2349 2056 2422 7,

498 2443 562 2500 et
580 2441 641 2500 2.
673 2439 737 2516 Ξ,
768 2445 985 2520 qnaest.
1019 2443 1157 2516 171,
1190 2457 1250 2500 a.
1280 2440 1343 2514 6,
1372 2439 1453 2500 ad
1480 2439 1543 2514 Ξ,
1570 2444 1632 2500 et
1658 2444 1877 2518 quaest.
1913 2441 2054 2515 173,

498 2537 617 2594 art.
651 2535 709 2608 1,
743 2531 823 2594 de
854 2531 1083 2614 duplici
1118 2533 1305 2595 modo
1346 2550 1472 2614 quo
1509 2533 1670 2594 Deus
1718 2531 1929 2594 futura
1959 2551 2060 2594 co-

497 2627 739 2704 gnoscit
758 2672 778 2702 ,
805 2627 873 2688 in
915 2627 1114 2688 causis
1136 2626 1465 2700 nimirum,
1488 2632 1551 2688 et
1572 2626 1639 2686 in
1661 2625 1875 2705 seipsis
1902 2627 2058 2686 exis-

496 2717 770 2782 tentibus
808 2721 1059 2783 realiter
1098 2720 1166 2782 in
1210 2722 1341 2798 ipsa
1386 2719 1751 2782 aeternitate.
1784 2719 2054 2799 Uterque

494 2813 665 2876 enim
692 2813 913 2875 modus
938 2813 1205 2876 difficilis
1231 2814 1486 2876 omnino
1516 2820 1797 2893 apparet,
1826 2820 1897 2874 ut
1929 2815 2056 2874 suis

494 2905 644 2968 locis
668 2908 785 2968 erit
826 2907 1285 2969 discutiendum
1311 2911 1357 2967 ¹.
1399 2907 1781 2986 Quapropter
1806 2906 1884 2966 ad
1912 2924 2054 2985 pro·

495 3000 756 3080 positam
794 3001 860 3062 in
889 2999 1165 3062 hocloco
1193 3000 1750 3075 confirmationem,
1786 3017 2054 3061 summa-

495 3095 611 3156 tim
646 3093 909 3156 dicimus
940 3111 1069 3156 non
1110 3092 1310 3155 solum
1357 3092 1637 3155 absolute
1680 3092 1917 3169 futura,
1946 3092 2056 3153 sed

496 3188 683 3250 etiam
719 3187 933 3248 futura
960 3185 1074 3247 sub
1102 3187 1456 3248 conditione
1497 3185 1836 3247 certissime
1866 3203 1903 3246 a
1934 3187 2056 3246 Deo

496 3279 665 3356 sciri,
718 3280 908 3359 idque
968 3298 1094 3342 non
1140 3298 1218 3341 ex
1262 3279 1415 3342 reali
1470 3278 1679 3359 aliqua
1726 3279 2057 3358 proesentia

499 3391 607 3435 seu
648 3373 1047 3436 coexistentia
1089 3391 1231 3434 cum
1274 3374 1398 3436 Deo
1423 3373 1557 3453 jam
1599 3379 1749 3433 tunc
1774 3391 1915 3433 cum
1944 3371 2054 3432 illa

494 3465 692 3543 novit,
739 3473 847 3527 aut
886 3467 1077 3528 etiam
1122 3464 1205 3527 ob
1234 3467 1653 3546 cognitionem
1697 3482 2049 3540 causarum,

493 3561 663 3640 quia,
710 3579 851 3622 cum
898 3558 1111 3622 liberm
1150 3559 1276 3621 sint
1313 3561 1413 3638 (de
1455 3560 1553 3621 his
1596 3560 1766 3621 enim
1814 3559 2076 3630 contin-,

495 3651 789 3733 gentibus
831 3669 1036 3716 sermo
1068 3660 1161 3715 est
1184 3656 1229 3732 ),
1260 3671 1505 3734 semper
1536 3652 1960 3714 indifferentes
1987 3652 2054 3714 in

492 3753 635 3810 actu
698 3748 901 3828 primo
954 3764 993 3808 a
1040 3747 1165 3808 Deo
1210 3752 1273 3809 et
1322 3746 1541 3828 quovis
1580 3745 1901 3808 intellectu
1946 3763 2054 3808 eo-

494 3846 898 3920 gnoscuntur,
926 3845 1113 3921 atque
1141 3840 1295 3902 adeo
1323 3840 1678 3902 nullatenus
1706 3838 1785 3900 ad
1814 3844 2056 3900 certum

492 3934 764 4014 aliquem
786 3933 1070 3996 effectum
1106 3934 1565 4009 determinatae3
1602 3932 1708 3994 sed
1734 3933 1881 4012 quia
1904 3930 2056 3993 talia

490 4026 726 4102 futura,
766 4027 893 4088 sive
926 4026 1205 4098 absolute
1238 4026 1449 4088 futura
1490 4027 1638 4103 sint,
1682 4027 1811 4087 sive
1849 4024 2051 4086 solum

492 4135 567 4182 ex
616 4119 969 4182 conditione
992 4165 1013 4194 ,
1063 4120 1353 4182 veritates
1402 4119 1685 4200 quasdam
1735 4119 2054 4198 obJectivae

491 4219 661 4288 sunt,
710 4213 791 4274 ab
837 4211 1085 4275 infinita
1130 4214 1238 4275 Dei
1277 4213 1505 4274 virtute
1543 4211 1928 4291 intelligendi
1956 4227 2054 4274 so-

490 4305 812 4368 lummodo
855 4306 1258 4387 attingibileS,
1288 4307 1529 4369 ratione
1560 4307 1737 4385 cujus
1778 4305 2052 4367 scientias

490 4400 827 4461 certissime
848 4401 1109 4462 revelari
1136 4406 1393 4480 possunt
1410 4417 1447 4460 a
1472 4400 1620 4476 Deo,
1649 4407 1710 4460 et
1736 4399 2053 4459 interdum

491 4493 871 4568 revelantur,
918 4493 1088 4555 nullo
1126 4511 1278 4554 vero
1322 4494 1509 4554 modo
1542 4493 1606 4552 in
1640 4492 1913 4567 confuso,
1946 4497 2054 4552 aut

490 4601 634 4646 cum
662 4585 1247 4647 indeterminatione
1282 4586 1515 4664 aliqua,
1557 4603 1633 4646 ex
1666 4590 1833 4663 parte
1860 4583 2054 4663 ipsius

490 4677 603 4739 Dei
642 4678 1001 4751 revelantis,·
1026 4678 1121 4740 vel
1152 4679 1469 4760 prophetae
1512 4677 1657 4740 talia
1694 4676 1906 4738 futura
1946 4677 2056 4738 Dei

492 4772 749 4833 nomine
777 4771 1191 4852 praedicentia.
1224 4775 1433 4853 ltaque
1470 4771 1780 4851 praedictae
1830 4769 2054 4830 confir-

492 4865 785 4926 mationis
821 4873 1206 4946 assumptum
1254 4866 1471 4946 negari
1510 4865 1693 4926 debet
1715 4909 1735 4939 ,
1778 4863 2054 4942 itemque

494 4957 964 5036 praedictionem
992 4958 1165 5020 illam
1192 4976 1268 5020 ex
1294 4962 1323 5020 1
1348 4957 1501 5038 Reg.
1528 4959 1715 5020 tuisse
1740 4955 2052 5020 ullatenus

490 5049 814 5113 incertam.

576 5238 597 5276 ¹
638 5235 1064 5299 Discutiuntur
1082 5238 1241 5317 jam,
1266 5243 1403 5300 tum
1432 5238 1499 5300 in
1532 5240 1782 5319 Opusc.,
1813 5237 1855 5302 l.
1903 5240 1943 5300 Ξ
1973 5237 2050 5300 de

491 5329 781 5406 Auxiliis,
828 5337 891 5392 ct
916 5329 959 5393 l.
1010 5334 1040 5392 1
1090 5331 1167 5392 de
1205 5332 1501 5394 Absoluta
1542 5332 1835 5409 Scientia,
1876 5351 1933 5396 c.
1967 5336 2046 5410 63

490 5423 841 5584 &33:251
862 5423 930 5487 in
965 5425 1011 5486 l.
1045 5427 1069 5487 1
1106 5423 1185 5488 de
1208 5425 1524 5505 Praedest.,
1551 5446 1605 5489 c.
1630 5429 1691 5504 7,
1716 5432 1780 5490 et
1804 5425 2046 5507 Proleg.

921 363 1159 417 marm.
1191 363 1317 416 vm.
1354 364 1435 416 ΒΕ
1466 363 1892 418 marmenem
1924 365 2088 420 Fmss!
2122 365 2203 418 AB
2235 365 2500 419 OHMBUS
2532 365 2713 420 BONIS
2743 369 2824 420 ΕΤ
2857 369 3120 435 canus,
3155 373 3286 425 mc.

508 460 839 526 verbm-m.
878 462 1037 524 Nam
1092 461 1408 524 interdum
1442 460 1697 526 effectus
1737 467 1937 542 potest
1977 478 2074 522 os-

2234 466 2332 524 11.
2379 463 2657 528 Secunda
2729 467 2974 547 objectio
3038 471 3421 550 principalis.
3455 509 3526 520 --
3549 476 3668 540 Alia

2149 556 2476 620 difficultas
2503 559 2569 620 in
2593 559 2710 622 bac
2735 567 2799 622 et
2825 564 3210 643 praecedente
3239 566 3558 646 quaestione
3578 589 3668 634 su·

2147 655 2374 730 percat,
2401 653 2553 732 quia
2595 655 2809 716 omnia
2837 673 2980 736 quoe
3025 658 3295 722 diximus
3339 660 3413 722 de
3446 672 3578 724 actu
3617 672 3670 728 et

2147 744 2388 824 objecto
2435 747 2776 828 prophetiae
2801 795 2821 826 ,
2863 752 3220 814 communia
3259 763 3398 814 sunt
3435 758 3588 818 actui
3617 766 3678 822 et

2145 839 2384 919 objecto
2433 839 2576 902 fidei
2589 887 2608 917 ,
2649 861 2792 904 cum
2837 850 3048 908 tamen
3087 845 3419 926 prophetis
3457 849 3668 912 donum

2145 933 2502 998 distinctum
2529 937 2609 998 sit
2629 953 2649 1015 ;
2675 943 2926 1019 propter
2951 938 3071 1002 hoc
3091 957 3242 1021 crgo
3267 942 3536 1022 proxima
3559 961 3669 1008 sec-

2147 1027 2238 1090 tio
2259 1028 2638 1094 instituenda
2659 1037 2774 1094 est.

2769 1287 2986 1342 saeuo
3017 1289 3077 1341 V.

2155 1457 2374 1526 Utrum
2401 1464 2575 1523 actus
2593 1459 2926 1540 prophetia·
2951 1461 3037 1524 sit
3058 1461 3294 1524 evidens
3305 1486 3333 1535 ;
3362 1466 3530 1544 atqu
3554 1465 3674 1528 adeo

2303 1553 2584 1636 quomodo
2614 1553 2688 1618 ab
2717 1559 2857 1616 actu
2889 1553 3034 1633 fidoi
3077 1553 3534 1634 distinyuatm?

2223 1788 2282 1846 1.
2329 1773 2552 1847 Prima
2579 1782 2784 1864 opinio
2805 1785 3141 1864 ammaus.
3161 1817 3244 1830 ·-—
3265 1781 3676 1865 cajetam.—

2147 1877 2430 1944 Sscunda
2463 1877 2663 1959 opinio
2695 1874 2928 1941 omniuo
2953 1879 3389 1960 nequa—Duae
3417 1886 3554 1940 sunt
3579 1877 3678 1944 hoc

2140 1971 2276 2034 loco
2303 1969 2624 2032 sententia
2661 1977 2981 2033 extremm.
3025 1970 3234 2033 Ptima
3261 1970 3525 2034 affirmat
3553 1991 3677 2053 pro-

2142 2067 2370 2148 phetioe
2404 2074 2614 2130 actum
2661 2083 2903 2145 semper
2949 2083 3078 2127 esse
3105 2063 3458 2127 evidentem
3499 2066 3564 2127 ia
3597 2073 3676 2128 at-

2141 2166 2453 2222 testante:
2485 2161 2576 2222 ita
2615 2160 2964 2238 Caietanus,
3010 2161 3073 2220 2.
3111 2161 3192 2234 2,
3241 2177 3306 2240 q.
3365 2161 3425 2235 1,
3469 2173 3578 2222 art.
3617 2163 3674 2237 4,

2142 2271 2204 2334 q.
2241 2256 2302 2330 5,
2331 2259 2452 2315 art.
2499 2257 2561 2330 1,
2591 2269 2652 2332 q.
2688 2255 2830 2331 171,
2865 2257 2984 2314 art.
3019 2254 3078 2326 5,
3113 2253 3222 2332 qui
3269 2254 3445 2314 varia
3477 2271 3678 2331 conge-

2140 2347 2224 2409 rit
2247 2347 2384 2410 loca
2411 2348 2480 2410 D.
2513 2347 2768 2408 Thomae
2793 2392 2813 2423 ,
2863 2345 2972 2408 sed
3011 2345 3222 2407 nullus
3275 2349 3369 2408 est
3413 2351 3679 2426 apertus;

2137 2440 2346 2503 solum
2379 2441 2549 2502 euim
2587 2441 2677 2501 ait
2703 2439 3094 2521 prophetiam
3119 2457 3255 2501 esse
3295 2439 3674 2501 certissimam

2137 2535 2556 2615 cognitionem
2585 2533 3044 2595 immutabilem
3073 2540 3136 2595 et
3177 2531 3582 2608 infallibilem,
3615 2549 3676 2594 ut

2139 2634 2309 2709 patet
2334 2628 2675 2708 quaestione
2721 2626 2830 2688 illa
2874 2629 3016 2702 171,
3067 2630 3184 2688 art.
3234 2629 3306 2700 δ,
3349 2633 3413 2687 et
3447 2628 3484 2688 3
3527 2633 3672 2688 cont.

2134 2727 2334 2802 gent„
2373 2739 2510 2800 cap.
2547 2722 2688 2794 154,
2717 2726 2782 2781 et
2807 2726 3028 2800 quaest.
3061 2722 3138 2781 12
3167 2721 3248 2780 de
3272 2719 3556 2795 veritate,
3581 2719 3678 2779 nbi

2134 2815 2335 2876 solum
2365 2815 2612 2875 videtur
2637 2813 2870 2893 aliquid
2905 2813 2982 2875 ad
3011 2829 3144 2874 rem
3169 2811 3460 2886 scribere,
3489 2818 3596 2874 art.
3625 2815 3676 2884 1,

2133 2907 2214 2970 ad
2253 2911 2316 2984 4,
2375 2907 2526 2968 dum
2569 2906 2891 2968 constituit
2943 2905 3360 2968 differentiam
3412 2906 3568 2966 inter
3615 2904 3677 2965 fl-

2135 3002 2278 3062 dem
2319 3008 2382 3062 et
2409 3000 2822 3080 prophetiam,
2847 2999 3012 3080 quod
3039 2999 3190 3061 fides
3219 2998 3496 3079 perficiat
3513 2999 3677 3060 intel-

2133 3095 2362 3156 lectum
2393 3095 2462 3156 in
2493 3093 2714 3155 ordine
2745 3093 2822 3153 ad
2851 3093 3172 3167 affectum,
3211 3111 3342 3154 non
3388 3109 3533 3153 vero
3557 3111 3679 3172 pro—

2136 3187 2370 3268 phetia,
2402 3205 2526 3268 qua
2563 3192 2730 3249 certe
2761 3183 3109 3248 differentia
3131 3186 3270 3248 vult
3311 3192 3514 3247 actum
3549 3185 3678 3246 fidei

2137 3299 2268 3342 esse
2309 3280 2680 3361 imperatum
2710 3298 2750 3340 a
2772 3280 3112 3354 voluntate,
3155 3297 3286 3340 non
3315 3297 3462 3341 vero
3491 3284 3677 3340 actum

2136 3374 2519 3455 prophetiae3
2549 3373 2716 3434 unde
2761 3371 2958 3448 addit,
3005 3381 3274 3455 oportere
3301 3378 3373 3436 ut
3411 3373 3678 3455 propbeta

2137 3467 2422 3531 distincte
2465 3467 2754 3546 inspiciat
2799 3485 2932 3547 qua.-
2977 3467 3280 3544 coquoscit
3301 3493 3329 3540 ,·
3371 3483 3494 3526 vox
3529 3465 3679 3526 euim
3773 3505 3786 3522 .

2139 3561 2424 3626 distincte
2467 3580 2594 3623 non
2639 3559 2909 3623 confusae
2937 3561 3302 3640 cognitioni,
3335 3560 3441 3622 sed
3481 3559 3678 3620 ohscu-

2133 3675 2221 3720 rae
2251 3657 2498 3718 videtur
2533 3655 2786 3735 opponi,
2825 3673 2970 3714 eum
3005 3655 3208 3734 posita
3251 3655 3334 3714 sit
3375 3651 3456 3714 ad
3480 3651 3678 3714 distin·

2133 3751 2446 3830 guendam
2479 3747 2666 3810 fidem
2694 3765 2732 3808 a
2773 3747 3113 3828 prophetia.
3146 3747 3224 3808 Et
3242 3745 3392 3822 hinc
3415 3745 3482 3805 in
3502 3760 3679 3823 quaes·

2133 3845 2304 3908 tione
2329 3843 2438 3905 illa
2474 3844 2613 3918 171,
2643 3853 2760 3903 art.
2797 3845 2853 3913 1,
2887 3841 2968 3902 ad
3000 3843 3063 3916 4,
3111 3840 3200 3902 ait
3235 3839 3406 3900 idem
3435 3839 3504 3899 D.
3535 3837 3678 3898 Tho·

2135 3955 2268 3998 mas
2295 3955 2406 4017 per
2433 3935 2822 4016 prophetiam
2845 3934 2934 3995 ita
2963 3932 3195 4013 percipi
3227 3931 3465 4008 divina,
3491 3937 3558 3992 ut
3583 3947 3682 3990 aa·

2133 4029 2369 4092 feratur
2406 4028 2794 4090 obscuritatis
2817 4032 2882 4088 et
2907 4025 3278 4106 ignorantia
3298 4024 3602 4098 velamen,
3625 4027 3680 4080 et

2133 4131 2250 4186 art.
2285 4125 2346 4200 3,
2372 4123 2450 4186 ad
2473 4124 2536 4198 Ξ,
2558 4121 2946 4202 prophetiam
2967 4119 3246 4181 conferre
3273 4119 3677 4198 cognitionem

2133 4235 2366 4293 rerum,
2393 4233 2580 4295 quam
2623 4232 2746 4275 nou
2773 4216 3011 4276 confert
3035 4212 3211 4289 fides,
3245 4211 3412 4292 quod
3437 4228 3558 4272 non
3584 4227 3681 4290 po·

2133 4317 2252 4372 test
2285 4307 2586 4370 verificari
2614 4308 2738 4369 nisi
2768 4308 3008 4369 ratione
3037 4306 3388 4369 evidentiae.
3419 4303 3680 4367 Secunda

2134 4403 2443 4465 sententia
2463 4402 2718 4462 omnino
2759 4407 2948 4479 negat
2975 4401 3394 4478 cognitionem
3429 4396 3678 4478 prophe-

2137 4497 2238 4557 tiae
2267 4513 2442 4575 posse
2481 4513 2612 4554 esse
2657 4495 3032 4555 evidentem.
3067 4493 3244 4567 Quod
3283 4492 3678 4553 communiter

2133 4589 2408 4650 sentiunt
2430 4588 2782 4662 Themistae,
2814 4605 2886 4648 eo
2907 4587 3068 4666 quod
3097 4589 3157 4647 Ξ.
3189 4588 3254 4661 2,
3283 4591 3498 4666 quaest.
3553 4583 3674 4659 173,

2135 4687 2252 4744 art.
2285 4683 2348 4758 2,
2379 4681 2454 4741 ad
2501 4681 2563 4756 3,
2602 4680 2907 4757 habeatur
2927 4680 3322 4762 prophetiam
3359 4681 3678 4759 importare

2135 4773 2470 4856 quamdam
2502 4774 2962 4850 obscuritatem,
3015 4781 3080 4836 et
3123 4774 3192 4835 in
3240 4773 3388 4836 locis
3417 4772 3552 4834 aliis
3597 4770 3678 4831 vi·

2133 4869 2354 4930 ‹leatur
2381 4874 2628 4929 sanctus
2657 4868 2876 4928 Doctor
2911 4869 3232 4948 requirere
3261 4864 3678 4928 certitudinem

2135 4962 2204 5022 in
2255 4959 2578 5042 propheta.
2625 4959 2745 5022 Sed
2789 4961 2999 5023 media
3053 4961 3160 5022 via
3200 4959 3380 5022 nobis
3424 4955 3678 5020 tenenda

2131 5062 2245 5117 est.

2211 5151 2271 5212 Ξ.
2315 5147 2594 5213 Assertio
2662 5148 2890 5228 mm.
2937 5181 3022 5197 --
3085 5147 3346 5229 objectio
3413 5142 3677 5228 Cajetani

2130 5257 2249 5304 non
2289 5246 2486 5324 cca-yet.
2531 5273 2614 5290 -
2654 5241 2800 5302 Dico
2849 5239 3044 5320 igitur
3099 5243 3304 5322 primo
3333 5245 3350 5280 ⁸
3393 5257 3521 5302 non
3557 5255 3678 5299 esse

2133 5353 2378 5415 semper
2421 5327 2834 5396 necessarium
2869 5339 2940 5395 ut
3005 5333 3362 5415 prophetica
3397 5331 3678 5397 revelatio

2219 5527 2238 5564 ⁸
2287 5519 2442 5587 Vide
2482 5536 2670 5607 supra
2693 5519 2757 5586 d.
2790 5521 2851 5600 5,
2883 5527 3028 5584 sect.
3062 5521 3122 5597 8,
3153 5539 3192 5584 a
3229 5536 3405 5588 num.
3439 5523 3534 5588 w.
