3900 6217
670 368 840 421 SEC'I'.
876 371 933 421 V.
970 370 1053 422 AN
1088 370 1401 424 PRINCIPES
1434 368 1783 424 cnmsTle
1814 369 2105 421 mnsam·
2138 368 2412 431 ALIQUEM
2444 368 2696 425 JUSTUM.
2732 366 2867 419 E'rc.

114 476 413 547 possent
459 472 655 532 invasi
699 490 763 533 se
792 470 1139 534 defendere.
1183 473 1358 535 Unde
1392 473 1567 535 fieret
1604 472 1730 533 bel·

116 560 267 621 lum
304 566 625 643 utrinque
651 566 911 644 justum.

211 656 283 718 2.
340 656 621 731 obiectio
644 676 719 720 es·
749 658 947 721 Lavit.
980 660 1078 733 18,
1113 676 1221 739 quo
1250 666 1428 741 pacto
1460 660 1735 722 solvatur

120 751 201 813 ab
264 752 566 830 Awyust.
590 798 608 828 ,
658 752 970 835 Epiphan.
990 799 1008 830 ,
1066 752 1341 818 Cassian.
1360 753 1729 818 —Aliorum

120 844 377 907 solu-tio
433 847 752 925 probatur.
789 880 869 893 -
896 847 1176 927 Oppones
1217 896 1232 921 ,
1292 866 1437 909 nam
1500 847 1729 927 populo

127 935 567 1014 lsrael-licuit
594 937 827 999 bellum
850 938 969 1000 hoe
996 940 1178 1002 titulo
1222 947 1437 1001 contra
1473 940 1730 1001 idolola-

120 1036 295 1103 τηε,
338 1038 423 1091 ut
466 1037 634 1110 patet
656 1032 849 1093 Levit.
878 1034 976 1094 18.
1012 1032 1372 1113 Respondeo
1404 1034 1606 1095 varios
1636 1052 1729 1095 as-

124 1124 392 1201 signari
450 1123 667 1185 titulos
716 1126 880 1187 illius
918 1126 1066 1189 belli
1083 1144 1103 1205 3
1143 1128 1523 1208 Augustinus
1542 1174 1561 1203 ,
1610 1146 1763 1189 ser·-

126 1234 337 1277 mone
402 1220 529 1280 115
580 1219 657 1279 de
693 1220 1026 1298 Tempore,
1060 1222 1480 1301 Epiphanius,
1511 1222 1731 1283 haeresi

131 1314 242 1385 66,
288 1318 360 1372 et
394 1313 705 1388 Cassian„
732 1312 935 1374 collat.
965 1316 1025 1389 5,
1054 1334 1186 1392 cap.
1232 1318 1333 1391 24,
1365 1316 1583 1377 volunt
1612 1322 1733 1377 ter·

131 1422 281 1466 ram
314 1405 511 1466 illam
546 1406 911 1485 pertinuisse
944 1410 1085 1486 jure
1112 1408 1503 1469 haereditario
1544 1410 1621 1470 ad
1651 1408 1735 1469 Is-

134 1498 420 1572 raelem,
460 1500 569 1577 qui
604 1517 680 1560 ex
702 1500 843 1560 Sem
870 1500 1291 1573 descendebat,
1316 1503 1415 1563 cui
1443 1502 1569 1563 Noe
1598 1520 1735 1582 par-

132 1598 269 1651 tem
324 1591 522 1652 illam
553 1592 804 1653 dederat
832 1594 893 1654 in
932 1594 1376 1670 haereditatem,
1406 1614 1593 1675 quam
1627 1613 1735 1674 per

138 1685 275 1743 vim
326 1684 539 1746 frater
574 1686 765 1748 Cham
810 1694 1235 1767 occupaverat.
1270 1687 1448 1750 Hunc
1476 1689 1732 1749 titulum

136 1794 261 1837 nec
296 1778 519 1855 probo
546 1796 660 1839 uec
688 1779 989 1858 improbo,
1035 1781 1184 1860 quia
1218 1782 1500 1842 neutrius
1543 1782 1734 1861 partis

140 1871 309 1930 ratio
346 1872 659 1950 suppetit.
703 1871 823 1932 Alii
866 1872 1081 1933 dicunt
1125 1873 1373 1935 titulum
1406 1870 1592 1934 fuisse
1625 1874 1735 1934 Dei

142 1964 604 2036 donationem,
638 1966 747 2045 qui
782 1966 965 2044 plane
1004 1984 1187 2027 verus
1214 1973 1336 2044 est3
1372 1964 1543 2027 addit
1590 1984 1735 2027 vero

145 2056 580 2134 Augustinus,
614 2064 821 2136 quaest.
860 2060 961 2132 ⁶20,
998 2060 1063 2119 in
1091 2060 1273 2121 Josue
1296 2106 1315 2135 ‚
1355 2060 1499 2121 licet
1532 2060 1735 2138 justus

146 2156 307 2211 esset
333 2150 597 2225 tituluS,
624 2152 769 2228 quia
794 2157 1003 2213 tamen
1034 2171 1161 2213 nou
1189 2143 1428 2232 poterat
1453 2154 1735 2213 demons-

152 2244 334 2318 trari,
368 2260 627 2322 semper
652 2242 841 2304 fuisse
874 2246 1159 2323 quaesitos
1184 2246 1334 2306 alios
1361 2248 1559 2323 magis
1591 2265 1737 2307 con-

153 2342 393 2396 stantes
428 2343 499 2395 et
527 2345 773 2415 apertos
791 2360 808 2411 3
852 2338 1177 2413 nimirum,
1218 2340 1366 2417 quia
1398 2339 1501 2399 vel
1530 2340 1736 2401 hostes

159 2430 571 2506 denegabant
596 2431 926 2491 transitum
951 2450 1060 2512 per
1082 2450 1439 2493 communes
1458 2434 1611 2505 vias,
1636 2434 1734 2497 vel

160 2540 563 2601 aggressores
588 2531 789 2596 eraut,
828 2543 899 2585 ac
925 2524 1155 2585 bellum
1185 2525 1578 2585 inchoabant.
1608 2526 1735 2587 Dici

163 2620 347 2677 etiam
379 2622 593 2695 potest
626 2636 728 2677 eos
754 2636 881 2678 non
910 2616 1111 2678 solum
1148 2617 1331 2678 fuisse
1354 2618 1730 2696 idololatras,

162 2709 263 2768 sed
314 2708 707 2780 homicidaS,
761 2728 907 2770 nam
968 2710 1391 2770 sacrificabant
1444 2712 1734 2791 parvulos

166 2803 560 2875 innocentes,
592 2820 777 2880 quare
807 2820 909 2863 eos
947 2802 1126 2863 titulo
1155 2802 1529 2863 detensionis
1554 2805 1735 2865 inno-

168 2895 441 2954 centium
472 2894 724 2956 licuisse
754 2895 1080 2956 debellare.

246 2988 303 3047 3.
346 2987 739 3051 Enucloatwr
778 2988 974 3067 mayis
1002 2989 1332 3069 praedictus
1366 2988 1583 3051 titulus
1603 3038 1619 3065 ,
1666 2992 1734 3053 de

174 3098 283 3158 quo
314 3082 379 3141 in
418 3082 584 3158 disp.
616 3082 693 3141 18
732 3081 799 3143 de
824 3081 996 3156 Fide,
1026 3088 1171 3145 sect.
1203 3084 1262 3141 4.
1292 3081 1735 3143 —Adverteu-

178 3172 319 3231 dum
374 3190 533 3232 vero
565 3174 730 3234 circa
771 3173 939 3234 hunc
989 3174 1281 3249 titulum,
1332 3192 1367 3233 a
1421 3175 1735 3236 nonnullis

174 3266 633 3341 quodammodo
680 3266 966 3342 admitti,
1006 3266 1059 3326 si
1093 3267 1251 3327 forte
1284 3268 1493 3346 aliqua
1526 3286 1738 3348 respu-

173 3355 323 3417 blica
353 3359 591 3418 coleret
620 3377 812 3419 unum
836 3360 1051 3433 Deum,
1076 3360 1369 3440 principis
1392 3366 1602 3421 autem
1632 3380 1737 3422 ne·

174 3452 365 3527 quitia
397 3452 477 3510 ad
516 3451 930 3511 idololatriam
978 3451 1325 3513 inclinaret.
1367 3454 1539 3513 Tunc
1569 3455 1737 3514 enim

173 3542 312 3603 licet
342 3560 597 3605 movere
634 3544 867 3606 bellum
911 3551 1127 3605 contra
1158 3546 1523 3625 principem.
1566 3547 1739 3620 Quod

177 3654 387 3695 verum
437 3642 557 3710 est,
594 3638 644 3697 si
678 3656 790 3717 per
839 3640 964 3698 vim
1008 3640 1288 3717 princeps
1318 3642 1447 3719 ipse
1492 3648 1737 3719 cogeret

177 3729 447 3791 subditos
488 3732 569 3791 ad
625 3732 1038 3793 idololatriam
1063 3749 1084 3810 3
1130 3750 1299 3793 secus
1352 3740 1560 3795 autem
1608 3754 1735 3795 non

180 3835 326 3883 esset
356 3824 673 3885 sufficiens
692 3842 871 3886 causa
886 3824 1055 3901 belli,
1088 3828 1207 3887 nisi
1237 3833 1366 3887 tota
1397 3828 1737 3925 respublica

178 3921 407 3992 peteret
462 3917 769 3977 auxilium
820 3924 1035 3979 contra
1088 3938 1271 3979 suum
1334 3922 1730 4001 principem3

182 4008 319 4085 quia
355 4010 461 4069 ubi
496 4011 731 4071 coactio
776 4030 903 4071 non
949 4012 1316 4089 intervenit,
1358 4013 1561 4074 locum
1607 4032 1733 4075 nou

180 4098 357 4161 habet
398 4103 701 4163 defensio,
745 4104 821 4165 Et
860 4105 1263 4167 confirmatur
1302 4108 1541 4185 primo,
1588 4109 1735 4186 quia

184 4194 387 4254 eadem
434 4197 679 4257 ratione
734 4214 977 4277 semper
1028 4198 1240 4260 liceret
1297 4199 1573 4260 indicere
1610 4200 1735 4261 tale

183 4284 405 4347 bellum
452 4296 709 4369 propter
759 4292 1015 4352 tuendos
1062 4293 1359 4353 innocuos
1396 4294 1729 4373 parvulos;

185 4381 441 4441 secundo
468 4428 487 4456 ,
552 4379 761 4442 liceret
818 4385 1101 4446 similiter
1140 4386 1303 4447 inter
1354 4388 1732 4449 Christianos

186 4472 479 4552 principes
510 4477 754 4554 propria
776 4479 1135 4539 auctoritate
1154 4480 1405 4559 suscipi.
1436 4482 1729 4561 Denique,

188 4582 569 4647 quacumque
602 4570 840 4631 ratione
867 4571 1083 4631 'titulus
1123 4571 1226 4631 hic
1273 4572 1500 4635 habere
1526 4575 1733 4637 locum

186 4660 386 4733 possit,
440 4678 567 4721 non
610 4662 888 4741 proprius
936 4663 1425 4727 Christianorum
1466 4675 1590 4743 est,
1628 4669 1733 4729 sed

194 4755 529 4813 communis
562 4772 701 4815 cum
726 4756 803 4815 iis
833 4756 1203 4831 infidelibuS,
1239 4760 1346 4837 qui
1373 4779 1568 4821 unum
1597 4768 1733 4822 tan-

191 4850 313 4902 tum
344 4846 535 4906 Deum
576 4846 880 4923 colerent,
916 4850 1119 4928 sicque
1164 4858 1411 4930 possent
1448 4855 1587 4931 jure
1630 4854 1733 4915 de-

189 4934 428 4999 fendere
450 4985 469 5015 ,
522 4942 896 5020 quicumque
942 4943 1173 5005 vellent
1220 4945 1507 5006 eumdem
1535 4948 1728 5008 Deum

191 5030 373 5091 colere
402 5080 419 5106 ,
471 5034 555 5093 ab
620 5036 879 5115 aliisque
933 5044 1299 5115 cogerentur
1348 5040 1427 5099 ad
1478 5041 1733 5103 idolola-

190 5123 383 5183 triam.
1501 5182 1520 5201 ,

264 5218 320 5276 4.
362 5220 601 5285 Penius
654 5224 876 5285 titulus
927 5225 1191 5288 absolute
1234 5224 1731 5306 improbatur.—

193 5306 417 5371 Tertius
442 5315 656 5375 titulus
694 5321 785 5376 est
807 5316 1066 5378 dominii
1094 5318 1361 5397 supremi
1392 5318 1458 5377 in
1494 5324 1729 5398 tempo-

198 5400 446 5480 ralibus;
476 5415 757 5470 astruunt
794 5412 1092 5472 nimirum
1122 5412 1272 5471 dicti
1301 5416 1604 5486 auctores„
1636 5412 1730 5472 in-

198 5492 425 5575 fideles,
464 5506 566 5562 aut
607 5520 783 5565 veros
834 5504 1119 5568 dominos
1178 5522 1304 5567 non
1346 5522 1477 5567 esse
1518 5520 1728 5572 rerum

3253 362 3369 420 747

1812 490 1963 551 quas
1983 470 2315 550 possident,
2341 478 2449 531 aut
2473 470 2908 549 imperatorem
2938 466 3367 539 christianum,

1812 571 1923 624 aut
1949 570 2112 624 certe
2141 564 2468 624 Summum
2507 562 2864 624 Pontificem
2909 561 3134 623 habere
3175 562 3373 622 direc-

1812 663 1948 717 tum
2008 656 2354 717 dominium
2401 654 2740 735 temporale
2787 656 2976 715 totius
3023 654 3222 733 orbi23
3264 654 3371 714 sed

1812 751 1948 811 hoec
1975 750 2186 810 omnia
2213 756 2356 809 sunt
2379 768 2538 810 vana
2566 757 2626 811 et
2653 748 2910 810 conficta
2930 797 2943 820 ‚
2971 755 3043 807 ut
3082 749 3149 808 in
3178 755 3372 810 mate-

1811 843 1905 903 ria
1932 844 2008 903 de
2039 842 2312 903 dominio
2337 848 2396 903 et
2424 842 2498 902 de
2522 841 2764 919 legibus
2791 846 3092 902 tractatur
3119 844 3162 899 ¹.
3191 836 3372 901 Dein·

1813 936 1911 1011 de,
1943 942 2074 997 esto
2113 936 2180 995 in
2222 954 2288 995 re
2333 935 2474 996 talis
2505 934 2722 995 titulus
2757 936 3070 1009 existeret,
3097 939 3371 995 attamen

1809 1046 2010 1107 neque
2052 1028 2406 1089 infidelibus
2439 1026 2809 1088 sufficienter
2855 1026 3094 1088 ostendi
3145 1031 3366 1105 posset,

1812 1140 2016 1202 neque
2057 1128 2300 1201 possent
2328 1122 2465 1201 cogi
2497 1122 2574 1183 ad
2619 1121 2991 1183 credendum
3039 1120 3372 1182 subsistere

1778 1216 1935 1277 -tale
1965 1216 2312 1277 dominium
2329 1238 2346 1291 ς
2381 1233 2528 1293 ergo
2555 1233 2757 1294 neque
2799 1215 2936 1293 cogi
2968 1214 3048 1275 ad
3079 1213 3373 1275 obedien-

1813 1310 1988 1371 dum.
2013 1310 2288 1371 Tandem
2335 1328 2408 1371 eo
2435 1310 2620 1370 titulo
2661 1310 2792 1389 jam
2831 1314 3034 1389 posset
3085 1310 3247 1388 Papa
3273 1308 3372 1370 vel

1813 1402 2148 1483 imperator
2178 1420 2362 1481 agere
2399 1402 2632 1465 bellum
2673 1408 2887 1463 contra
2939 1418 3155 1462 omnes
3201 1402 3370 1481 priu-

1814 1495 1979 1574 cipes
2003 1495 2386 1557 christianos
2409 1496 2704 1570 Quocircav
2723 1495 3367 1572 animadvertendum,

1815 1591 2098 1668 quamvis
2118 1588 2401 1651 Pontifex
2428 1590 2723 1650 indirecte
2753 1588 2978 1650 habeat
3006 1594 3372 1668 potestatem

1813 1698 2164 1760 supremam
2193 1683 2261 1743 in
2305 1680 2771 1762 temporalibuS‚
2816 1699 2953 1743 eam
2991 1688 3226 1758 tamen,
3263 1699 3374 1763 per

1814 1776 2186 1855 &eloquendo
2202 1821 2221 1849 ‚
2249 1793 2490 1854 semper
2515 1794 2858 1855 supponere
2885 1779 3248 1854 potestatem
3284 1775 3379 1835 di-

1813 1874 2044 1930 rectam
2074 1868 2141 1929 lu
2169 1868 2627 1947 spiritualibus,
2675 1868 2934 1948 ideoque
2975 1868 3144 1929 illam
3175 1872 3375 1947 potes-

1815 1967 2008 2023 tatem
2032 1962 2420 2037 indirectam,
2453 1980 2562 2041 per
2591 1980 2656 2023 se
2681 1963 3014 2042 loquend0,
3045 1980 3168 2023 nou
3197 1978 3378 2041 posse

1817 2054 2065 2116 extendi
2105 2055 2182 2115 ad
2229 2054 2528 2129 infideleS,
2571 2056 2638 2116 -in
2674 2073 2825 2135 quos
2854 2056 3083 2117 directa
3112 2060 3376 2135 potestas

1816 2147 1877 2207 in
1913 2148 2333 2227 spiritualibus
2379 2167 2505 2210 non
2553 2148 2734 2210 datur
2775 2149 2840 2209 in
2883 2150 3014 2228 ipso
3055 2146 3373 2208 Pontifice.

1815 2241 1960 2302 Dico
1989 2249 2194 2301 autem
2225 2260 2342 2322 per
2367 2258 2452 2315 se,
2497 2244 2644 2321 quia
2687 2261 2798 2321 per
2824 2239 3108 2303 accidens
3137 2241 3376 2302 contiu-

1816 2352 1960 2413 gere
1976 2335 2152 2422 ‘aliud
2178 2341 2395 2415 potest,
2419 2342 2490 2395 ut
2509 2336 2717 2397 statim
2744 2335 2968 2396 dicam.

1898 2430 1956 2495 5.
2008 2428 2276 2501 Quartus
2327 2430 2550 2494 titulus
2591 2430 2969 2511 expenditur.
3003 2460 3086 2476 -—
3109 2429 3376 2502 Quartus

1814 2521 2034 2583 titulus
2064 2522 2340 2599 affertur,
2367 2522 2534 2603 quod
2561 2520 2842 2583 infideles
2885 2522 3134 2583 barbari
3162 2523 3284 2581 sint
3311 2528 3374 2581 et

1813 2616 2034 2695 inepti,
2055 2622 2127 2677 ut
2152 2635 2214 2678 se
2245 2616 2684 2678 convenienter
2710 2623 2951 2694 regant.
2976 2616 3137 2677 Ordo
3165 2620 3374 2675 autem

1814 2716 2054 2771 naturae
2105 2710 2376 2790 postulat
2423 2716 2494 2771 ut
2539 2710 2967 2790 prudentiores
3019 2710 3374 2788 gubernent

1812 2802 2167 2879 huiusmodi
2209 2804 2516 2879 homiues,
2547 2804 2711 2882 quod
2753 2803 2962 2864 docuit
2994 2801 3370 2878 Aristoteles,

1814 2897 2016 2975 primo
2043 2890 2466 2969 politicorum,
2498 2912 2631 2974 cap.
2669 2899 2727 2970 1,
2769 2895 2900 2970 ubi,
2929 2913 3064 2973 cap.
3099 2897 3159 2969 5,
3199 2893 3374 2955 docet

1816 2989 2047 3050 bellum
2097 2998 2319 3050 natura
2343 2990 2578 3068 justum
2611 3006 2775 3063 esse,
2826 2988 2990 3067 quod
3025 2994 3235 3048 contra
3265 2986 3374 3047 ho-

1816 3083 2015 3143 mines
2045 3082 2396 3160 suscipitur,
2423 3083 2531 3160 qui
2566 3082 2643 3143 ad
2673 3082 3014 3161 parendum
3043 3082 3175 3141 nati
3203 3086 3373 3155 sunt,

1816 3194 2014 3254 neque
2078 3192 2291 3255 parere
2346 3174 2584 3236 volunt.
2644 3175 2843 3253 Atque
2891 3174 3062 3234 hunc
3116 3174 3371 3233 titulum

1816 3267 2101 3347 probavit
2127 3268 2344 3345 Major,
2391 3267 2454 3325 in
2484 3268 2556 3341 2,
2592 3266 2861 3327 distinct.
2909 3269 3007 3343 44,
3043 3272 3260 3346 quaest.
3295 3269 3331 3328 3
3351 3288 3368 3341 ;

1818 3366 1881 3421 et
1918 3360 2040 3421 late
2065 3360 2439 3438 Sepulveda,
2469 3358 2579 3419 lib.
2610 3364 2671 3429 7,
2705 3376 2837 3438 cap.
2873 3362 2933 3421 2.
2963 3363 3040 3422 At
3069 3360 3236 3420 enim
3271 3361 3374 3421 hic

1818 3452 2036 3513 titulus
2085 3454 2359 3531 primum
2415 3472 2542 3513 non
2597 3459 2795 3533 potest
2852 3472 2979 3514 esse
3030 3453 3370 3533 generaliS,

1818 3565 1967 3606 nam
2009 3546 2259 3606 evidens
2287 3552 2381 3605 est
2427 3544 2652 3605 multos
2699 3565 2826 3607 esse
2882 3545 3160 3607 infideles
3202 3548 3373 3623 inge-

1818 3640 2114 3701 niosior-es
2153 3638 2469 3716 fidelihus,
2503 3647 2563 3700 et
2607 3641 2874 3719 aptiores
2915 3640 2988 3701 ad
3031 3658 3130 3701 res
3171 3640 3374 3719 politi-

1819 3753 1941 3795 cas,
1975 3734 2277 3808 Secundo,
2338 3740 2408 3793 ut
2443 3732 2546 3794 hic
2597 3734 2816 3794 titulus
2871 3734 3097 3794 habeat
3140 3734 3369 3808 locum,

1814 3844 1941 3887 non
1970 3828 2117 3887 satis
2141 3834 2231 3889 est
2259 3827 2610 3888 existimare
2637 3827 2906 3907 aliquam
2937 3827 3252 3887 nationem
3283 3846 3373 3887 es-

1815 3940 1878 3981 se
1906 3922 2162 4001 ingenio
2185 3922 2563 3994 inferiorem,
2595 3922 2700 3981 sed
2729 3940 2856 3982 esse
2879 3922 2966 3982 ita
2997 3923 3270 4000 inopem,
3305 3926 3374 3981 ut

1815 4015 2180 4093 regulariter
2209 4015 2411 4093 potius
2438 4015 2712 4075 ferarum
2745 4034 2914 4075 more
2949 4032 3134 4094 quam
3178 4014 3375 4074 homi-

1815 4125 1972 4167 num
2000 4106 2186 4175 vivat,
2219 4107 2432 4185 quales
2466 4108 2756 4169 dicuntur
2794 4110 2839 4168 ii
2883 4108 3013 4187 qui,
3059 4127 3202 4168 cum
3233 4106 3374 4167 nul·

1815 4200 1939 4261 lam
1968 4199 2240 4261 habeant
2265 4200 2605 4261 humanam
2654 4201 2928 4280 politiam
2954 4246 2974 4278 ,
3015 4201 3167 4261 nudi
3197 4219 3374 4281 pror-

1816 4313 1919 4355 sus
1960 4293 2278 4369 incedunt,
2331 4294 2616 4355 carnibus
2658 4302 2990 4356 vescuntur
3040 4294 3370 4369 humaniS,

1816 4392 1932 4448 etc.
1977 4388 2052 4447 Et
2077 4388 2128 4446 si
2163 4388 2271 4466 qui
2298 4388 2450 4447 tales
2503 4396 2649 4448 sunt
2669 4433 2688 4463 ,
2734 4388 3024 4449 debellari
3057 4395 3368 4467 poterunt,

1813 4498 1939 4539 nou
1985 4485 2054 4539 ut
2098 4480 2584 4555 interficiantur,
2633 4480 2738 4541 sed
2776 4486 2846 4541 ut
2878 4480 3154 4542 humano
3186 4482 3372 4542 modo

1815 4572 2243 4648 instituantur,
2284 4588 2346 4633 et
2384 4574 2546 4651 juste
2591 4580 2906 4651 regantur.
2959 4576 3120 4635 Raro
3161 4581 3372 4635 tamen

1814 4672 1923 4727 aut
1967 4682 2284 4745 nunquam
2340 4668 2760 4729 admittendus
2805 4675 2898 4729 est
2935 4668 3077 4729 talis
3133 4668 3369 4744 titulus,

1813 4760 1927 4820 nisi
1961 4758 2068 4818 ubi
2107 4759 2496 4821 intercedunt
2544 4762 2871 4823 occisiones
2909 4762 3236 4823 hominum
3276 4763 3373 4823 in-

1814 4858 2145 4913 nocentum
2165 4898 2185 4927 ,
2219 4858 2281 4913 et
2321 4853 2551 4913 similes
2601 4855 2846 4938 injurias
2879 4878 2893 4915 ε
2937 4872 3128 4935 quare
3168 4856 3372 4934 potius

1813 4946 2029 5005 titulus
2075 4945 2175 5006 hic
2217 4953 2539 5007 revocatur
2574 4948 2652 5008 ab
2692 4948 2925 5010 bellurn
2959 4948 3370 5020 defensivum,

1811 5058 1999 5119 quam
2025 5042 2466 5118 aggressivum.
2499 5044 2777 5103 Tandem
2806 5044 3159 5105 Aristoteles
3185 5062 3372 5123 supra

1811 5139 1960 5193 tunc
1979 5132 2177 5193 solum
2207 5134 2293 5192 ait
2320 5134 2503 5195 licere
2529 5136 2644 5196 hoc
2669 5136 2928 5210 bellum,
2951 5136 3200 5215 quando
3221 5136 3371 5197 dicti

1809 5226 2117 5302 homines,
2146 5226 2256 5306 qui
2281 5228 2532 5307 regendi
2556 5228 2965 5305 debellantur,
2983 5237 3111 5291 tam
3142 5228 3374 5293 distant

1893 5417 1909 5453 ¹
1961 5414 2116 5475 Vide
2143 5412 2250 5479 lib.
2289 5416 2329 5481 2
2361 5414 2438 5476 de
2471 5415 2710 5495 Legib„
2751 5434 2804 5477 c.
2838 5420 2898 5487 7,
2931 5420 2992 5477 et
3045 5417 3111 5482 in
3153 5416 3366 5483 Defen-

1810 5508 1983 5574 sione
2015 5507 2181 5582 fidei,
2206 5506 2318 5569 lib.
2345 5509 2420 5583 3,
2455 5526 2511 5570 c.
2551 5512 2609 5585 1,
2641 5511 2680 5570 4
2705 5515 2766 5569 et
2789 5512 2848 5577 5.
