3900 6217
683 286 854 341 SEC'r.
889 286 972 339 w.
1009 287 1094 339 AN
1123 286 1326 339 OMNES
1359 286 1616 339 FIDELES
1645 286 2021 339 TENEANTUR
2054 286 2415 339 HAERETlcos
2445 286 2773 350 mmcmus‚
2808 288 2949 340 mc.

226 396 334 451 etc.
357 404 376 465 3
425 404 570 466 ergo
622 386 726 449 ille
767 386 920 449 ordo
965 392 1058 447 est
1101 387 1358 447 omnino
1407 384 1766 459 servandus,

225 481 466 561 quando
483 486 800 559 peccatum
829 485 918 541 est
940 480 1193 541 omnino
1227 479 1558 553 occultum,
1589 476 1770 557 quale

223 576 594 655 significatur
621 592 734 655 per
759 574 936 635 illam
965 574 1354 654 particulam,
1385 576 1452 635 in
1479 578 1558 644 te,
1601 577 1662 633 et
1691 570 1768 632 ad

223 685 520 729 summum
541 668 1064 747 progrediendum
1084 673 1177 729 est
1203 684 1398 747 usque
1427 665 1504 727 ad
1533 666 1770 726 denun-

223 763 532 825 tiationem
561 762 1016 840 evangelicam3
1061 780 1208 841 ergo
1235 760 1533 822 nonlicet
1561 759 1640 821 ad
1661 759 1768 837 ju-

221 853 493 916 dicialem
518 853 800 915 transire.
836 854 1141 929 Secundo,
1173 854 1340 916 idem
1373 852 1668 935 probatur
1693 868 1771 911 ex

221 946 484 1027 generali
503 946 717 1025 regula
738 947 895 1025 juris
929 948 1232 1022 canonici,
1261 948 1421 1028 quod
1433 946 1650 1009 delicta
1677 962 1770 1007 oc·

223 1041 378 1103 mata
403 1038 642 1119 judicio
665 1039 865 1103 divino
907 1046 1316 1114 reservantur,
1347 1058 1482 1119 cap.
1519 1037 1602 1102 Si
1647 1038 1774 1103 Sa-

221 1135 438 1203 cerdos,
465 1133 544 1193 de
561 1132 772 1195 officio
787 1132 1108 1206 ordinarii,
1129 1151 1182 1195 c.
1205 1132 1482 1206 Qualiter
1502 1137 1558 1193 et
1587 1150 1776 1211 quan-

221 1230 308 1299 do,
334 1227 408 1287 de
435 1226 965 1297 Accusationibus‚
991 1245 1122 1305 cap.
1159 1225 1459 1300 Christus,
1493 1228 1551 1298 1,
1579 1242 1775 1303 qnaes-

222 1322 365 1381 tion.
403 1324 462 1394 1,
508 1326 572 1380 et
605 1339 740 1400 cap.
795 1320 876 1384 Sa·
921 1322 1146 1391 omnia,
1177 1322 1240 1394 6,
1271 1324 1486 1399 quaest.
1519 1320 1542 1381 1
1575 1338 1590 1390 ;
1625 1336 1772 1397 ergo

223 1432 534 1491 nunquam
561 1414 704 1475 licet
730 1420 1048 1493 peccatum
1081 1413 1168 1474 sie
1195 1413 1526 1484 occultum,
1556 1414 1773 1473 etiam-

223 1507 268 1566 si
291 1506 540 1567 haeresis
566 1506 666 1581 sit,
697 1508 776 1567 ad
798 1506 1144 1567 humanum
1165 1506 1473 1584 judicium
1505 1504 1772 1580 deferre,

225 1598 374 1677 quod
411 1618 524 1677 per
545 1599 731 1661 talem
754 1599 1290 1660 denuntiationem
1315 1597 1509 1660 fieret.
1544 1596 1770 1675 Tertio,

223 1692 560 1770 specialiter
595 1692 897 1773 allegatur
923 1694 1308 1755 clementina
1343 1692 1652 1765 Nolentes,
1699 1693 1774 1753 de

223 1787 458 1857 Haeret„
487 1786 598 1845 ubi
631 1786 697 1846 in
739 1786 930 1847 simili
959 1804 1106 1847 casu
1133 1785 1480 1865 pertinente
1506 1784 1582 1845 ad
1604 1785 1774 1864 judi·

225 1881 372 1939 cium
401 1880 480 1940 de
510 1880 758 1955 haeresi,
788 1882 878 1941 ait
905 1879 1216 1940 Pontifex:
1251 1878 1333 1943 Si
1362 1884 1584 1942 secrete
1603 1897 1774 1942 aoce-

223 1974 346 2035 riat
365 1990 459 2035 eos
479 1974 638 2035 tatia
659 1974 1049 2046 commisisse,
1078 1974 1245 2055 ipsos
1260 1974 1440 2053 oravi
1443 1978 1535 2035 ter
1563 1990 1776 2056 arque-

227 2084 284 2127 re
317 2071 370 2127 et
399 2067 705 2145 corrigere
730 2068 1012 2129 studeant
1043 2068 1111 2127 in
1139 2070 1359 2127 secreto
1377 2091 1404 2139 ;
1443 2083 1593 2145 ergo
1619 2082 1776 2127 sem-

227 2176 326 2239 per
353 2158 470 2220 hoc
495 2159 882 2223 servandum
907 2164 1019 2234 est,
1041 2176 1240 2237 neque
1271 2158 1413 2219 licet
1438 2158 1518 2218 ad
1537 2158 1778 2219 denun-

227 2251 542 2312 tiationem
576 2298 590 2322 ‚
646 2251 984 2327 praesertim
1039 2252 1394 2331 judicialem
1413 2297 1434 2327 ,
1488 2252 1774 2312 transire.

228 2342 464 2417 Quarto,
503 2362 836 2423 possumus
867 2345 1294 2423 argumentari
1338 2344 1602 2418 ratione,
1633 2344 1780 2423 quia

231 2434 356 2495 talis
389 2436 786 2499 denuntiatio
805 2444 894 2497 est
917 2437 1138 2498 nociva
1163 2437 1404 2499 homini
1435 2437 1545 2517 qui
1571 2456 1780 2517 pecca-

233 2529 332 2601 vit,
363 2542 424 2589 et
442 2548 578 2591 non
604 2536 696 2591 est
721 2530 892 2590 utilis
911 2529 1084 2604 aliis;
1112 2548 1260 2609 ergo
1279 2548 1404 2591 non
1427 2530 1628 2591 solum
1651 2550 1780 2591 non

231 2626 313 2681 est
333 2620 442 2681 sub
457 2622 866 2701 obligatione,
895 2640 1112 2685 verum
1133 2624 1321 2683 etiam
1349 2640 1467 2683 nec
1488 2623 1658 2683 licita
1685 2622 1780 2684 vi-

231 2716 424 2778 detur:
453 2716 898 2794 consequentia
920 2734 1034 2796 per
1055 2734 1118 2777 se
1137 2716 1306 2776 clara
1337 2715 1604 2791 videtur,
1636 2715 1782 2795 quia

233 2810 392 2871 valde
419 2808 851 2870 inordinatum
895 2815 986 2871 est
1013 2809 1076 2869 id
1124 2810 1322 2871 facere
1365 2809 1532 2889 quod
1572 2809 1782 2871 obesse

235 2908 436 2982 potest,
466 2907 529 2963 et
553 2920 687 2963 non
721 2903 1030 2982 prodesse.
1059 2901 1368 2963 Probatur
1393 2919 1542 2981 ergo
1560 2904 1782 2981 major,

237 2997 364 3073 qnia
424 3012 536 3073 per
595 2994 772 3057 illam
843 2995 1379 3057 denuntiationem
1445 2996 1787 3056 infamatur

237 3087 408 3147 frater
433 3088 502 3148 in
533 3106 604 3149 re
628 3090 1020 3167 gravissima,
1044 3088 1208 3167 quod
1238 3095 1329 3148 est
1355 3106 1658 3167 magnum
1679 3106 1786 3148 no·

233 3188 624 3259 cumentum3
669 3184 875 3243 minor
913 3182 1278 3256 ostenditur,
1311 3181 1460 3261 quia
1486 3181 1670 3261 judex
1693 3188 1786 3242 ta·

235 3273 345 3335 lem
387 3276 926 3337 denuntiationem
969 3276 1227 3337 audiens
1253 3320 1272 3350 ,
1322 3274 1480 3335 nihil
1529 3274 1786 3335 omnino

235 3385 402 3443 agere
439 3374 667 3447 potest,
709 3369 808 3431 vel
849 3368 1288 3449 interrogando
1326 3367 1780 3442 denuntiatum,

237 3461 324 3520 vel
348 3461 420 3522 de
445 3462 554 3523 illo
579 3461 994 3542 inquirendo;
1037 3480 1186 3541 ergo
1215 3467 1304 3523 est
1327 3460 1567 3521 inutilis
1599 3461 1780 3534 actio,

237 3558 291 3613 et
310 3558 543 3615 nociva.

309 3647 364 3705 7.
412 3646 698 3711 Secunda
727 3649 978 3712 assertio
1015 3653 1182 3711 certa
1208 3652 1422 3711 contra
1451 3648 1787 3726 praeceden-

241 3744 344 3801 tem
371 3742 728 3819 opinionem.
749 3772 832 3789 --
853 3742 1160 3804 Probatur
1187 3740 1386 3822 primo
1425 3738 1780 3817 Scriptura.

241 3833 740 3894 —Nihilominus
787 3834 1218 3895 constituenda
1255 3839 1348 3893 est
1376 3833 1642 3893 secunda
1681 3850 1786 3910 ge-

242 3925 450 3985 neralis
488 3925 778 3987 assertio:
827 3926 895 3986 in
933 3932 1184 4005 peccato
1220 3924 1496 3995 hoeresis,
1538 3930 1789 4004 propter

245 4034 400 4077 suam
423 4018 754 4098 specialem
783 4018 1112 4093 rationem,
1145 4035 1273 4079 non
1315 4018 1514 4079 solum
1542 4022 1633 4079 est
1660 4018 1788 4077 lici-

244 4114 320 4184 ta,
339 4110 436 4173 sed
463 4112 658 4172 etiam
686 4116 988 4190 praecepta
1007 4110 1399 4171 denuntiatio
1425 4110 1790 4188 delinquen·

246 4201 331 4272 tis,
369 4203 610 4263 etiamsi
637 4204 802 4263 solus
835 4203 1213 4263 denuntians
1237 4208 1559 4282 peccatum
1599 4218 1791 4280 agno·

245 4293 343 4355 vit.
375 4296 517 4356 Haee
535 4297 792 4357 assertio
811 4296 1157 4357 communis
1179 4300 1294 4369 est,
1327 4301 1390 4355 et
1417 4296 1676 4356 omnino
1699 4299 1793 4355 est

249 4394 411 4448 certa.
433 4390 713 4449 Sumitur
745 4408 822 4449 ex
847 4388 992 4449 divo
1015 4388 1276 4464 Thoma,
1303 4406 1511 4467 supra,
1539 4394 1601 4449 et
1627 4390 1686 4449 2.
1715 4392 1790 4465 2,

249 4488 442 4553 qnaest.
477 4482 580 4555 33,
610 4486 728 4542 art.
751 4486 812 4557 7,
836 4480 946 4541 ubi
967 4483 1156 4543 etiam
1181 4482 1508 4559 cajetanus
1531 4485 1594 4541 et
1611 4480 1796 4541 Alen-

249 4572 340 4645 sis,
362 4574 398 4633 3
431 4580 619 4653 part„
641 4582 854 4655 quaest.
889 4578 1004 4648 723
1032 4574 1292 4651 Aulon„
1320 4576 1358 4637 3
1379 4581 1534 4653 part.
1569 4577 1665 4636 tit.
1692 4578 1792 4648 12,

251 4680 368 4742 oep.
400 4668 472 4741 93
505 4668 660 4741 Sot.‚
691 4668 803 4728 lib.
835 4671 874 4730 5
901 4670 978 4729 de
1012 4668 1200 4742 Just„
1233 4674 1448 4748 quaest.
1485 4669 1546 4742 5,
1583 4674 1700 4729 art.
1733 4670 1792 4741 1,

251 4758 390 4819 etin
435 4761 768 4824 relectione
807 4764 882 4825 de
926 4764 1197 4839 Secreto,
1243 4762 1475 4823 memb.
1509 4764 1568 4834 2,
1604 4781 1668 4841 q.
1717 4764 1791 4837 ὃς

252 4848 592 4927 Castr.,1ib.
637 4858 676 4916 2
715 4856 792 4916 de
834 4856 994 4918 Just.
1031 4856 1244 4917 hoeret.
1289 4856 1522 4934 punit.,
1571 4874 1626 4915 e.
1675 4858 1792 4933 253

253 4942 423 5019 Cano,
481 4950 558 5009 12
604 4950 678 5010 de
704 4950 902 5024 Locis,
942 4968 1078 5029 cap.
1121 4953 1203 5027 93
1255 4951 1509 5020 Novar..
1557 4950 1622 5010 in
1656 4968 1793 5028 cap.

253 5035 416 5098 Inter
431 5042 631 5117 verba,
663 5044 765 5116 11,
794 5052 1012 5121 quaest.
1048 5045 1116 5117 3;
1149 5042 1452 5116 Simena„
1479 5042 1661 5101 titulo
1685 5045 1792 5117 193

255 5124 438 5206 Rojas.
490 5134 789 5213 singulari
828 5138 891 5207 1,
935 5136 1004 5195 in
1049 5153 1224 5197 num.
1277 5137 1401 5212 143
1439 5134 1791 5211 vignerius,

257 5234 374 5298 cap.
397 5224 471 5283 12
493 5242 744 5287 suarum
771 5228 1072 5303 Institnt„
1095 5229 1134 5309 ᾖ
1157 5231 1222 5303 2,
1252 5246 1412 5289 vers.
1443 5228 1552 5303 10,
1570 5226 1791 5301 Tolet.,

259 5306 356 5370 lib.
384 5316 731 5394 tsummoe,
761 5336 898 5399 cap.
933 5322 996 5395 5,
1036 5338 1214 5381 num.
1251 5324 1278 5381 1
1304 5341 1323 5396 3
1345 5320 1524 5394 Azor,
1557 5324 1706 5381 tom.
1734 5323 1792 5393 1,

261 5398 438 5485 lib.8,
451 5428 584 5493 cap.
612 5413 714 5495 193
735 5412 1003 5491 Banhes‚
1029 5414 1092 5474 2.
1118 5416 1184 5489 2,
1211 5418 1426 5498 quaest.
1451 5415 1520 5475 11
1529 5458 1552 5495 ,
1573 5416 1693 5473 art.
1715 5414 1792 5489 ις

3298 284 3418 343 523

1848 385 2152 445 Martinus
2203 385 2303 445 del
2356 386 2491 457 Rio,
2543 384 2847 464 disquisit.
2902 383 3153 463 magio„
3198 384 3309 445 lib.
3350 388 3411 459 5,

1849 484 1997 539 seet.
2029 480 2106 553 43
2136 478 2414 552 Saucius„
2461 476 2573 538 lib.
2624 480 2662 537 2
2702 476 3013 556 Decalog„
3046 495 3181 555 cap.
3216 479 3315 549 32,
3348 476 3418 537 in

1850 572 2009 644 fine3
2052 571 2358 645 Valentia,
2398 573 2458 633 2.
2491 574 2552 644 2,
2584 571 2813 650 disput.
2849 573 2909 643 3,
2942 572 3280 650 quaestione
3312 573 3411 645 10,

1849 672 2065 744 punct.
2104 668 2165 742 5,
2191 664 2228 744 ξ
2257 662 2449 745 Atque
2472 664 2837 745 hujusmodi,
2869 668 2932 724 et
2954 663 3084 723 alii.
3113 664 3416 725 Probatur

1849 758 2055 837 primo
2076 776 2153 819 ex
2180 759 2531 833 Deuteron.,
2561 760 2658 825 13,
2693 756 2818 817 ihi:
2848 756 2947 821 Ne
2960 762 3181 835 parcat
3201 758 3424 821 oculus

1851 857 2017 924 tuus,
2061 856 2133 913 nt
2158 850 2523 925 miserearis,
2578 856 2635 913 et
2684 852 2941 914 occultes
2980 870 3137 922 eam,
3187 848 3296 910 ubi
3324 856 3415 913 est

1849 962 2054 1005 sermo
2082 944 2159 1006 de
2184 944 2373 1005 fratre
2398 944 2661 1020 infideli,
2688 946 2795 1025 qui
2829 945 3114 1006 sollicitat
3148 944 3415 1005 alterum

1853 1038 2113 1101 fratrem
2154 1038 2232 1099 ad
2282 1037 2537 1101 colenda
2586 1038 2773 1113 idola,
2828 1045 2891 1098 et
2936 1038 3217 1117 praecipit
3258 1039 3417 1099 Deus

1854 1134 2065 1194 statim
2113 1133 2352 1194 deferre
2392 1132 2573 1192 illum
2620 1131 2753 1192 sine
2792 1130 2919 1191 ulla
2959 1130 3403 1206 misericordia,

1853 1226 2035 1286 titulo
2058 1224 2429 1299 occultandi,
2457 1224 2560 1285 vel
2586 1242 2712 1285 non
2737 1224 3081 1285 infamandi
3106 1223 3283 1283 illum
3290 1267 3311 1298 ,
3344 1238 3417 1285 ex

1853 1337 1979 1397 qua
2004 1318 2163 1399 lege,
2192 1325 2263 1379 ut
2289 1337 2475 1399 supra
2516 1317 2713 1396 tetigi,
2754 1318 3059 1397 optimum
3090 1334 3419 1394 argumen-

1853 1418 1990 1474 tum
2019 1414 2283 1475 sumitur
2308 1415 2386 1475 ad
2413 1413 2809 1487 hoereticum3
2832 1428 2979 1471 ram
3008 1408 3257 1473 haeresis
3286 1408 3421 1471 ido-

1853 1506 2116 1567 lolatriae
2146 1512 2539 1587 comparatur
2560 1526 2598 1569 a
2627 1505 3031 1584 Hieronymo,
3062 1504 3276 1567 Ezech.
3312 1506 3413 1579 18,

1855 1604 1918 1657 et
1946 1599 2115 1660 Oseoe
2139 1602 2239 1673 10,
2270 1605 2333 1661 et
2359 1600 2497 1661 aliis
2528 1598 2697 1676 locis,
2726 1606 2788 1660 et
2814 1616 3027 1661 revera
3050 1616 3251 1678 neque
3290 1598 3420 1659 hae-

1854 1694 2007 1753 resis
2034 1698 2125 1753 est
2146 1692 2354 1753 minus
2392 1710 2581 1771 grave
2613 1698 2951 1771 peccatum,
2978 1709 3179 1771 neque
3208 1692 3419 1751 minus

1854 1786 2147 1845 nocivum
2167 1784 2471 1847 fidelibus.
2494 1786 2671 1847 Unde
2698 1784 2799 1847 lex
2827 1783 2937 1845 illa
2962 1784 3128 1845 inter
3155 1784 3419 1845 morales

1857 1879 2276 1957 computanda
2306 1885 2420 1954 est,
2458 1880 2604 1961 quia
2632 1898 2760 1941 non
2792 1878 3091 1939 fundatur
3116 1878 3183 1937 in
3212 1877 3419 1957 aliqua

1857 1972 2225 2033 caeremonia
2247 1971 2347 2032 vel
2373 1973 2762 2034 institutione
2792 1972 3078 2052 positiva,
3102 1972 3207 2033 sed
3235 1972 3299 2031 in
3323 1991 3421 2033 ra-

1855 2065 2027 2126 tione
2056 2064 2349 2137 naturali,
2380 2071 2442 2127 et
2463 2066 2603 2128 ideo
2631 2066 2821 2127 etiam
2856 2065 2923 2124 in
2952 2064 3241 2145 praesenti
3264 2070 3421 2127 tem-

1856 2176 2007 2237 pore
2037 2157 2245 2219 locum
2276 2159 2485 2221 habet.
3047 2184 3056 2191 ·

1938 2254 1999 2313 8.
2044 2250 2355 2315 Probatur
2408 2254 2657 2315 secundo
2706 2270 2779 2318 eas
2839 2255 3160 2319 Patribus.
3194 2286 3277 2301 -
3314 2255 3419 2316 Se-

1859 2343 2059 2404 cundo
2088 2343 2382 2423 probatur
2418 2345 2671 2407 assertio
2694 2364 2773 2409 ex
2808 2348 3091 2409 doctrina
3118 2348 3370 2409 Petrum
3396 2364 3413 2409 ε

1859 2455 2009 2497 nam
2048 2438 2169 2497 Leo
2204 2438 2389 2516 Papa,
2420 2456 2603 2501 serm.
2638 2442 2669 2501 t
2712 2440 2789 2501 de
2825 2440 3115 2513 collectis,
3151 2442 3218 2501 iu
3248 2440 3417 2502 fine:

1859 2530 2227 2603 Hortamur,
2256 2530 2484 2609 inquit,
2509 2537 2580 2595 ut
2606 2534 2916 2597 hereticos
2940 2535 3289 2614 abicumque
3326 2534 3423 2595 la-

1859 2628 2047 2687 tentes
2072 2624 2293 2686 vestris
2314 2625 2680 2705 presbyteris
2696 2626 3021 2707 publicetis
3036 2652 3059 2699 ;
3080 2644 3305 2709 maana
3332 2632 3427 2691 est

1861 2716 2015 2780 enim
2066 2716 2262 2795 pietas
2310 2719 2553 2795 perdere
2591 2718 2855 2781 latebras
2870 2744 2893 2791 ;
2938 2724 3000 2779 et
3038 2718 3202 2780 infra
3232 2736 3249 2779 τ
3281 2718 3427 2783 Non

1863 2810 2153 2872 sinantur
2181 2855 2195 2879 ‚
2241 2810 2449 2888 inquit
2461 2855 2482 2886 ,
2528 2812 2715 2873 latere
2760 2812 3026 2873 homines
3051 2856 3066 2883 ,
3120 2811 3224 2893 qui
3270 2812 3427 2873 Pro-

1860 2904 2062 2982 phetis
2119 2909 2178 2967 et
2230 2901 2463 2966 Sancto
2519 2902 2797 2982 Spiritui
2852 2906 3272 2968 contradicant
3285 2932 3311 2978 ,·
3364 2911 3428 2967 et

1863 2996 2031 3056 infra
2060 3012 2078 3055 ι
2132 2996 2395 3059 Cavenda·
2448 3001 2594 3059 svnt
2616 3042 2633 3070 ,
2684 3014 2759 3059 ne
2800 3000 3078 3078 cuiquam
3133 3004 3428 3069 noceant,-

1857 3089 2155 3171 prodendi
2182 3092 2327 3151 sunt
2346 3132 2365 3163 ,
2406 3107 2484 3151 ne
2512 3091 2583 3151 ia
2632 3090 2841 3170 aliqua
2877 3090 3151 3153 civitatis
3198 3095 3425 3155 nostra

1857 3184 2041 3262 parte
2082 3181 2451 3253 consistoria·
2500 3188 2561 3243 et
2614 3182 2681 3242 in
2736 3200 2923 3243 serm.
2974 3186 3011 3243 5
3058 3182 3135 3244 de
3178 3182 3427 3262 Jejunio

1866 3273 2114 3354 septimi
2141 3276 2391 3349 mensiS,
2421 3275 2584 3335 circa
2606 3275 2821 3351 finem,
2852 3276 3062 3336 multis
3085 3276 3428 3337 rationibus

1866 3367 2032 3429 idem
2063 3368 2407 3446 persuadet,
2448 3373 2511 3428 et
2534 3369 2697 3431 inter
2724 3367 2848 3429 alia
2889 3368 3038 3429 dicit
3074 3384 3091 3428 ε
3128 3368 3243 3442 Qui
3278 3369 3430 3432 tales

1864 3478 1985 3522 non
2008 3461 2339 3542 perdendos
2366 3466 2611 3541 putant,
2640 3462 2709 3523 ia
2730 3461 2969 3540 jndicio
2998 3460 3232 3525 Christi
3265 3462 3431 3525 inve-

1867 3552 2109 3616 utentur
2154 3555 2249 3616 rei
2288 3556 2355 3616 de
2402 3552 2672 3629 silentiO,
2718 3556 2960 3619 etiamsi
2992 3572 3111 3616 non
3144 3556 3431 3617 contami-

1865 3651 2087 3708 nentur
2110 3664 2383 3711 assensu.
2403 3648 2479 3707 Et
2504 3648 2668 3707 idem
2697 3649 2966 3708 sumitur
2983 3666 3058 3708 ex
3080 3646 3426 3717 Ambrosio,

1865 3738 1976 3799 lib.
2012 3742 2051 3800 2
2074 3738 2149 3799 de
2179 3740 2377 3815 offic„
2408 3758 2541 3820 cap.
2572 3742 2675 3815 24,
2706 3741 2815 3801 ubi
2842 3740 3087 3821 inquit:
3118 3740 3203 3803 In
3244 3758 3431 3804 causa

1867 3833 2185 3914 temporali
2212 3834 2355 3895 licet
2380 3836 2492 3897 tibi
2524 3835 2704 3897 silere
2713 3858 2739 3905 ;
2756 3832 2825 3896 in
2850 3852 3039 3897 caasa
3066 3840 3265 3898 autem
3286 3836 3426 3911 Dei,

1865 3927 1969 3988 ubi
2012 3925 2437 3989 communionis
2480 3926 2814 4008 periculum
2852 3932 2966 4000 est,
3020 3925 3200 3990 etiam
3248 3926 3432 3989 dissi-

1866 4018 2103 4081 mulare
2118 4026 2433 4101 peccatum
2458 4027 2547 4084 est
2582 4038 2703 4081 noa
2726 4020 2871 4083 leve.

1949 4114 2011 4174 9.
2062 4112 2365 4176 Probatur
2400 4115 2638 4178 tandem
2660 4114 2917 4177 ratione.
2934 4112 3266 4184 -Tertio‚
3291 4128 3435 4192 pro-

1870 4204 2057 4266 batur
2107 4206 2347 4268 ratione
2384 4206 2600 4269 eadem
2659 4207 2885 4267 veritas
2900 4221 2919 4282 ;
2968 4204 3115 4284 quia
3149 4204 3289 4265 talis
3330 4206 3435 4265 de-

1871 4298 2203 4373 nuntiatio,
2254 4298 2443 4360 etiam
2481 4299 2557 4360 de
2587 4304 2833 4379 peccato
2880 4298 2971 4359 sic
3020 4297 3296 4372 occulto,
3342 4303 3435 4358 est

1874 4391 2219 4451 necessaria
2268 4392 2346 4451 ad
2406 4391 2640 4452 bonum
2701 4408 3032 4452 commune
3076 4389 3433 4468 reipublice)

1875 4482 2256 4559 Christianus,
2289 4489 2351 4544 et
2382 4483 2457 4544 de
2487 4502 2553 4546 se
2578 4484 2749 4545 utilis
2790 4490 2883 4543 est
2918 4482 2995 4543 ad
3044 4482 3432 4562 spiritualem

1875 4575 2137 4635 salutem
2186 4576 2319 4653 ejus
2377 4577 2483 4654 qui
2534 4577 2985 4650 denuntiatur3
3037 4575 3143 4635 sed
3196 4572 3433 4635 bonum

1875 4685 2203 4729 commune
2236 4669 2685 4746 praeferendum
2720 4674 2813 4728 est
2842 4668 3121 4747 privato,
3164 4673 3227 4728 et
3261 4666 3435 4745 spiri-

1876 4759 2041 4820 tuale
2090 4760 2325 4821 bonum
2373 4761 2721 4841 temporali,
2771 4760 3109 4834 secundum
3146 4761 3433 4821 ordinem

1875 4858 1936 4913 et
1971 4853 2415 4931 obligationem
2448 4855 2799 4929 charitatis;
2828 4872 2977 4932 ergo
3016 4854 3205 4915 etiam
3255 4854 3323 4915 in
3359 4872 3435 4917 eo

1875 4964 2019 5006 casu
2054 4946 2319 5007 charitas
2345 4948 2579 5026 obligat
2614 4948 2692 5009 ad
2722 4947 3256 5023 denuntiandum3
3287 4965 3435 5007 con-

1875 5040 2197 5118 sequentia
2227 5058 2370 5100 eum
2408 5042 2637 5101 minori
2678 5040 2995 5121 evidentes
3030 5043 3197 5099 sunt.
3240 5040 3436 5118 Major

1877 5133 2077 5212 quoad
2137 5134 2403 5213 primam
2463 5142 2703 5215 partem
2764 5134 2843 5195 de
2910 5134 3075 5195 bono
3120 5134 3435 5195 communi

1875 5225 2176 5306 probatur
2193 5242 2213 5303 3
2244 5228 2471 5307 primo,
2505 5228 2653 5306 quia
2684 5226 2828 5287 licet
2862 5227 2929 5287 in
2958 5243 3031 5287 eo
3062 5244 3208 5287 casu
3240 5226 3434 5305 judex

1877 5336 2005 5379 non
2044 5320 2231 5396 possit
2259 5320 2468 5381 statim
2510 5320 2837 5399 procedere
2873 5318 2953 5379 ad
2992 5318 3436 5397 inquirendum

1877 5411 1957 5473 de
2000 5412 2111 5478 tali
2156 5428 2420 5499 persona
2462 5413 2529 5473 in
2558 5410 2936 5499 particulari,
2967 5417 3167 5498 potest
3213 5412 3439 5478 nihilo·
