3900 6217
493 527 670 599 titur,
694 521 946 583 Petrum
993 536 1144 580 vero
1181 518 1381 579 solum
1407 536 1536 580 esse
1561 518 2061 592 fundamentum,

492 623 802 698 quatenus
853 614 1050 674 vicem
1089 612 1312 674 Christi
1361 613 1559 690 gerit3
1612 611 1926 691 loquendo
1970 616 2063 670 ta-

495 730 638 773 men
677 710 754 770 de
787 724 973 769 sensu
999 707 1186 785 huJus
1239 706 1576 768 testimonii
1631 706 1794 785 quod
1839 711 2061 766 tracta·

493 822 656 877 mus,
695 810 934 863 certum
976 800 1161 860 etiam
1209 805 1304 860 est
1350 818 1475 859 non
1519 816 1646 860 esse
1707 815 2058 860 sermonem

491 898 586 978 pri
596 914 694 957 mo
723 901 785 955 et
809 912 922 974 per
943 910 1032 967 se,
1058 892 1136 952 de
1161 891 1525 954 excellentia
1545 908 1733 972 quam
1787 892 2060 954 Christus

489 990 699 1065 habet,
733 987 840 1049 sed
885 1002 1072 1065 quam
1107 986 1283 1046 Petro
1315 986 1614 1064 promisit,
1655 992 1720 1045 et
1756 986 1834 1045 (le
1874 985 2061 1045 ratio·

489 1102 570 1146 ne
619 1089 872 1165 propter
914 1096 1102 1159 quam
1148 1079 1240 1139 illi
1281 1079 1404 1141 tale
1453 1096 1683 1140 nomen
1724 1079 2053 1158 imposuit,

489 1177 568 1239 ad
587 1192 796 1257 quem,
835 1180 908 1233 ut
935 1172 1224 1247 vidimus,
1253 1179 1412 1233 totus
1431 1172 1652 1233 Christi
1686 1188 1888 1233 sermo
1911 1172 2061 1231 diri·

491 1268 774 1349 gebatur.
827 1268 918 1327 Ac
970 1272 1193 1344 praetcr
1245 1271 1614 1343 argumenta
1654 1264 1841 1342 facta,
1901 1264 2058 1325 illud

489 1362 810 1443 proprium
837 1360 1026 1438 hujus
1049 1360 1166 1420 loci
1207 1366 1320 1434 est,
1351 1358 1657 1420 Christum
1706 1378 1834 1419 nou
1874 1360 1952 1420 de
1992 1376 2057 1420 se

490 1472 699 1533 agere,
749 1453 898 1534 quia
951 1452 1028 1513 de
1062 1452 1288 1513 futuro.
1322 1451 1629 1530 loquitur3
1691 1470 1820 1513 non
1869 1452 2069 1541 dabat·

490 1548 682 1623 enim,
727 1546 834 1607 sed
880 1545 1283 1626 promittebat
1321 1546 1496 1605 Petro
1543 1546 1955 1624 dignitatem3
2005 1546 2057 1606 si

489 1647 698 1703 autem
747 1640 825 1700 de
875 1656 942 1701 se
989 1644 1224 1715 ageret,
1273 1638 1457 1716 plane
1501 1645 1822 1713 assereret,
1873 1658 2058 1719 super

489 1750 678 1813 quam
705 1732 1008 1793 fundatur
1033 1737 1142 1792 aut
1175 1736 1270 1792 est
1295 1730 1557 1792 fundata
1586 1731 1872 1794 Ecclesia.
1921 1733 2054 1794 Au-

488 1826 772 1905 gustinus
795 1832 1030 1898 autem,
1061 1825 1346 1903 quamvis
1365 1824 1516 1885 locis
1541 1825 1744 1885 citatis
1767 1842 1842 1885 eo
1869 1826 2056 1887 modo

487 1918 802 1998 loquatur,
829 1924 1102 1978 attamen
1139 1920 1204 1976 in
1244 1918 1382 1978 aliis
1425 1924 1688 1996 primam
1729 1920 2057 1998 expositio-

487 2029 630 2073 nem
657 2010 981 2091 approbat‚
1004 2018 1066 2072 et
1095 2010 1162 2070 in
1190 2010 1721 2072 Retractationum
1741 2012 1874 2073 loeo
1891 2014 2057 2073 arbi·

493 2104 688 2167 trium
724 2103 956 2183 legenti
997 2105 1359 2165 committit:
1404 2102 1520 2165 hoc
1546 2122 1730 2184 porro
1775 2110 2055 2185 tempore

485 2203 726 2257 certum
749 2214 882 2258 esse
917 2196 1102 2259 debet
1133 2198 1398 2276 primam
1435 2199 1882 2277 expositionem
1919 2216 2053 2261 esse

484 2289 816 2352 litteralem
833 2313 851 2366 3
890 2290 1054 2370 quod
1105 2292 1156 2351 si
1209 2292 1350 2369 quis
1379 2290 1716 2352 secundam
1755 2292 1918 2354 hane
1943 2294 2053 2353 ad-

485 2384 632 2446 dere
674 2383 861 2459 volet,
913 2400 1040 2444 non
1083 2383 1352 2444 multum
1381 2400 1526 2444 cum
1571 2404 1645 2445 eo
1673 2386 2051 2449 contenden-

483 2478 656 2539 dum.
692 2478 780 2539 Eo
833 2479 1004 2539 enim
1044 2478 1180 2557 ipso
1213 2479 1400 2558 quod,
1461 2486 1828 2559 potestatem
1875 2498 2053 2542 suam

482 2570 756 2632 Christus
783 2572 961 2633 Petro
998 2571 1412 2645 committens,
1435 2572 1638 2651 ipsum
1671 2580 1911 2652 petram
1937 2592 2052 2635 vo-

482 2672 604 2739 cat,
639 2665 788 2725 satis
821 2665 1001 2726 docet
1025 2684 1092 2726 se
1119 2683 1248 2725 esse
1288 2666 1659 2745 primarium
1683 2666 2047 2728 fundamen·

482 2763 616 2818 tum
651 2762 714 2818 et
737 2764 972 2836 petram
997 2756 1298 2819 Ecclesiae.

561 2851 662 2911 16.
711 2850 929 2915 Tertia
949 2852 1240 2932 expositio
1279 2853 1636 2933 reprobam·
1662 2854 1732 2914 in
1758 2852 2045 2917 Erasmo.

484 2972 565 2993 —-
582 2944 790 3004 Tertia
817 2946 1119 3023 expositio
1141 2950 1234 3004 est
1257 2944 1518 3017 Erasmi,
1575 2947 1822 3007 Petrum
1857 2946 1940 3005 ibi
1973 2948 2051 3007 si-

481 3037 776 3113 guificare
803 3053 1264 3117 quemcumque
1293 3038 1562 3113 fidelem,
1589 3046 1838 3119 propter
1879 3058 2049 3119 qnae·

479 3130 627 3191 dam
649 3128 843 3192 verba
865 3130 1148 3209 origenis
1175 3133 1238 3192 in
1283 3129 1464 3191 illum
1493 3131 1700 3193 loe-um
1741 3132 2041 3209 Matthaei,

479 3224 588 3303 qui
615 3242 741 3285 non
779 3224 858 3286 ad
878 3224 1173 3299 litteram,
1195 3224 1300 3284 sed
1326 3242 1435 3303 per
1459 3223 1822 3304 allegoriam
1857 3244 2047 3306 expo·

477 3334 662 3393 nens,
683 3318 1106 3379 accommodat
1136 3314 1326 3377 verba
1359 3317 1581 3379 Christi
1606 3318 1868 3396 singulis
1895 3320 2047 3380 flde-

476 3408 679 3488 libus3
703 3410 958 3471 litterali
981 3417 1190 3471 tamen
1233 3426 1418 3471 sensu
1441 3409 1615 3471 nulla
1642 3412 1879 3473 ratione
1907 3430 2047 3492 pos-

475 3511 624 3565 sunt
649 3522 724 3566 eo
746 3505 934 3565 modo
953 3505 1204 3585 exponi,
1233 3510 1304 3565 ut
1327 3522 1405 3567 ex
1429 3504 1607 3565 dictis
1627 3512 1815 3585 patet,
1861 3513 2047 3586 atque

477 3614 553 3657 ex
579 3596 678 3658 his
733 3600 924 3659 etiam
968 3614 1106 3677 quae
1145 3597 1354 3658 statim
1381 3598 1681 3658 dicemus.
1713 3598 1790 3660 Et
1825 3599 2046 3677 proba-s

483 3696 612 3765 tur,
645 3692 790 3769 quia
817 3705 1144 3771 nunquam
1193 3691 1260 3751 in
1299 3690 1618 3771 Scriptura
1645 3690 1874 3770 singuli
1897 3691 2049 3752 fide·

475 3784 565 3845 les
630 3784 1018 3865 appellantur
1087 3782 1372 3846 Ecclesiae
1439 3784 1846 3846 fundamenta
1865 3828 1887 3861 ,
1936 3784 2045 3846 sed

479 3877 764 3939 membra·
781 3894 810 3955 3-
855 3891 1000 3937 nam
1051 3878 1262 3957 ipsum
1281 3876 1564 3939 Ecclesia}
1609 3894 1833 3957 corpus
1872 3884 2041 3955 sunt,

473 3970 572 4031 vel
601 3976 769 4032 certe
797 3976 1216 4049 componunt:
1265 3970 1416 4050 quid
1443 3976 1534 4033 est
1575 3986 1724 4051 ergo
1772 3971 1939 4051 quod
1977 3972 2045 4033 in

480 4064 578 4125 eis·
597 4063 936 4127 fundatur?

557 4161 654 4221 17.
705 4156 943 4231 Qucum
985 4158 1280 4239 copositio
1309 4157 2047 4239 hereticorum—Empu—

470 4257 720 4335 ynatnor.
752 4280 834 4299 -
869 4248 1131 4332 Raptim
1155 4249 1570 4314 koerouoorvm
1597 4252 1934 4334 mpeditm.
1964 4284 2045 4301 -

467 4346 700 4408 Altera-
727 4344 962 4424 roplica
1001 4343 1284 4407 diuitem
1323 4374 1408 4393 --
1459 4346 1686 4419 Quarta
1739 4344 2043 4425 expositio

467 4446 582 4513 est,
613 4452 964 4501 sermonem
987 4436 1210 4498 Christi
1233 4438 1419 4517 dirigi
1437 4438 1518 4498 ad
1543 4456 1758 4499 omnes
1787 4444 2044 4517 Aposto-

467 4532 580 4607 los,
611 4532 768 4610 quia·
787 4548 1002 4591 omnes
1035 4536 1188 4592 sunt
1233 4529 1663 4593 fundamenta.
1699 4532 1874 4593 Hanc
1917 4538 2045 4593 tra-

466 4624 624 4685 dunt
653 4623 988 4685 Lutherani
1001 4629 1067 4683 et
1086 4622 1458 4699 Galvinistae,
1483 4624 1756 4685 volentes
1789 4626 2039 4687 Petrum

467 4717 724 4777 nomine
767 4716 1052 4776 omnium
1114 4715 1552 4794 Apostolorum
1613 4718 2033 4797 respondisse,

466 4810 631 4891 quod
654 4811 841 4871 etiam
875 4808 1170 4871 dixerunt
1198 4809 1614 4888 Hieronymus
1642 4817 1705 4871 et
1743 4810 2039 4888 Chryses-

466 4911 670 4965 tomus
687 4902 840 4963 ibid.
856 4919 878 4981 3
919 4910 982 4963 et
1007 4920 1222 4963 rursus
1271 4903 1697 4983 Hieronymus
1726 4906 1757 4965 1
1821 4909 2038 4964 contra

464 4996 818 5075 Jovinian.;
849 5001 912 5057 et
929 4996 1335 5074 Augustinus,
1366 5011 1552 5057 serm.
1583 4998 1664 5057 13
1703 4996 1782 5058 de
1818 4994 2036 5058 Verbis

465 5090 755 5167 Domini3
793 5088 954 5149 sicut
977 5104 1134 5166 ergo
1150 5088 1402 5151 nomine
1432 5090 1717 5151 omnium
1741 5088 2037 5169 loqueba-

467 5188 604 5242 tur:
641 5180 740 5245 st
773 5198 834 5244 es
884 5180 1190 5255 omme,
1233 5187 1380 5257 etc„
1411 5182 1500 5243 ita
1527 5184 1716 5243 etiam
1747 5182 2033 5243 omnium

465 5274 724 5335 nomine
758 5274 1028 5335 audivit:
1073 5274 1306 5335 Beatus
1333 5292 1420 5351 es,
1460 5279 1518 5338 et
1551 5274 1660 5339 tibi
1691 5275 1859 5346 daha,
1908 5280 2027 5336 etc.

467 5366 646 5429 Unde
674 5366 934 5429 ulterius
975 5366 1222 5427 addunt
1267 5384 1340 5427 ea
1372 5366 1562 5428 verba
1590 5387 1718 5429 non
1747 5386 1874 5429 esse
1917 5384 2032 5447 pro

465 5459 771 5539 Apostolis
798 5465 1044 5519 tantum
1081 5458 1148 5519 in
1188 5460 1467 5537 personis
1509 5460 1795 5540 propriis.
1827 5460 1936 5520 sed
1965 5466 2033 5519 ut

466 5552 992 5631 reproesenmbant
1019 5558 1216 5615 totam
1248 5552 1606 5631 Ecclesiam,
1656 5560 1720 5616 et
1758 5555 1849 5615 ita
1891 5559 2031 5615 tan-

1559 413 1800 471 msrtJT.
1834 416 1896 467 X.
1935 414 2017 467 m:
2050 406 2260 471 smmo
2294 418 2632 477 PowrwlcE.

2146 518 2288 581 dem
2315 522 2534 585 volunt
2574 523 3043 605 promissionem
3076 522 3302 586 Christi
3330 542 3458 586 non
3496 526 3707 603 Petro,

2144 614 2249 674 sed
2305 614 2589 678 Ecclesiae
2648 618 2835 678 fuisse
2886 617 3136 678 factam.
3197 618 3344 679 Haec
3396 620 3703 698 expositio

2144 706 2327 785 plane
2356 710 2679 791 detorquet
2728 711 2997 772 litteram
3047 717 3109 773 et
3150 713 3285 791 ejus
3327 732 3600 788 sensum,
3636 732 3709 775 ac

2142 810 2469 882 propterea
2512 804 2739 865 militat
2766 810 2977 865 contra
3019 804 3259 866 Patres:
3292 824 3431 885 quae
3460 806 3582 867 duo
3612 824 3711 867 os·

2139 904 2315 957 tensa
2371 898 2501 975 jam
2568 906 2716 958 sunt
2745 943 2760 970 ‚
2826 910 2887 958 et
2941 899 3169 958 iterum
3207 899 3702 978 explicabuntur.

2142 990 2413 1051 Primum
2446 990 2613 1051 enim
2650 995 2891 1069 oportet
2914 990 3259 1069 intelligere
3298 992 3488 1052 verba
3520 992 3713 1053 hieto-

2139 1084 2269 1144 rice
2316 1090 2379 1144 et
2412 1083 2785 1157 litteraliter,
2818 1089 2887 1143 ut
2926 1090 3172 1157 sonant,
3202 1084 3713 1165 quandoquidem

2140 1177 2463 1238 commode
2507 1184 2765 1257 possunt
2813 1194 2887 1237 eo
2917 1176 3099 1237 modo
3140 1176 3433 1257 intelligi,
3465 1179 3533 1239 in
3584 1194 3712 1258 qno

2140 1271 2377 1333 nullam
2399 1272 2843 1333 absurditatem
2868 1271 3214 1348 includunt,
3240 1272 3403 1351 quod
3434 1272 3715 1353 proferto

2138 1368 2272 1425 tota
2314 1364 2591 1425 Ecclesia·
2610 1366 2839 1441 sensit3
2872 1364 3023 1425 alias
3058 1364 3217 1425 nihil
3252 1364 3555 1426 habemns
3580 1384 3715 1426 rer·

2138 1463 2271 1518 tum
2318 1464 2379 1518 et
2428 1464 2659 1519 statum
2693 1458 2759 1519 in
2802 1457 3141 1537 Scriptura.
3175 1458 3406 1519 Deinde
3444 1461 3716 1519 circum-

2136 1551 2379 1611 stantioe
2406 1568 2620 1611 omnes
2654 1549 2936 1611 iudicant
2965 1552 3283 1631 proprium
3314 1568 3445 1613 esse
3478 1570 3718 1613 sermo-

2138 1662 2281 1704 nem
2306 1645 2385 1705 de
2416 1644 2615 1719 Petro,
2644 1660 2796 1723 quas
2818 1642 2975 1705 bene
3002 1644 3369 1723 ponderavit
3400 1644 3491 1705 ibi
3530 1644 3711 1723 Caje-

2135 1744 2348 1813 tanus;
2366 1737 2709 1817 imponitur
2728 1738 2895 1797 enim
2916 1738 3235 1816 proprium
3262 1754 3488 1798 nomen
3513 1746 3575 1798 et
3594 1758 3714 1797 no·

2136 1847 2283 1890 vum
2309 1828 2562 1904 Petrus,
2594 1830 2868 1909 itemque
2890 1846 3118 1890 nomen
3145 1832 3356 1910 patriS,
3388 1836 3451 1891 et
3478 1850 3717 1910 prono-

2138 1940 2281 1983 mcn
2328 1928 2397 1984 tu
2423 1930 2483 1982 et
2512 1923 2643 1991 tibi,
2670 1922 2744 1982 ad
2773 1922 2947 1983 illum
2984 1922 3365 2000 diriguntur.
3402 1922 3577 1985 Unde
3601 1925 3718 1988 Pa-

2138 2022 2263 2076 tres
2292 2016 2712 2075 communiter
2724 2014 3025 2093 colligunt
3048 2015 3104 2077 ei
3134 2016 3249 2077 soli
3269 2016 3715 2079 revelationem

2136 2110 2306 2171 illam
2334 2109 2522 2170 fuisse
2540 2108 2763 2169 factam
2784 2126 2797 2167 :
2822 2108 3093 2170 Hilarius
3119 2128 3326 2190 supra,
3350 2116 3412 2172 et
3434 2120 3610 2173 sexto
3634 2112 3715 2172 de

2135 2203 2437 2264 Trinitate
2476 2204 2660 2263 citato
2686 2218 2705 2279 3
2755 2200 3246 2283 chrysostomus,
3296 2204 3467 2265 hom.
3519 2208 3599 2267 15
3640 2206 3713 2266 in

2132 2296 2351 2357 Matth.
2382 2295 2704 2374 3Cyrillus,
2728 2296 2891 2357 52111
2909 2298 3117 2373 Joan.‚
3136 2314 3269 2377 rap.
3302 2299 3404 2373 64,
3432 2304 3493 2359 et
3515 2316 3707 2360 serm.

2132 2394 2171 2451 2
2206 2390 2283 2451 de
2321 2391 2502 2451 Petro
2532 2396 2593 2449 et
2636 2389 2858 2464 Paulo3
2902 2390 3309 2468 Augustinus,
3348 2408 3536 2452 serm.
3592 2394 3713 2453 ¹24

2133 2484 2213 2545 de
2245 2484 2547 2563 Tempore
2574 2496 2590 2541 t
2628 2488 2690 2541 et
2716 2483 2932 2543 eadem
2961 2485 3198 2545 ratione
3226 2485 3710 2563 promissionem

2134 2579 2303 2639 illam
2338 2578 2477 2641 Tibi
2504 2578 2680 2644 dabo,
2712 2576 2829 2638 hoc
2858 2578 2991 2639 loco
3017 2578 3216 2640 solum
3262 2582 3439 2641 Petro
3472 2578 3711 2641 factam

2134 2671 2508 2750 intelligunt,
2541 2678 2609 2731 ut
2648 2676 2817 2751 patet
2844 2687 2921 2732 ex
2952 2673 3255 2733 universis
3284 2672 3509 2749 citatis,
3540 2680 3601 2733 et
3630 2690 3713 2734 ex

2132 2764 2333 2825 Leone
2370 2765 2556 2843 Papa,
2577 2764 2817 2844 epistol.
2850 2762 3327 2843 89301emente,
3358 2766 3599 2845 epistol.
3632 2768 3709 2839 13

2130 2856 2497 2932 Melchiade,
2525 2858 2766 2936 epistol.
2795 2860 2863 2934 13
2887 2860 3177 2936 Damam,
3198 2859 3438 2933 Sirici0,
3474 2866 3537 2920 et
3565 2858 3713 2919 aliis

2134 2949 2533 3012 Pontificibus
2552 2950 2617 3010 in
2636 2952 2765 3012 suis
2788 2951 3195 3013 decretalibus
3222 2952 3517 3031 epistolis,
3548 2968 3711 3031 quos

2128 3044 2192 3105 in
2216 3047 2484 3105 sectione
2506 3045 2786 3125 sequenti
2806 3045 2992 3107 latius
3010 3045 3369 3107 referemus.
3395 3046 3565 3105 Idem
3589 3044 3710 3105 ha-

2127 3137 2233 3199 bet
2262 3138 2579 3217 Origenes,
2602 3137 2708 3199 lib.
2733 3142 2773 3201 9
2791 3138 2853 3199 in
2874 3138 3052 3219 epist.
3075 3139 3151 3199 ad
3170 3138 3380 3217 Rom.3
3410 3138 3700 3214 BasiliuS,

2126 3230 2237 3292 lib.
2262 3235 2300 3293 2
2330 3238 2545 3293 contra
2575 3232 2865 3308 lienem„
2894 3239 2957 3293 et
2992 3231 3249 3293 homilia
3272 3232 3351 3292 de
3386 3232 3705 3292 Poeniten-

2126 3324 2213 3385 tia
2226 3340 2245 3401 3
2270 3324 2628 3385 Ambrosius
2651 3324 2727 3385 de
2750 3325 2935 3401 Isaac,
2961 3342 3095 3404 cap.
3124 3324 3199 3385 13
3222 3340 3244 3401 3
3272 3324 3554 3403 Optatus,
3576 3322 3695 3385 lib.

2129 3420 2158 3478 1
2191 3421 2253 3479 et
2276 3420 2337 3492 2,
2368 3423 2429 3477 et
2455 3418 2550 3479 16.
2578 3418 2901 3493 Quocirca,
2933 3430 3075 3478 cum
3102 3418 3307 3479 Patres
3335 3417 3553 3479 dicunt
3586 3418 3702 3479 Pe-

2127 3518 2295 3571 trum
2340 3526 2453 3589 pro
2500 3510 2737 3571 caeteris
2781 3508 3054 3571 locutum
3075 3557 3093 3585 ,
3150 3528 3277 3571 non
3328 3509 3703 3588 intelligunt

2125 3602 2446 3681 Apostolos
2491 3609 2747 3664 caeteros
2789 3604 3167 3665 commisisse
3210 3604 3389 3665 Petro
3428 3604 3565 3663 vice
3600 3602 3702 3663 lo»

2126 3695 2358 3775 quendi
2402 3710 2519 3775 pro
2582 3694 2873 3757 omnibus
2900 3712 2922 3775 3
2973 3696 3340 3776 oportuisset
3388 3696 3561 3756 enim
3625 3701 3699 3755 ut

2125 3788 2295 3867 prins
2322 3789 2399 3851 de
2425 3787 2542 3848 hac
2567 3806 2635 3850 re
2662 3788 3165 3869 colloquerentur
3189 3794 3251 3849 et
3283 3788 3702 3849 convenirent

2124 3880 2291 3961 quod
2334 3880 2469 3943 fieri
2517 3900 2644 3943 non
2690 3884 2918 3965 potuit,
2954 3899 3101 3943 cum
3140 3898 3341 3961 neque
3380 3878 3700 3963 suspicare

2124 3974 2374 4055 quidem
2416 3976 2733 4055 potuerint
2790 3974 3099 4037 Christum
3144 3975 3445 4056 quiddam
3486 3972 3699 4036 simile

2125 4084 2229 4127 eos
2257 4067 2814 4146 interrogaturum,
2840 4083 3041 4147 neque
3069 4083 3296 4129 omnes-
3318 4084 3431 4147 per
3454 4068 3698 4129 revela-

2122 4159 2357 4219 tionem
2387 4152 2779 4221 divinitatem
2802 4160 3031 4221 Christi
3052 4160 3210 4221 sicut
3232 4160 3445 4221 Petrus
3460 4178 3699 4239 cogno·

2122 4252 2391 4329 vissent3
2426 4252 2953 4332 intelligunt-ergo
2978 4253 3188 4314 Sancti
3218 4252 3465 4313 Petrum
3482 4254 3695 4313 solum

2120 4345 2287 4406 inter
2326 4345 2649 4427 Apostolos
2695 4345 2956 4407 voluisse
2998 4346 3241 4407 Christo
3286 4346 3689 4425 respondere,

2122 4438 2277 4499 alios
2308 4457 2454 4502 vero
2496 4440 2759 4501 tacendo
2788 4446 2850 4501 et
2878 4441 3239 4516 annuendo,
3270 4441 3695 4517 consensisse3

2120 4529 2359 4610 hocque
2415 4530 2599 4593 modo
2646 4534 2896 4593 Petrum
2928 4550 3041 4612 pro
3094 4533 3387 4593 omnibus
3446 4532 3693 4594 dedisse

2120 4641 2505 4704 responsum.
2557 4627 2675 4689 Sed
2730 4634 2956 4707 urgent
2988 4628 3353 4703 Lutherani,
3382 4643 3533 4688 nam
3566 4629 3695 4688 Au-

2118 4719 2429 4796 gustinus,
2466 4726 2735 4782 tractatu
2767 4722 2843 4783 50
2880 4726 2945 4783 et
2982 4720 3098 4782 ult.
3130 4721 3199 4781 in
3226 4721 3434 4797 Joan.,
3460 4727 3524 4781 et
3550 4724 3579 4781 1
3610 4720 3691 4781 de

2118 4811 2405 4873 Doctrina
2434 4811 2805 4891 Christiana,
2828 4830 2881 4876 c.
2924 4816 3023 4890 17,
3052 4819 3114 4875 et
3131 4813 3209 4875 de
3236 4815 3453 4892 Agone
3482 4813 3693 4875 Chris·

2118 4902 2309 4981 tiano,
2337 4922 2393 4965 c.
2430 4906 2530 4982 30,
2556 4911 2621 4967 et
2642 4906 2801 4967 Psal.
2832 4907 2973 4983 108,
2992 4906 3085 4967 ait
3104 4907 3381 4983 Petrum,
3410 4924 3557 4968 eum
3578 4924 3688 4967 au·

2118 4996 2316 5059 divit:
2366 4998 2508 5063 Tibi
2562 5000 2707 5064 dabo
2730 5046 2750 5078 ,
2806 5000 3141 5063 Ecclesiam
3181 5006 3684 5081 repraesentasse3

2115 5090 2291 5166 alias,
2314 5092 2521 5173 inquit
2533 5138 2554 5170 ,
2600 5092 2871 5156 Ecclesia
2896 5110 3023 5156 non
3046 5095 3313 5157 solveret
3340 5101 3405 5154 et
3428 5092 3678 5173 ligaret.

2114 5184 2473 5264 Respondeo
2494 5186 2592 5247 his
2632 5192 2695 5247 et
2722 5186 3030 5249 similibus
3058 5186 3236 5264 locis„
3282 5205 3412 5248 non
3450 5204 3688 5266 negare

2113 5277 2551 5357 Augustinum,
2582 5281 2712 5342 imo
2738 5286 2801 5342 et
2844 5298 3128 5361 expresse
3170 5280 3387 5342 docere
3419 5282 3685 5361 promis-

2112 5370 2352 5432 sionem
2376 5372 2538 5433 hanc
2552 5391 2695 5435 vere
2718 5379 2782 5435 et
2802 5374 3053 5455 proprie
3070 5373 3259 5436 fuisse
3284 5374 3513 5435 factam
3544 5392 3685 5456 per·

2110 5480 2279 5524 sonte
2328 5466 2515 5540 Petri,
2566 5471 2755 5546 atque
2791 5467 2945 5529 adeo
3002 5468 3071 5527 in
3104 5467 3221 5528 hac
3270 5468 3683 5547 promissione

2112 5557 2415 5619 contineri
2459 5559 2875 5621 universalem
2902 5560 3187 5623 Ecclesiae
3220 5564 3559 5639 primatum
3592 5560 3683 5623 illi
