3900 6217
535 462 685 518 SSCT.
719 461 801 514 m.
837 460 986 524 an
1015 462 1116 516 sn·
1147 461 1458 517 nnmerum
1491 461 1858 516 mummia:
1887 461 2138 516 GRATIAE
2168 463 2393 518 GRATIS
2425 463 2627 528 DATAE,
2662 463 2796 516 E‘rc.

189 573 368 640 formale
415 561 744 651 propheticae‘
799 566 1168 645 cognitionis
1225 573 1316 628 est
1392 565 1606 628 divina

184 668 439 740 auctoritas,
469 657 669 740 aliquid
691 659 969 720 revelans
996 659 1096 721 vel
1123 661 1480 722 testificans
1513 659 1605 721 Ita

183 767 230 824 D.
253 763 453 822 Thomas
473 758 526 818 2.
550 757 604 828 2,
631 771 693 833 q.
724 755 863 829 171,
888 765 1005 816 art.
1043 755 1123 830 3,
1153 754 1228 815 ad
1278 756 1335 816 3.
1386 755 1465 814 Et
1511 759 1603 813 est

179 855 402 919 conclusio
421 851 482 911 de
503 847 610 909 fide
637 853 802 909 certa
826 865 902 908 ex
927 847 1036 908 illo
1053 849 1200 908 Luc.
1232 851 1257 908 1
1289 866 1302 908 :
1337 849 1602 910 Locutus

179 951 272 1022 est(
293 944 450 1020 Deus)
469 959 566 1023 per
601 958 664 1004 os
708 939 1114 1016 Sanam-tom,
1161 941 1265 1021 qui
1302 959 1341 1004 a
1380 939 1602 1003 soeeulo

171 1047 274 1106 sunt
293 1040 652 1122 prophetarum
669 1081 687 1110 ,
733 1039 846 1096 etc.
894 1036 968 1095 Et
997 1033 1158 1096 Psal.
1188 1035 1312 1095 44:
1361 1035 1604 1117 linqua

171 1151 262 1196 meo
273 1133 484 1196 mamus
501 1129 700 1192 sor-ibae
717 1128 996 1192 velociter
1015 1128 1332 1195 scribentis
1361 1174 1377 1201 ,
1403 1127 1466 1188 id
1488 1131 1603 1204 est,

165 1221 536 1306 Spiritussaneti
547 1222 722 1298 juxta
735 1222 1100 1283 Sanctorum
1117 1221 1557 1302 expositionem
1575 1236 1596 1297 ;

165 1329 208 1382 et
225 1325 254 1381 2
275 1320 370 1378 Pet.
398 1321 462 1378 l:
512 1314 752 1395 Spiritu
799 1313 1036 1378 Sancto
1083 1314 1374 1394 aspirati
1412 1313 1600 1377 locuti

158 1419 276 1485 suat,
297 1417 388 1472 etc.
425 1411 490 1470 Et
529 1409 598 1470 ad
638 1409 795 1470 Heb.
822 1413 852 1470 1
884 1427 902 1470 z
936 1406 1098 1471 Olim
1151 1411 1314 1472 Deus
1348 1410 1598 1489 loquens

157 1509 374 1571 Patribus
392 1505 448 1565 in
476 1504 795 1585 prophetis.
830 1503 1005 1565 Unde
1049 1503 1369 1577 Eusebius,
1398 1502 1508 1564 lib.
1557 1503 1594 1563 5

156 1603 382 1662 Demonst.
407 1597 642 1676 Evang„
677 1597 866 1676 paulo
893 1604 1032 1677 post
1058 1597 1333 1672 initium,
1363 1597 1431 1656 in
1479 1595 1596 1655 hoc

155 1700 278 1773 putat
303 1691 506 1752 differre
553 1707 728 1751 veros
778 1709 814 1751 a
841 1689 1012 1752 falsis
1059 1689 1397 1770 prophetis,
1433 1688 1597 1768 quod

153 1787 328 1848 illorum
366 1781 605 1862 cognitio
623 1785 639 1860 ζ
656 1783 760 1843 vel
801 1782 1034 1845 locutio
1081 1783 1191 1845 Dei
1233 1783 1597 1844 auctoritate

157 1880 340 1952 nititur,
370 1877 568 1938 horum
631 1893 784 1938 vero
842 1878 1121 1940 minime.
1185 1875 1356 1950 Quod
1408 1876 1596 1938 etiam

161 1977 324 2032 constat
338 1989 398 2032 ex
421 1989 523 2031 usu
548 1972 900 2052 Scripturas,
927 1987 1073 2032 nam
1095 1987 1310 2032 omnes
1335 1971 1441 2050 qui
1469 1987 1596 2031 non

156 2065 318 2144 Spiritu
345 2066 536 2126 Sancto
573 2065 940 2146 loquuntur,
968 2065 1108 2126 {alsi
1147 2065 1463 2146 prophetae
1491 2083 1599 2144 ap-

151 2159 391 2238 pellantur,
417 2165 480 2220 ut
503 2165 666 2240 patet
693 2171 772 2220 ex·
798 2160 985 2242 paulo
1022 2167 1167 2223 ante
1207 2162 1406 2222 dictis.
1439 2161 1598 2222 Hinc

148 2255 277 2314 etiam
301 2253 616 2330 cassiodor„
643 2255 714 2314 in
737 2255 974 2334 praefat.
1003 2255 1188 2330 psal„
1220 2255 1436 2317 definit
1463 2271 1599 2333 pro·

148 2345 342 2424 phetiam
367 2363 476 2407 esse
513 2349 934 2411 revelationem
961 2347 1227 2413 divinam
1254 2394 1270 2423 ,
1313 2367 1466 2430 quoe,
1492 2351 1600 2413 ad-

149 2447 292 2501 rentus
325 2457 498 2502 rerum
542 2441 842 2504 immobili
880 2442 1134 2506 veritate
1190 2443 1588 2524 praenuntiat.

153 2531 274 2590 Ratio
294 2551 410 2593 vero
445 2535 788 2595 communis
815 2541 932 2611 est,
978 2537 1122 2614 quia
1156 2536 1428 2613 cognitio
1457 2553 1596 2614 pro-

147 2623 317 2700 phetica
349 2631 423 2686 est
454 2628 960 2705 supernaturaliS,
988 2633 1156 2688 certa
1195 2634 1257 2688 et
1301 2627 1598 2689 infallibi-

147 2715 209 2774 lis.
233 2717 364 2778 Unde
386 2735 610 2782 necesse
658 2727 760 2781 est
801 2727 872 2782 ut
915 2721 983 2782 in
1016 2721 1136 2781 Deo
1159 2719 1419 2784 nitatur.
1451 2722 1598 2796 Quae

147 2808 258 2867 ratio
293 2810 345 2869 in
371 2813 756 2890 sequentibus
801 2813 1002 2892 magis
1055 2819 1434 2892 exponetur3
1489 2811 1599 2874 ubi

148 2899 286 2958 etiam
318 2903 722 2982 explicabimus
771 2905 968 2984 qualis
1029 2905 1252 2967 debeat
1299 2923 1426 2968 esse
1469 2905 1601 2967 haec

149 2991 380 3066 revelatio,
400 3003 448 3057 et
469 3017 593 3076 quo
629 2999 826 3060 modo
848 3017 1124 3060 assensus
1149 2997 1466 3080 prophetae
1493 3000 1600 3061 Dei

149 3088 412 3150 anctoritate
453 3094 713 3154 nitatur.
755 3094 896 3154 Haee
941 3094 1109 3154 enim
1155 3093 1421 3171 intelligi
1472 3111 1599 3154 non

147 3187 328 3252 possunt
341 3225 358 3254 ,
397 3184 505 3244 nisi
541 3186 738 3247 simul
777 3203 1160 3266 exponamus
1204 3192 1268 3247 et
1311 3185 1598 3257 differen-

147 3267 242 3328 :iam
275 3271 390 3334 fidei
423 3295 457 3337 a
501 3276 834 3359 prophetia
850 3326 870 3357 ,
913 3287 976 3342 et
1010 3281 1216 3342 varios
1264 3281 1599 3361 prophetiae

147 3365 301 3425 nodos.

191 3459 257 3515 ll.
294 3457 604 3528 observatio
627 3483 752 3549 pro
776 3468 1126 3532 assertione.
1156 3502 1239 3517 —
1259 3467 1600 3532 Adverten-

147 3543 230 3606 lum
253 3558 430 3616 autem
477 3563 572 3618 est
601 3559 670 3620 in
710 3559 832 3620 hac
881 3559 1297 3637 conclusione,
1323 3561 1468 3623 licet
1493 3563 1598 3622 in-

147 3641 302 3703 erdum
339 3650 644 3731 contingat
673 3652 1028 3715 daemonem
1075 3653 1473 3716 manifestare
1501 3672 1602 3715 oc-

147 3733 236 3795 ulta
274 3741 530 3816 quaedam
569 3761 729 3806 vera
751 3793 772 3822 ,
809 3763 946 3826 quae
980 3748 1166 3809 homo
1225 3748 1455 3808 virtute
1489 3765 1602 3808 sua

151 3831 280 3904 equit
312 3850 691 3913 cognoscere,
727 3841 936 3920 qualia
969 3847 1114 3901 sunt
1137 3840 1375 3901 occulta
1404 3839 1602 3901 solum

147 3929 306 4000 mptu-
345 3927 452 3989 loci
507 3931 876 3994 distantiam
900 3979 921 4010 ,
966 3933 1374 3995 nihilominus
1431 3932 1606 3994 illam

148 4031 210 4072 on
239 4035 344 4080 esse
373 4041 578 4085 veram
601 4071 623 4102 ,
680 4033 748 4087 et
785 4025 1144 4107 simpliciter
1189 4026 1604 4108 prophetiam,

148 4107 192 4166 td
219 4109 404 4175 falsam
433 4117 662 4196 potius.
699 4120 946 4195 Prim0,
997 4121 1144 4200 quia
1188 4121 1296 4182 illa
1335 4121 1608 4200 cognitio

147 4217 170 4258 x
205 4221 294 4264 suo
329 4225 544 4285 genere
580 4231 720 4274 non
751 4213 1053 4276 fundatur
1088 4215 1155 4276 in
1211 4215 1469 4276 veritate
1515 4214 1611 4274 in-

147 4291 300 4358 nihili
344 4307 401 4362 et
440 4301 684 4367 lumine
716 4307 862 4367 satis
893 4313 1101 4382 ce1t03
1141 4307 1308 4368 unde
1347 4323 1475 4368 non
1521 4311 1612 4367 est

148 4397 544 4474 xpematuralis,
569 4401 680 4460 sed
717 4399 910 4462 veluti
935 4401 1214 4480 quaedam
1249 4401 1526 4462 humana
1551 4409 1613 4461 et

147 4485 384 4549 talerialis
409 4490 579 4568 ndae,
621 4511 818 4572 quam
847 4495 986 4574 quis
1014 4493 1248 4573 praebet
1274 4492 1496 4572 angelo
1534 4493 1615 4553 si·

147 4575 160 4630 ἰ
197 4577 433 4657 loquenti
473 4603 588 4664 per
629 4587 1164 4666 phantasmatum,
1198 4587 1298 4648 vel
1339 4587 1614 4666 objecto-

148 4683 218 4726 ssm
284 4678 661 4741 sensibilium
738 4681 1234 4761 applicationem.
1306 4680 1535 4741 Deinde
1591 4726 1610 4756 ,

148 4771 334 4827 uamvis
357 4769 584 4835 locutio
615 4774 732 4836 illa
761 4775 1077 4836 interdum
1103 4791 1252 4835 vera
1285 4774 1385 4847 sit,
1419 4791 1616 4854 quan-

148 4871 212 4915 ΠΒ
244 4861 310 4920 ad
346 4881 474 4926 rem
515 4867 780 4944 dietam,
818 4874 1031 4929 tamen
1071 4867 1415 4929 formaliter
1457 4883 1616 4928 sem-

147 4963 194 5006 er
209 4953 442 5019 includit
462 4961 890 5037 mendacium,
916 4978 1044 5022 non
1069 4961 1269 5022 solum
1287 4947 1434 5040 quia'
1459 4977 1617 5020 sem-

147 5058 196 5101 er
227 5043 290 5106 fit
321 5067 356 5110 a
393 5049 678 5116 daemone
721 5071 866 5115 cum
917 5055 1266 5116 intentione
1313 5053 1614 5130 fallendi3

147 5138 388 5215 iquando
404 5149 572 5210 enim
601 5167 804 5211 unum
827 5167 1047 5210 verum
1069 5143 1245 5224 dicit,
1267 5155 1338 5209 ut
1363 5148 1431 5208 in
1458 5147 1620 5208 mul-

148 5246 170 5286 ⁵
191 5231 457 5315 decipiat,
484 5249 562 5302 ut
607 5241 1086 5323 chrysostomus
1128 5243 1216 5302 ait
1235 5287 1256 5317 ,
1286 5239 1502 5303 homil.
1541 5239 1619 5300 49

147 5328 391 5401 nperfect.
442 5355 460 5408 ;
519 5337 910 5414 Augustinus
942 5381 961 5410 ,
1013 5335 1124 5396 lib.
1183 5337 1224 5396 Ξ
1275 5333 1610 5408 Quaestion.

149 5433 302 5499 vang-
325 5467 346 5498 ,
391 5433 606 5506 quaest.
640 5429 766 5504 ⁴⁰3
805 5429 912 5490 sed
965 5429 1154 5489 etiam
1195 5433 1256 5488 et
1307 5429 1617 5507 praecipue

147 5513 226 5572 uia
259 5535 504 5597 semper,
535 5523 602 5583 id
645 5523 812 5603 quod
857 5523 1030 5600 dicit,
1079 5522 1218 5584 vult
1236 5522 1443 5583 -teneri
1480 5527 1618 5582 tan-

147 5621 256 5668 uam
287 5615 720 5692 certissimum,
747 5624 807 5680 et
851 5617 1068 5679 divina
1111 5615 1474 5678 auctoritate
1513 5613 1620 5676 fir-

3126 461 3246 523 229

1685 571 1949 636 matum,
1976 566 2044 627 in
2073 585 2197 646 quo
2216 567 2617 629 vehementer
2643 563 2963 627 hominem
2991 566 3241 648 decipit.

1682 659 1837 721 Vide
1884 660 1954 722 D.
1988 659 2291 722 Thomam
2330 661 2390 721 2.
2439 661 2518 734 Ξ,
2564 665 2777 740 quaest.
2828 661 2967 734 17⁹2,
3004 665 3121 722 art.
3178 662 3239 724 6.

1683 751 1858 814 Unde
1889 771 1923 814 e
1962 753 2271 814 contrario
2310 752 2760 814 advertendum
2788 758 2880 814 est
2908 770 3121 814 omnes
3148 773 3244 816 re-

1680 847 2038 922 velatione3‚
2070 865 2207 927 quae
2236 865 2273 908 a
2314 847 2539 909 sanctis
2578 846 2813 924 angelis
2854 847 3014 907 fiunt
3040 897 3059 920 ,
3104 867 3247 928 pro-

1681 946 1894 1022 pterea
1925 939 2005 1002 ad
2049 957 2261 1002 veram
2302 939 2693 1021 prophetiam
2732 940 3065 1018 pertinere,
3098 943 3242 1022 quia

1683 1054 1812 1098 non
1863 1034 2214 1114 loquuntur
2264 1033 2331 1096 in
2376 1051 2639 1114 persona
2674 1033 2923 1113 propria
2953 1055 2971 1109 3
3003 1041 3065 1094 et
3105 1054 3243 1115 quae

1686 1129 2111 1212 praenuntiant
2152 1145 2281 1189 non
2335 1145 2445 1188 sua
2475 1125 2673 1187 solum
2704 1127 3067 1188 auctoritate
3101 1146 3245 1190 con-

1681 1221 1961 1298 firmant,
2008 1221 2114 1282 sed
2168 1226 2240 1282 ut
2282 1219 2391 1282 Dei
2433 1218 2703 1280 ministri
2752 1219 3133 1299 loquuntur3
3182 1227 3245 1283 et

1678 1317 1788 1398 qui
1837 1315 2282 1377 revelationem
2309 1313 2550 1394 accipit,
2580 1313 2639 1374 ei
2666 1313 3017 1389 assentitur,
3051 1319 3121 1374 ut
3150 1315 3242 1376 di-

1677 1410 1889 1470 vinam
1919 1409 2096 1469 decet
2128 1407 2580 1469 auctoritatem.
2808 1411 2814 1420 '

1759 1506 1857 1566 42.
1883 1503 2031 1567 Inst
2072 1503 2205 1566 ntia
2237 1508 2447 1567 contra
2469 1504 2743 1582 proxime
2779 1503 2937 1568 dicta
2976 1503 3237 1568 tollitur.

1675 1631 1758 1646 —-
1783 1599 1991 1658 Dices:
2016 1521 2266 1657 {tiamsi
2308 1593 2505 1657 bonus
2536 1597 2792 1676 angelus
2829 1616 2942 1658 sua
2970 1598 3245 1660 auctori-

1677 1697 1804 1753 tate
1839 1697 2084 1751 tantum
2135 1689 2517 1768 loqueretur,
2569 1689 2977 1752 infallibiliter
3024 1709 3241 1752 verum

1677 1791 1837 1847 esset
1863 1785 2024 1864 quod
2051 1783 2222 1856 dicit,
2254 1784 2541 1863 quianon
2564 1790 2763 1863 potest
2792 1784 3063 1858 mentiri,
3098 1803 3243 1846 cum

1676 1879 1894 1941 beatus
1923 1878 2033 1951 sit3
2071 1895 2220 1957 ergo
2251 1877 2310 1937 id
2345 1877 2463 1938 erit
2505 1878 2650 1937 satis
2680 1877 2757 1938 ad
2785 1877 3089 1956 objectum
3122 1877 3243 1938 for-

1677 1973 1840 2035 male
1881 1973 2239 2054 prophetiae.
2288 1973 2686 2060 RespondeOJ
2718 1973 2769 2034 si
2803 1979 2930 2033 tota
2973 1971 3242 2034 assensio

1678 2067 1850 2129 nullo
1903 2068 2090 2129 modo
2117 2068 2355 2129 nitatur
2394 2067 2605 2128 divina
2659 2065 3033 2128 revelatione
3055 2113 3076 2143 ,
3126 2066 3244 2128 erit

1679 2178 1754 2221 ex
1813 2179 1923 2222 suo
1984 2179 2207 2239 genere
2262 2159 2532 2221 fallibilis
2554 2205 2575 2236 ,
2630 2161 2777 2240 quia
2829 2179 2959 2222 non
3004 2166 3244 2221 constat

1680 2255 2014 2316 certissime
2056 2252 2304 2333 angelos
2348 2261 2587 2314 sanctos
2616 2253 2703 2314 ita
2731 2273 2857 2314 esse
2886 2253 3120 2328 beatos„
3170 2257 3241 2314 ut

1677 2367 1805 2409 non
1859 2348 2096 2428 possint
2140 2347 2411 2424 mentiri,
2456 2347 2577 2408 nisi
2623 2366 2700 2408 ex
2746 2347 2957 2408 divina
3008 2345 3244 2408 revela·

1679 2443 1870 2520 tione,
1915 2443 1979 2502 in
2012 2460 2199 2521 qnam
2228 2447 2299 2502 ut
2326 2442 2393 2501 in
2426 2441 2729 2502 rationem
2758 2440 3079 2502 formalem
3109 2447 3241 2513 tota

1677 2535 1784 2596 illa
1831 2535 2101 2597 assensio
2164 2535 2446 2598 ultimate
2500 2534 2874 2608 resolvitur;
2932 2535 3239 2614 praecipue

1677 2629 1826 2708 quia
1846 2626 2062 2690 beatus
2080 2627 2375 2709 Angelus,
2405 2627 2571 2708 quod
2596 2627 2847 2688 mentiri
2876 2615 3011 2688 non'
3027 2629 3241 2707 possit,

1679 2739 1757 2783 ex
1785 2721 2256 2803 participatione
2282 2721 2509 2784 divinae
2540 2720 2831 2782 bonitatis
2860 2726 2921 2782 et
2965 2721 3242 2782 veritatis

1679 2819 2015 2893 conspectae
2042 2815 2351 2876 vendicat.

1764 2909 1861 2970 13.
1893 2907 2167 2972 Assertio
2196 2909 2474 2972 secunda.
2504 2939 2587 2954 —
2613 2909 2759 2970 Dico
2780 2907 3049 2969 secundo
3081 2929 3096 2968 ε
3132 2905 3240 2969 ob·

1676 3005 1905 3082 jectum
1932 3001 2251 3064 materiale
2280 3001 2617 3081 prophetiae
2641 3002 2885 3081 proprie
2910 3001 3113 3078 dictae,
3150 3006 3245 3063 est

1680 3096 1744 3156 id
1766 3112 1950 3157 omne
1989 3093 2149 3173 quod
2188 3093 2301 3154 sub
2348 3093 2623 3155 divinam
2670 3092 3111 3155 revelationem
3142 3112 3243 3154 ea-

1679 3189 1822 3250 dere
1849 3193 2068 3268 potest.
2118 3189 2292 3249 Patet
2332 3187 2641 3249 conclusio
2684 3205 2722 3249 a
2766 3186 2977 3262 simili,
3028 3206 3105 3248 ex
3144 3185 3243 3248 his

1679 3297 1820 3360 quae
1845 3280 1997 3342 alias
2023 3280 2099 3341 de
2124 3279 2248 3341 fide
2293 3280 2582 3342 diximus.
2616 3281 2733 3341 Par
2775 3281 2943 3340 enim
2971 3286 3062 3342 est
3086 3279 3244 3341 ratio

1679 3375 1755 3436 de
1784 3373 2160 3436 revelatione
2204 3371 2346 3434 fidei
2397 3381 2458 3436 et
2504 3375 2882 3454 prophetiae3
2911 3380 3046 3435 tum
3097 3373 3245 3454 quia

1679 3485 1808 3528 una
1863 3466 2201 3528 restrictior
2250 3485 2379 3528 non
2432 3473 2525 3528 est
2577 3485 2765 3546 quam
2815 3467 3055 3545 altera3
3108 3474 3244 3527 tum

1681 3559 1870 3620 etiam
1898 3558 2047 3637 quia
2073 3558 2148 3618 de
2177 3559 2414 3638 objectu
2455 3561 2657 3620 omnis
2682 3558 2929 3621 habitus
2954 3566 3015 3620 et
3038 3559 3245 3638 cogni·

1680 3653 1867 3732 tionis
1919 3669 2138 3712 verum
2185 3651 2395 3728 habet,
2447 3651 2765 3713 materiale
2814 3651 3035 3714 debere
3084 3653 3247 3715 adae·

1684 3745 1862 3825 quari
1886 3743 2155 3807 formali.
2188 3744 2327 3806 Dixi
2362 3751 2573 3807 tamen
2620 3744 2956 3825 prophetiae
2996 3747 3245 3828 proprie

1686 3841 1863 3902 dictae
1881 3862 1908 3910 ;
1930 3841 2229 3918 quoniam
2258 3839 2389 3901 haec
2428 3857 2574 3900 vera
2598 3846 2765 3914 sunt,
2807 3839 2859 3900 si
2882 3839 2958 3900 de
2984 3840 3247 3920 prophe-

1685 3935 1775 3996 tia
1830 3932 2174 3995 secundum
2207 3951 2343 3995 rem
2392 3934 2592 4014 ipsam
2649 3934 3028 4012 loquamur3
3082 3940 3147 3994 at
3194 3932 3248 3994 si

1688 4025 2129 4107 etymologiam
2176 4027 2342 4087 vocis
2371 4039 2434 4087 et
2472 4015 2855 4106 frequentem
2892 4027 3023 4105 ejus
3068 4045 3251 4088 usum

1687 4125 2055 4198 spectemuS,
2088 4121 2350 4180 materia
2379 4119 2515 4198 ejus
2540 4119 2812 4180 maxime
2850 4125 2996 4180 sunt
3044 4119 3254 4180 futura

1691 4211 2137 4290 contingentia,
2170 4218 2239 4271 ut
2266 4213 2336 4273 D.
2364 4212 2656 4288 Tho'mas,
2694 4217 2908 4291 quaest.
2956 4215 3096 4287 171,
3128 4233 3183 4274 a.
3215 4214 3253 4273 3

1688 4312 1752 4366 et
1773 4307 1836 4378 4,
1868 4304 2146 4386 disputat
2162 4323 2239 4366 ex
2266 4306 2586 4384 Gregori0,
2612 4306 2781 4366 hom.
2823 4310 2852 4367 1
2891 4306 2960 4366 in
2994 4305 3213 4368 Ezech.
3235 4351 3251 4378 ,

1697 4398 2155 4479 chrysostomo,
2213 4398 2454 4477 praefat.
2512 4399 2780 4460 secunda
2830 4391 2895 4460 i'u
2954 4400 3253 4474 Psalmos,
3318 4465 3334 4476 ‚

1695 4493 1858 4554 circa
1877 4493 2149 4554 medium
2165 4514 2182 4569 ;
2209 4493 2505 4574 Euthym.
2549 4511 2734 4572 super
2756 4495 2963 4569 Joan.,
2996 4495 3063 4554 in
3088 4493 3259 4575 prin-

1693 4587 1892 4666 cipio;
1939 4587 2127 4662 Beda,
2172 4587 2240 4648 in
2291 4587 2528 4666 praefat.
2562 4587 2641 4647 ad
2678 4587 2867 4663 Psal.‚
2907 4593 3059 4648 tom.
3090 4589 3149 4649 8.
3184 4588 3264 4648 Et

1693 4679 1811 4740 hoc
1837 4679 2105 4741 secundo
2137 4679 2522 4760 limitatoque
2574 4679 2780 4756 mod0,
2811 4680 2945 4741 vult
2993 4681 3063 4741 D.
3100 4681 3261 4741 Tho-

1696 4791 1828 4833 mas
1879 4774 2167 4852 usurpari
2214 4772 2629 4852 prophetiam,
2680 4779 2865 4853 prout
2890 4781 3263 4836 numeratur

1695 4867 1861 4928 inter
1881 4863 2123 4948 yratias
2164 4865 2365 4948 pratis
2393 4868 2594 4940 datas,
2641 4885 2713 4928 ac
2766 4866 3172 4948 distinguitur
3226 4888 3266 4928 a

1696 4961 2053 5023 discretione
2075 4960 2429 5040 spirituum,
2456 4960 2521 5019 id
2552 4965 2663 5033 est,
2691 4960 3066 5026 revelatione
3096 4961 3267 5038 cogi-

1697 5053 2007 5114 tationum
2050 5052 2415 5113 interiorum
2445 5053 2670 5129 cordi3‚
2712 5072 2852 5133 quae
2900 5055 3032 5116 sine
3076 5054 3267 5115 dubio

1697 5144 2042 5207 formaliter
2092 5163 2132 5206 a
2180 5145 2505 5226 prophetia
2552 5164 2680 5206 non
2730 5146 2961 5222 differt,
3018 5146 3124 5206 sed
3188 5166 3269 5207 ex

1698 5245 1871 5319 parte
1896 5244 2144 5300 tantum
2186 5240 2492 5317 materiae3
2552 5239 2718 5300 unde
2751 5239 2950 5301 obiter
2977 5239 3271 5318 intellig-i-

1700 5341 1826 5410 tur,
1857 5333 2019 5414 quod
2051 5337 2237 5396 etiam
2266 5353 2453 5414 supra
2489 5334 2784 5410 diximuS,
2815 5352 2942 5394 non
2984 5339 3271 5414 oportere

1696 5446 1911 5489 omnes
1949 5427 2192 5511 ¹oratius
2231 5431 2432 5512 qratia
2478 5429 2655 5491 datas
2700 5427 3107 5488 essentialiter
3152 5427 3273 5487 dis-

1694 5521 1924 5600 tingui,
1968 5521 2073 5582 sed
2104 5522 2249 5582 satis
2295 5539 2426 5583 esse
2454 5522 2505 5581 si
2552 5521 2620 5580 in
2647 5519 2864 5581 ordine
2892 5519 2970 5580 ad
3000 5519 3273 5580 diversos

1697 5613 1951 5676 effectus
1998 5613 2099 5675 vel
2146 5615 2445 5676 utilitates
2501 5611 2785 5674 Ecclesiae
2846 5619 3273 5674 secernantur.
