3900 6217
611 427 732 494 390

607 538 974 617 prudentiae.
1029 539 1236 600 Primo
1255 583 1276 615 ‚
1324 537 1472 617 quia
1523 537 1713 598 homo
1773 541 1865 597 est
1911 535 2171 612 ignarus

610 631 1044 696 imbecillitatis
1083 648 1234 707 suae,
1281 639 1342 691 et
1392 630 1530 691 ideo
1575 629 1832 692 humilis
1869 628 2171 689 cautionis

609 730 703 784 est
745 727 982 804 majora
1025 723 1299 805 pericula
1336 724 1578 785 vitare:
1609 723 1776 783 unde
1825 721 2172 802 Cyprianus

609 835 829 897 supra:
870 820 988 894 Qui
1009 815 1254 881 interim
1278 817 1448 890 cedit,
1477 833 1598 878 ozon
1623 817 1803 896 fidem
1833 817 2037 896 neyat,
2070 815 2176 874 sed

613 914 846 990 tempus
899 915 1206 991 esepectat:
1247 927 1390 972 nam
1423 912 1588 986 ferte
1619 911 1726 989 qui
1779 925 1900 970 non
1926 907 2168 978 secedit,

605 1013 936 1087 neqaturus
972 1003 1284 1067 remansit.
1328 1003 1633 1077 Secundo,
1670 1002 1838 1082 quia,
1869 1006 1940 1060 ut
1984 999 2175 1060 Atha-

609 1097 816 1158 nasius
870 1097 1066 1171 dixit,
1120 1095 1308 1156 homo
1353 1096 1600 1174 ignorat
1643 1099 1889 1174 tempus
1957 1091 2173 1152 mortis

608 1207 733 1250 suae
766 1207 802 1250 a
848 1191 973 1251 Deo
1001 1190 1401 1263 destinatum,
1433 1195 1496 1249 et
1526 1188 1668 1248 ideo
1697 1187 1949 1267 quando
1976 1185 2171 1248 altera

605 1285 766 1344 ratio
791 1281 1185 1362 obligationis
1213 1287 1538 1360 expectare
1564 1297 1688 1341 non
1719 1281 1904 1357 cogit,
1937 1280 2169 1358 optime

603 1375 756 1436 facit
789 1375 1088 1454 fugiendo
1133 1381 1422 1448 mortem,
1461 1374 1694 1450 donec,
1748 1375 1872 1434 Deo
1913 1373 2171 1451 permit-

605 1475 800 1543 tente,
830 1469 895 1528 in
925 1487 1028 1529 eas
1055 1468 1371 1546 angustias
1419 1467 1728 1542 deveniat,
1762 1473 1831 1526 ut
1860 1463 2034 1526 illam
2084 1463 2171 1524 vi-

607 1565 738 1623 tare
765 1579 892 1622 non
921 1563 1130 1640 possit.

642 1659 647 1664 ’
691 1656 786 1717 10.
831 1654 1180 1736 Aliqua-ndo
1242 1657 1453 1733 myere
1498 1656 1908 1734 persecutores
1963 1658 2053 1715 est
2103 1654 2174 1715 in

597 1751 900 1829 praecepto
929 1752 986 1810 et
1014 1747 1293 1828 quando?
1313 1747 1504 1807 -His
1534 1745 1886 1807 addendum
1916 1752 2031 1820 est,
2062 1747 2172 1807 ali·

607 1841 856 1920 quando
884 1841 1021 1902 fieri
1050 1857 1224 1920 posse
1247 1845 1321 1900 ut
1361 1839 1502 1901 talis
1545 1840 1693 1919 fuga
1731 1840 1808 1899 sit
1841 1841 1906 1902 in
1949 1857 2173 1919 praece-

603 1941 734 2014 pto,
767 1934 1066 1994 nimirum
1095 1934 1342 2012 quaudo
1377 1951 1640 2014 persona
1669 1938 1762 1994 est
1805 1932 2080 2012 publica,
2112 1939 2174 1993 et

605 2027 682 2086 ad
711 2026 1042 2088 utilitatem
1071 2027 1498 2105 proximorum
1542 2026 1858 2086 moraliter
1894 2043 2173 2086 necessa-

606 2119 722 2180 ria.
763 2121 853 2179 lta
894 2119 1071 2180 dorct
1117 2119 1498 2197 Augustinus
1525 2119 1726 2180 citatis
1755 2118 1924 2193 locis,
1958 2124 2021 2180 et
2066 2119 2172 2179 ad-

607 2213 778 2274 ducit
805 2214 1157 2292 exemplum
1202 2213 1278 2274 de
1307 2213 1518 2287 Paulo,
1551 2214 1660 2291 qui
1701 2231 1766 2272 se
1807 2212 2063 2272 utilitati
2100 2212 2173 2271 fi-

609 2305 843 2366 delium
885 2305 1184 2384 fugiendo
1229 2305 1535 2379 servabat,
1574 2311 1645 2364 ut
1685 2305 1772 2364 ait
1817 2305 1985 2364 dicto
2010 2311 2172 2365 trac·-

605 2405 741 2458 tatu
770 2399 1242 2477 quadragesimo
1287 2403 1462 2458 sexto
1488 2421 1507 2472 ;
1537 2404 1599 2458 et
1635 2398 1699 2457 iu
1730 2398 1853 2457 alio
1893 2397 2053 2472 loco,
2103 2398 2171 2457 in

606 2489 724 2551 hoc
767 2491 1092 2569 distinguit
1131 2497 1440 2570 pastorem
1490 2509 1526 2550 a
1573 2491 1978 2564 mercenario,
2024 2491 2171 2570 quia

607 2585 1023 2645 mercenarius
1051 2584 1214 2662 sugit
1237 2583 1576 2644 deserendo
1605 2601 1772 2655 oves,
1799 2591 1871 2642 ut
1897 2585 2171 2662 seipsum

605 2678 909 2738 custodiat
935 2694 952 2754 ;
979 2685 1189 2758 pastor
1213 2685 1423 2738 autem
1460 2677 1674 2755 fugere
1699 2677 1904 2750 debet,
1936 2682 2008 2735 ut
2027 2695 2173 2738 oves

603 2772 926 2832 custodiat.
957 2771 1154 2845 Quam
1183 2772 1527 2832 doctrinam
1558 2771 1744 2832 habet
1783 2771 1973 2831 etiam
2021 2771 2167 2831 Gre-

607 2867 842 2943 gorius,
887 2865 1202 2942 trigesimo
1233 2864 1436 2945 primo
1474 2863 1827 2938 Moralium,
1860 2865 2057 2943 capite
2076 2865 2166 2924 vi-

605 2958 840 3035 gesimo
887 2959 1070 3018 tertio
1099 2964 1160 3018 et
1191 2957 1493 3036 vigesimo
1532 2963 1774 3036 quarto,
1806 2962 1868 3017 et
1896 2957 2167 3016 secundo

602 3048 1026 3128 Dialogorum,
1059 3065 1192 3128 cap.
1227 3053 1284 3110 3.
1331 3050 1685 3129 Aliquando
1725 3050 1916 3110 etiam
1968 3056 2168 3128 potest

603 3144 754 3203 oriri
799 3143 925 3203 haec
972 3143 1270 3220 obligatio
1319 3161 1396 3202 ex
1437 3143 1571 3221 ipsa
1620 3144 1860 3204 ratione
1915 3143 2167 3222 propria

563 3237 572 3247 '
603 3235 773 3308 fidei,
804 3253 884 3295 ne
913 3235 1139 3315 aliquis
1176 3255 1240 3296 se
1270 3243 1538 3314 exponat
1569 3235 1846 3314 periculo
1894 3235 2166 3313 negandi

603 3327 788 3388 fidem
827 3347 842 3400 ;
894 3335 956 3388 et
1005 3330 1271 3389 sumitur
1313 3347 1387 3390 ex
1435 3328 1598 3390 dicto
1645 3330 1828 3408 capit.
1867 3328 2166 3391 Sciscita-

602 3420 721 3494 ris,
767 3427 829 3480 et
857 3439 930 3480 cx
967 3421 1286 3497 Gregorio,
1323 3424 1398 3483 ⁴8
1427 3421 1667 3494 Moral.,
1701 3439 1836 3500 cap.
1881 3423 1966 3494 53
2008 3427 2169 3480 etex

606 3514 788 3573 Petro
811 3513 1250 3590 Alexandrino,
1279 3515 1348 3574 in*
1379 3514 1536 3574 libro
1561 3514 1635 3573 de
1665 3513 2015 3574 Canonibus
2042 3531 2171 3592 poe·

608 3607 1059 3682 nitentialibuS,
1090 3625 1309 3667 canon.
1337 3609 1432 3682 10,
1479 3609 1544 3667 in
1585 3607 1854 3667 secundo
1878 3613 2049 3666 tomo
2071 3607 2169 3666 Bi-

605 3699 928 3759 bliothecae
957 3701 1353 3777 Sanctorum3
1385 3705 1448 3760 et
1475 3717 1553 3759 ex
1581 3698 1910 3778 Cypriane,
1945 3706 2009 3759 et
2030 3697 2170 3759 aliis

605 3810 790 3871 supra
825 3792 1122 3871 allegatis.
1155 3793 1409 3867 Quando
1459 3811 1604 3853 vero
1643 3792 1763 3853 tale
1805 3793 1886 3853 sit
1931 3795 2170 3872 pericu·

603 3883 762 3959 lum,
793 3890 978 3964 atque
1007 3887 1094 3946 ita
1125 3887 1482 3964 proximum
1523 3893 1586 3946 et
1625 3883 1878 3960 morale,
1905 3891 1977 3944 ut
2014 3883 2170 3944 ohli-

605 3982 789 4052 getur
827 3995 1089 4056 persona
1137 3978 1215 4038 ad
1266 3979 1590 4038 vitandum
1627 3977 1801 4052 illud,
1833 3995 1910 4037 ex
1958 3977 2167 4037 condi-

603 4070 777 4131 tione
811 4088 1108 4150 personae,
1153 4077 1215 4132 et
1251 4089 1328 4131 ex
1358 4070 1837 4131 circumstantiis
1867 4069 2170 4147 colligen-

607 4163 758 4223 dum
799 4171 932 4236 est;
967 4163 1282 4224 moraliter
1333 4170 1540 4224 autem
1592 4161 1904 4242 loquendo
1951 4181 2169 4222 consu·

607 4253 860 4316 lendum
893 4263 1005 4331 est,
1045 4262 1116 4316 ut
1150 4257 1380 4317 vitetur
1415 4257 1538 4316 tale
1571 4255 1941 4336 periculum,
1974 4273 2170 4334 quan-

605 4347 686 4408 do
738 4367 864 4409 non
913 4349 1102 4408 fuerit
1141 4355 1331 4424 certa,
1367 4348 1466 4408 vel
1514 4365 1742 4426 magna
1787 4363 1961 4425 spes,
2006 4347 2169 4424 quod

605 4461 731 4502 non
763 4443 976 4521 fugere
1004 4444 1084 4504 ad
1130 4461 1427 4520 magnum
1467 4443 1570 4503 Dei
1619 4442 1917 4502 honorem
1963 4441 2061 4501 vel
2090 4441 2169 4501 ad

603 4535 937 4596 utilitatem
981 4537 1401 4614 proximorum
1437 4535 1742 4615 expediat.

691 4630 752 4688 Η
771 4672 786 4686 .
831 4626 1172 4708 Aliquando
1198 4629 1337 4691 lieet
1363 4647 1480 4689 non
1504 4633 1711 4711 suffere
1735 4631 2164 4707 persecutores.

603 4753 687 4767 —
709 4720 901 4784 Nota.
935 4749 1018 4765 -—
1039 4720 1450 4780 Nihilominus
1501 4722 1760 4781 ulterius
1812 4719 2169 4780 addendum

607 4819 720 4888 est,
751 4813 1086 4892 aliquando
1123 4828 1297 4894 posse
1327 4833 1456 4874 esse
1489 4814 1730 4874 licitum
1761 4829 1886 4873 non
1923 4812 2165 4891 fugere,

605 4905 706 4968 sed
737 4913 1201 4985 perseveranter
1243 4913 1588 4986 expectare,
1625 4907 1817 4968 etiam
1869 4923 2009 4966 cum
2060 4923 2166 4984 pe·-

605 4999 802 5060 riculo
847 4999 1014 5059 vitae.
1072 4999 1406 5073 Probatur,
1459 5001 1608 5078 quia
1660 5000 1971 5078 imprimis
2016 4998 2169 5058 illud

607 5111 735 5152 non
769 5099 860 5152 est
884 5109 948 5152 se
983 5091 1282 5167 occidere,
1315 5093 1476 5170 quod
1509 5109 1830 5170 nunquam
1861 5092 2028 5165 licet,
2060 5091 2168 5152 sed

607 5193 700 5246 est
727 5203 853 5245 non
883 5184 1192 5246 custodire
1221 5185 1437 5260 vitam,
1468 5185 1632 5263 quod
1675 5201 1834 5264 soepe
1861 5185 2003 5245 lieet
2029 5203 2170 5263 pro-

604 5285 744 5358 pter
772 5277 1208 5339 rationabilem
1235 5283 1297 5338 et
1325 5277 1648 5338 honestam
1689 5295 1959 5338 causam.
1993 5279 2171 5338 Dein-

607 5372 684 5432 de
713 5373 871 5432 sicut
909 5371 1127 5448 fugere
1155 5389 1281 5431 non
1311 5378 1404 5431 est
1429 5370 1833 5450 prohibitum,
1869 5371 1955 5430 ita
1980 5373 2168 5431 etiam

609 5482 737 5525 non
770 5471 864 5525 est
895 5481 1004 5543 per
1042 5483 1106 5524 se
1136 5473 1512 5543 praeccptum
1539 5479 1558 5540 3
1586 5463 1808 5524 nullibi
1852 5464 2017 5524 enim
2048 5463 2171 5526 tale

605 5564 980 5639 praeceptum
1025 5558 1362 5633 invenitur,
1405 5575 1517 5619 nee
1555 5557 1830 5619 Christus
1873 5559 2169 5620 Dominus

1353 437 1589 490 DlSPUT.
1623 437 1752 489 ΧΠ.
1789 437 1869 488 DE
1901 433 2237 487 PRAEGEPTO
2270 435 2469 488 ACTUS
2504 434 2869 488 Exrssmoms
2903 431 3083 486 Flam.

2250 535 2439 596 verbo
2486 535 2735 616 proprie
2789 533 3155 613 praeceptivo
3188 549 3333 594 usus
3376 542 3497 604 est.
3538 543 3744 618 quando

2248 629 2405 690 dixit
2437 645 2453 690 ε
2482 631 2709 712 Fuyite
2740 631 2809 691 in
2846 629 3059 700 aliam,
3112 628 3219 688 sed
3270 629 3578 693 declaravit
3610 640 3743 714 quod

2252 721 2495 783 licitum
2525 729 2638 796 est,
2684 728 2747 784 et
2788 721 3173 800 frequentius
3216 723 3472 800 expedit,
3514 732 3579 786 ut
3619 727 3748 790 bene

2254 816 2469 876 docuit
2491 816 2894 893 Augustinus,
2922 815 3099 893 epist.
3134 815 3251 875 180
3282 815 3361 874 ad
3382 817 3745 899 Honoratum

2252 909 2599 983 Salmeron,
2638 914 2807 968 tomo
2854 910 2897 968 4
2940 907 3009 966 in
3056 906 3475 984 Evangelium,
3518 917 3667 988 parte
3698 919 3746 989 2,

2251 1007 2431 1063 tract.
2464 1003 2572 1076 163
2612 1001 2957 1080 Cajetanus,
2990 999 3207 1062 Matth.
3255 1002 3353 1075 10,
3392 1002 3493 1062 ubi
3530 1003 3751 1068 breviter

2252 1101 2317 1156 et
2342 1097 2573 1175 optime
2618 1113 2752 1155 rem
2799 1094 3129 1173 explicavit
3160 1109 3177 1154 ι
3206 1092 3445 1176 Fugite,
3479 1096 3675 1176 inquit,
3699 1103 3751 1161 in

2250 1188 2441 1251 aliam
2470 1189 2775 1251 civitatem
2793 1214 2820 1261 ,·
2856 1185 3105 1251 lieentia
3128 1193 3242 1261 eet,
3266 1203 3387 1247 non
3418 1195 3750 1270 praeceptum,

2251 1288 2311 1344 et
2336 1279 2618 1363 apposuit
2647 1283 2779 1355 hoo,
2814 1299 2887 1344 ne
2912 1282 3204 1344 illicitum
3234 1278 3657 1344 existimarem·
3678 1290 3755 1358 fu-

2251 1391 2407 1456 yere.
2450 1376 2541 1434 Ex
2586 1373 2828 1452 objecto
2874 1374 3070 1451 igitur
3118 1389 3245 1433 non
3280 1371 3488 1451 fugere
3530 1389 3641 1434 non
3684 1384 3756 1437 est

2256 1467 2515 1542 malum,
2568 1473 2632 1528 et
2675 1466 2925 1527 aliunde
2983 1471 3181 1544 potest
3229 1465 3453 1525 habere
3482 1465 3755 1530 honestam

2254 1579 2505 1621 causam
2535 1566 2598 1621 et
2627 1560 2842 1636 finem,
2890 1559 3041 1640 quia
3069 1565 3271 1639 potest
3312 1558 3569 1635 judicari
3612 1577 3757 1640 expe-

2252 1653 2429 1714 diens
2454 1653 2555 1713 vel
2592 1653 2669 1712 ad
2709 1652 3043 1713 utilitatem
3077 1653 3501 1732 proximorum
3522 1699 3536 1722 ,
3577 1652 3662 1712 vel
3697 1653 3757 1713 ad

2254 1747 2553 1824 majorem
2585 1746 2689 1806 Dei
2710 1743 3051 1822 ‘honorem3
3092 1750 3157 1804 et
3199 1749 3400 1824 potest
3432 1761 3666 1822 persona
3690 1751 3759 1806 ta-

2253 1839 2331 1899 lis
2358 1857 2510 1915 esse,
2542 1845 2614 1899 ut
2640 1856 2766 1898 non
2796 1839 2875 1899 sit
2898 1837 3133 1900 morale
3162 1836 3508 1917 periculum
3536 1841 3759 1916 negandi
3841 1891 3842 1894 ,

2250 1931 2476 2006 fidem3
2511 1939 2659 1992 tunc
2696 1949 2847 2010 ergo
2876 1931 3113 1992 licitum
3144 1931 3265 1991 erit
3299 1937 3633 2008 expectare;
3658 1949 3760 1992 ma·
3841 1969 3842 1972 =

2250 2028 2421 2087 xime
2456 2044 2605 2087 vero
2654 2033 2851 2106 potest
2885 2025 3003 2088 hoc
3037 2025 3341 2098 accidere,
3373 2025 3423 2084 si
3464 2025 3637 2084 homo
3657 2026 3761 2102 jam
3841 2085 3842 2092 ,

2252 2126 2465 2198 captus
2510 2125 2573 2180 et
2620 2119 3098 2196 comprehensus
3143 2118 3631 2192 detinetur3imo
3675 2117 3762 2177 ali-

2252 2213 2358 2291 qui
2408 2219 2627 2290 putant
2674 2218 2823 2272 tunc
2882 2229 3011 2273 esse
3048 2212 3496 2288 obligationem
3545 2228 3655 2270 non
3691 2212 3763 2270 iu-

2253 2306 2483 2382 gicndi‚
2517 2307 2855 2384 praesertim
2892 2305 3141 2385 quando
3174 2304 3477 2365 confessio
3510 2301 3637 2364 fidei
3660 2323 3762 2382 pos·
3841 2307 3842 2384 J

2251 2399 2438 2459 tulari
2484 2405 2682 2478 coepta
2720 2405 2849 2474 est,
2908 2405 2971 2458 ct
3020 2397 3265 2459 homini
3309 2403 3548 2476 tempus
3594 2403 3671 2456 est
3707 2397 3767 2456 ad
3841 2417 3842 2424 ¹

2252 2491 2753 2571 respondendum
2792 2492 3207 2570 designatum.
3248 2491 3372 2552 Sed
3412 2490 3766 2549 nihilominus
3841 2521 3842 2556 3

2252 2603 2378 2644 non
2408 2585 2693 2646 existimo
2724 2585 2839 2644 hoc
2892 2584 3039 2644 satis
3080 2601 3211 2644 esse
3260 2583 3339 2643 ad
3374 2582 3765 2662 obligationem
3841 2603 3842 2636 1

2252 2677 2717 2756 imponendam,
2748 2677 2895 2757 quia
2936 2695 3052 2738 nec
3075 2677 3291 2736 Patres
3318 2676 3480 2735 hanc
3501 2675 3769 2735 limitatio·
3841 2667 3842 2750 ῗ

2248 2787 2393 2830 nem
2433 2771 2689 2845 addunt,
2731 2787 2933 2848 neque
2970 2775 3060 2830 est
3106 2766 3426 2830 sufficiens
3464 2767 3614 2829 ratio
3654 2767 3765 2828 talis
3841 2769 3842 2774 ’

2246 2863 2661 2940 obligationiS,
2688 2863 2839 2940 quia
2868 2881 2991 2922 non
3042 2879 3291 2940 semper
3320 2861 3381 2920 id
3418 2861 3664 2938 pertinet
3704 2861 3763 2920 ad

2246 2956 2545 3015 honorem
2584 2956 2753 3030 fidei,
2794 2962 2859 3015 et
2901 2955 3045 3034 quia
3075 2955 3265 3015 etiam
3316 2959 3469 3013 tunc
3508 2952 3675 3013 habet
3698 2951 3769 3010 lo·

2248 3067 2387 3108 cum
2432 3049 2541 3109 illa
2571 3049 2754 3124 ratic,
2800 3047 2965 3126 quod
3014 3048 3148 3124 ipsa
3188 3045 3341 3124 fuga
3394 3052 3489 3106 est
3535 3044 3769 3104 virtualis
3841 3085 3842 3100 2

2246 3141 2531 3220 quaedam
2606 3141 2925 3202 confessio.
2998 3140 3173 3201 Unde
3256 3140 3450 3200 etiam
3512 3137 3770 3198 habemus

2246 3234 2599 3313 exemplum
2631 3236 2819 3309 Petri,
2867 3235 2974 3313 qui
3018 3251 3052 3293 e
3098 3249 3351 3293 carcere
3390 3232 3581 3310 fugit3
3614 3231 3771 3292 etalii
3841 3279 3842 3318 }

2246 3327 2431 3386 etiam
2464 3327 2849 3388 confessores
2879 3344 2988 3386 seu
3020 3327 3329 3404 Martyres
3352 3343 3509 3404 saepe
3548 3325 3609 3384 id
3640 3324 3773 3384 fece·

2248 3427 2418 3495 runt,
2444 3428 2509 3481 et
2528 3419 2981 3480 consulendum
3011 3425 3103 3479 est
3138 3419 3385 3497 quoties
3412 3435 3655 3496 persona
3674 3435 3772 3476 non
3841 3417 3842 3490 l

2247 3513 2434 3573 fuerit
2496 3514 2643 3574 satis
2705 3519 2993 3573 constans
3066 3517 3129 3572 et
3182 3511 3247 3571 in
3307 3509 3435 3572 fide
3494 3511 3769 3570 instructa.
3841 3507 3842 3522 l

2250 3606 2505 3678 Quando
2534 3623 2679 3665 vero
2714 3604 2989 3665 conditio
3015 3619 3301 3683 personas
3332 3605 3535 3683 juvat,
3565 3603 3662 3661 illa
3684 3607 3774 3672 est,
3841 3619 3842 3686 ss

2250 3699 2617 3778 regulariter
2656 3699 2991 3778 loquandO,
3036 3699 3274 3776 optima
3318 3698 3556 3758 occasio
3598 3711 3776 3774 expec-
3841 3687 3842 3756 ᾗ

2249 3791 2447 3866 tandi,
2474 3797 2537 3851 et
2558 3791 2893 3852 confitendi
2916 3796 3277 3850 constanter
3302 3789 3519 3852 fidem.

2334 3887 2427 3945 19..
2474 3883 2813 3965 Aliquando
2854 3889 2945 3946 est
2980 3881 3360 3965 prohibitum
3402 3887 3623 3966 fugere,
3658 3897 3778 3962 pas-
3841 3889 3842 3892 ’

2251 3979 2371 4041 tora·
2402 3976 3089 4058 proesertim.-Ultimo
3116 3975 3277 4036 addo
3316 3975 3649 4056 aliquando
3672 3989 3779 4032 esse

2252 4087 2427 4147 posse
2455 4069 2666 4148 fugam
2696 4068 3099 4148 prohibitam.
3132 4069 3263 4128 Hoc
3308 4069 3581 4128 maxime
3606 4065 3779 4125 locum

2249 4160 2437 4222 habet
2464 4162 2531 4222 in
2566 4162 2951 4241 pastoribus3
2981 4168 3259 4240 tempore
3308 4177 3583 4240 namque
3612 4175 3780 4238 perse-

2252 4256 2514 4315 cutionis
2569 4262 2863 4315 tenentur
2930 4271 3060 4314 non
3128 4255 3345 4331 fugere
3360 4299 3381 4330 ,
3438 4255 3612 4332 juxta
3656 4248 3780 4309 illud

2250 4349 2505 4409 Joannis
2534 4351 2611 4410 10
2664 4366 2680 4409 :
2718 4349 2929 4410 Bonus
2952 4353 3169 4430 pastor
3196 4349 3473 4410 animam
3505 4363 3671 4410 suam
3696 4361 3783 4423 po-

2249 4444 2345 4504 nit
2366 4461 2481 4524 pro
2528 4443 2730 4506 ovibus
2774 4443 2929 4514 suia,
2963 4443 3375 4505 mercenariae
3430 4447 3623 4504 autem
3654 4436 3783 4498 videt

2249 4535 2460 4614 lupum
2496 4538 2826 4598 venientem
2848 4579 2865 4608 ,
2914 4539 2973 4597 et
3011 4535 3283 4598 dimittit
3322 4551 3493 4608 oves,
3544 4537 3601 4596 et
3624 4531 3780 4610 [κρῆ.

2251 4628 2423 4702 Quod
2459 4628 2549 4687 ibi
2599 4645 2913 4707 exponens
2962 4629 3032 4687 D.
3078 4627 3391 4701 Thomas,
3436 4626 3686 4687 lectione
3718 4625 3781 4692 3,
3841 4697 3842 4700 ¹

2250 4722 2553 4800 ponderat
2598 4722 2825 4782 dixisse
2867 4719 3186 4783 Christum
3220 4721 3489 4803 :Fuyit,
3518 4725 3575 4784 et
3610 4715 3785 4780 dimit·
3841 4725 3842 4738 ¹

2250 4815 2350 4890 tit,
2382 4816 2530 4894 quia
2572 4817 2623 4875 si
2676 4825 2883 4894 pastor
2915 4813 3233 4874 interdum
3278 4813 3486 4892 fugiat
3524 4819 3593 4873 ut
3630 4829 3687 4870 se
3730 4811 3783 4866 in

2247 4907 2632 4968 commodius
2663 4913 2911 4987 tempus
2941 4913 3248 4982 reservet,
3282 4912 3346 4966 et
3395 4906 3641 4966 interim
3678 4919 3784 4962 nou

2250 5001 2525 5061 dimittat
2558 5019 2724 5076 oveS,
2782 5001 2888 5061 sed
2945 5019 3054 5080 per
3078 5000 3231 5060 alios
3268 4999 3396 5060 illis
3440 4997 3784 5059 sufficienter

2250 5093 2590 5174 provideat,
2615 5113 2740 5154 uon
2770 5113 2833 5154 se
2857 5093 3018 5172 gerit
3044 5100 3113 5153 ut
3138 5092 3582 5166 mercenarius,
3611 5104 3783 5166 neque

2250 5193 2464 5246 contra
2496 5187 2659 5246 hanc
2682 5187 3127 5264 obligationem
3160 5186 3491 5264 delinquit.
3514 5185 3576 5244 Si
3604 5187 3781 5242 autem

2251 5282 2385 5340 sine
2412 5297 2594 5340 causa
2620 5279 2938 5340 moraliter
2976 5279 3319 5339 necessaria
3358 5273 3629 5348 recedat,
3663 5289 3783 5332 con-

2250 5379 2345 5432 tra
2374 5391 2549 5432 suam
2583 5374 2713 5451 agit
2740 5372 3228 5450 obli-gationem3
3270 5384 3417 5431 nam
3453 5369 3683 5429 ratione
3706 5361 3785 5421 sui

2250 5468 2528 5526 muneris
2570 5471 2811 5526 tenetur
2838 5466 3121 5526 assistere
3164 5464 3407 5538 ovibuS,
3442 5469 3507 5522 et
3546 5457 3789 5521 maxime

2248 5559 2318 5619 in
2350 5565 2521 5618 tanto
2552 5557 2844 5638 periculo,
2888 5558 3057 5638 quod
3086 5563 3250 5618 recto
3292 5555 3475 5617 docet
3522 5548 3789 5630 Augusti-
