3900 6217
726 427 895 481 SEGT.
932 429 996 481 n.
1029 427 1114 480 AN
1143 427 1530 482 INFmsu'rAs
1561 427 1877 482 NEGATth
1909 425 2103 483 E'rmt
2137 431 2197 482 ΙΝ
2231 430 2507 486 musali
2540 429 2875 494 NATURALL
2910 429 3043 486 ETC.

275 529 432 600 rari,
461 535 534 589 ut
545 530 682 608 jam
702 528 1028 592 declaravi.
1053 529 1232 590 Unde
1245 529 1410 590 idem
1433 529 1841 608 Augustiana,

274 622 396 684 lib.
432 623 508 682 de
537 623 750 684 Natur.
777 628 840 684 et
873 623 1069 696 Grat.‚
1101 641 1236 701 cap.
1277 626 1339 697 4,
1381 622 1538 683 dixit
1566 623 1846 683 110011111-

274 715 448 776 deles
469 716 678 795 puniri
705 716 772 775 in
805 716 1068 792 infern0,
1117 717 1215 777 vel
1243 723 1494 796 propter
1520 723 1843 796 peccatum

277 808 611 886 originale,
641 807 738 868 vel
769 815 1018 888 propter
1041 816 1288 889 peccata
1325 811 1592 870 actualia
1633 817 1846 872 contra

275 901 477 962 bonos
507 919 744 977 mores;
777 907 936 962 tacet
959 908 1168 963 autem
1203 903 1278 963 de
1307 908 1556 982 peccato
1584 902 1845 962 infideli-

273 997 442 1066 10110,
471 997 744 1056 sentiens
769 1002 1020 1076 propter
1035 996 1187 1057 illud
1207 1015 1332 1057 non
1355 997 1570 1076 puniri
1585 1013 1605 1074 3
1635 1002 1698 1057 et
1722 998 1846 1076 pri-

277 1106 458 1148 mum
489 1089 566 1150 de
594 1095 844 1167 peccato
867 1088 1159 1167 originali
1185 1089 1408 1150 dixisse
1435 1089 1680 1149 videtur
1705 1107 1844 1168 pro-

275 1187 414 1259 pter
437 1181 752 1259 parvulos,
779 1181 1116 1242 secundum
1141 1200 1285 1242 vero
1304 1188 1554 1261 propter
1575 1182 1840 1256 adultos,

275 1272 662 1352 quiajnullus
686 1274 1072 1354 estiinfidelis
1093 1281 1273 1336 utens
1301 1276 1560 1347 ratione,
1585 1275 1842 1354 quinon

273 1367 508 1430 habeat
571 1369 820 1448 propria
874 1375 1122 1448 peccata
1195 1368 1480 1430 actualia.
1547 1370 1844 1442 Quocirca

275 1461 444 1539 quod
475 1463 546 1523 in
567 1462 694 1522 alio
714 1462 848 1522 loco
873 1461 1256 1538 August-inus
1279 1461 1461 1535 dixit,
1485 1461 1597 1521 hos
1625 1461 1843 1523 infide-

274 1553 368 1616 les
389 1555 607 1634 puniri
626 1572 812 1634 poena
833 1554 1018 1646 igniS,
1045 1553 1258 1614 saltem
1287 1553 1530 1630 leviori,
1553 1557 1605 1614 si
1625 1555 1846 1616 refera-

274 1654 386 1707 tur
411 1649 602 1709 etiam
631 1648 708 1708 ad
737 1647 1049 1727 parvuloS,
1083 1648 1316 1707 dictum
1341 1653 1434 1708 est
1454 1647 1635 1726 juxta
1659 1646 1844 1708 aliam

275 1741 653 1802 sententiam
677 1740 946 1817 ejusdem
969 1740 1320 1817 Augustini,
1343 1741 1508 1818 quod
1527 1745 1845 1819 peccatum

275 1833 584 1910 originale
608 1833 870 1911 punitur
895 1849 1080 1911 pcena
1115 1832 1280 1909 ignis
1307 1831 1549 1907 leviori,
1589 1851 1725 1911 quae
1753 1841 1845 1893 ta-

273 1942 425 1984 men
451 1925 584 2002 jam
611 1925 1026 1984 communiter
1051 1941 1178 1984 non
1223 1929 1500 1997 tenetur3
1536 1925 1702 1986 unde
1739 1941 1846 2005 po-

272 2021 398 2076 test
435 2016 658 2076 referri
698 2016 778 2078 ad
805 2015 1072 2091 adultos,
1111 2033 1383 2094 quorum
1419 2026 1668 2096 peccata
1707 2035 1846 2096 pro·

273 2115 418 2187 pter
459 2109 623 2170 banc
649 2109 1074 2187 ignorantiam
1103 2108 1336 2170 leviora
1375 2107 1685 2171 interdum
1713 2128 1844 2171 esse

271 2208 554 2280 possunt.

902 2413 1120 2466 SECTIO
1153 2415 1214 2466 n.

283 2573 514 2637 Utrum
534 2575 660 2640 ltoec
679 2575 1010 2656 infidelitas
1027 2579 1311 2659 myctica
1332 2578 1513 2641 etiam
1532 2576 1692 2642 circa
1713 2596 1842 2641 ma-

355 2671 578 2734 teriam
617 2671 961 2733 mtwralem
987 2673 1154 2749 fidei,
1191 2672 1391 2752 possit
1433 2673 1734 2734 interdum
1769 2674 1842 2736 ab

359 2764 526 2826 omni
553 2763 736 2844 culpa
775 2764 840 2826 in
864 2764 960 2826 his
987 2763 1328 2841 infidelibus
1351 2768 1652 2829 excusari.

358 2946 421 3004 1.
463 2940 646 3004 Fidei
688 2939 946 3004 materia
971 2942 1042 3004 ios
1085 2942 1304 3024 duplam
1339 2945 1618 3023 partitwr
1661 2962 1842 3007 mem-

279 3035 470 3096 hrum.
523 3068 604 3078 --
649 3035 1088 3113 Supponimus,
1121 3055 1198 3096 ex
1221 3037 1396 3098 dictis
1423 3039 1491 3098 in
1513 3037 1840 3116 superiori-

271 3127 417 3203 bus,
451 3128 608 3188 duas
637 3145 766 3188 esse
797 3135 998 3206 partes
1025 3131 1298 3190 materiae
1325 3129 1492 3198 fidei,
1519 3148 1712 3191 unam
1737 3149 1838 3190 su-

269 3219 738 3300 pei-naturalem
765 3221 1048 3294 omnino,
1075 3239 1216 3300 quae
1239 3222 1360 3282 nisi
1385 3241 1494 3302 per
1515 3221 1838 3284 revelatio·

269 3331 424 3376 nem
445 3313 729 3392 cognosci
749 3330 878 3373 non
905 3319 1124 3392 potest,
1155 3319 1226 3374 ut
1246 3315 1544 3393 mysteria
1571 3315 1840 3375 Trinita-

269 3407 380 3482 tis,
414 3406 882 3478 iucarnationiS‚
928 3412 991 3466 et
1040 3413 1258 3468 coetera
1297 3406 1626 3486 superioris
1673 3408 1841 3468 ordi·

268 3503 414 3578 nis3
464 3501 652 3562 aliam
698 3515 986 3562 vocamus
1027 3500 1402 3574 naturalem,
1441 3502 1587 3580 quia
1605 3519 1718 3580 per
1735 3520 1842 3562 ra-

273 3597 517 3656 tionem
563 3595 914 3656 naturalem
961 3593 1246 3672 cognosci
1279 3599 1499 3671 potest,
1541 3600 1612 3654 ut
1647 3595 1838 3655 Deum

275 3707 433 3763 esse,
475 3695 538 3749 et
571 3687 821 3748 similia.
853 3687 1020 3748 Inter
1065 3703 1217 3764 quas
1265 3693 1358 3747 est
1405 3687 1731 3748 discrimen
1769 3689 1835 3748 in

269 3781 418 3856 hoc,
446 3778 612 3860 quod
641 3782 802 3840 circa
841 3779 1112 3858 priorem
1151 3779 1475 3840 materiam
1506 3779 1708 3840 solum
1741 3797 1837 3840 ca-

269 3875 370 3934 dit
397 3873 696 3952 obligatio
725 3873 1010 3952 praecepti
1035 3872 1542 3952 supernaturalia,
1576 3875 1724 3952 quia
1745 3873 1840 3934 lu-

271 3985 424 4028 men
445 3965 732 4028 naturale
757 3967 931 4026 illam
965 3983 1091 4026 non
1127 3966 1412 4043 attingit3
1448 3967 1610 4026 circa
1638 3972 1838 4044 postc-

270 4061 506 4122 riorem
555 4063 767 4119 autem
821 4058 990 4119 cadit
1051 4057 1280 4135 duplex
1325 4057 1657 4136 obligatio,
1713 4076 1842 4118 una

271 4153 570 4232 praecepti
603 4149 1086 4230 supernaturalis
1113 4150 1280 4226 fidei,
1314 4157 1617 4230 quatenus
1651 4152 1840 4213 etiam

271 4246 382 4306 illa
413 4264 558 4325 pars
583 4264 624 4305 a
651 4247 774 4306 Deo
803 4242 1074 4304 revelata
1103 4249 1194 4304 ost
1209 4259 1229 4320 3
1277 4243 1402 4304 alia
1427 4249 1520 4304 est
1542 4243 1839 4322 obligatio

275 4340 568 4420 praecepti
599 4340 922 4414 naturalis,
952 4355 1076 4418 quo
1107 4337 1424 4415 obligatur
1447 4337 1634 4398 homo
1660 4339 1736 4398 ad
1765 4339 1840 4400 il-

273 4433 366 4494 las
395 4434 688 4494 veritates
715 4431 1189 4510 cognoscendam,
1221 4431 1410 4490 etiam
1448 4431 1518 4490 in
1546 4449 1700 4510 pura
1731 4449 1836 4491 na-

274 4533 438 4601 tura,
470 4533 756 4605 utsupra
775 4524 976 4588 visum
1001 4531 1108 4585 est.
1137 4523 1313 4584 Unde
1331 4522 1403 4582 fit
1431 4531 1502 4582 ut
1529 4524 1840 4602 proposita

277 4623 534 4699 quaestio
593 4621 756 4680 circa
797 4620 1064 4698 priorem
1107 4623 1345 4697 partem
1379 4617 1652 4678 materiae
1693 4617 1838 4678 fidei

279 4713 484 4774 locum
513 4732 643 4774 non
687 4712 936 4788 habeat,
977 4711 1128 4791 quia
1149 4717 1465 4772 oste-nsum
1507 4717 1598 4772 est
1625 4709 1840 4772 infide-

278 4806 518 4869 litatem
569 4808 928 4886 negativam
983 4823 1274 4867 excusare
1320 4822 1360 4865 a
1403 4804 1586 4883 culpa
1625 4811 1838 4866 eontra

281 4909 664 4980 praeceptum
687 4901 1152 4980 supernaturale
1180 4899 1356 4973 fidei3
1383 4917 1532 4976 ergo
1565 4898 1837 4960 maxime

281 5001 528 5058 excusat
549 4995 720 5056 circa
746 4992 923 5054 illam
939 4993 1286 5066 materiam,
1313 4992 1476 5052 circa
1496 5009 1682 5070 quam
1709 5009 1840 5052 ma·

284 5091 376 5166 gis
407 5088 759 5150 necessaria
811 5092 904 5150 est
949 5086 1248 5148 revelatio
1262 5101 1284 5162 3
1322 5085 1429 5146 sed
1466 5087 1624 5145 circa
1665 5085 1838 5145 illam

284 5186 608 5246 materiam
635 5184 872 5262 peccari
914 5200 1040 5245 non
1069 5187 1264 5260 potest
1307 5199 1415 5261 per
1435 5198 1712 5242 errorem
1739 5178 1841 5240 vel

287 5277 722 5355 ignorantiam,
749 5276 870 5336 nisi
911 5281 1125 5336 contra
1152 5280 1524 5352 praeceptum
1547 5290 1840 5352 superna-

289 5370 478 5431 turale
521 5369 706 5440 fidei3
753 5387 902 5448 ergo
954 5367 1094 5428 talis
1119 5367 1450 5428 infidelitas
1489 5372 1740 5427 excusat
1761 5365 1840 5426 ab

287 5465 450 5524 omni
477 5463 668 5542 culpa
689 5463 852 5524 circa
875 5461 1047 5523 illam
1071 5461 1422 5522 materiam.
1451 5461 1532 5522 At
1546 5477 1694 5522 vero
1717 5460 1837 5520 cir·

289 5573 356 5618 ca
403 5556 666 5620 alteram
705 5563 943 5636 partem
993 5553 1267 5616 materiae
1305 5553 1528 5632 duplex
1579 5552 1842 5614 occurrit

3368 431 3488 494 429

1925 530 2257 592 dubitatio.
2300 532 2439 593 Una
2464 537 2578 608 est,
2614 550 2697 592 an
2734 532 2841 592 illa
2882 531 3216 594 infidelitas
3244 545 3491 598 excuset

1926 642 1963 683 a
1984 623 2165 702 culpa
2192 625 2439 703 propria
2468 629 2683 685 contra
2711 631 3093 705 praeceptum
3128 637 3489 705 supernatu-

1923 716 2088 794 rale3
2118 717 2311 778 altera
2352 723 2465 791 est,
2516 735 2597 778 an
2644 723 2893 778 excuset
2939 720 3126 779 etiam
3172 739 3210 780 a
3242 731 3489 800 peccato

1925 810 2296 887 ignorantias
2322 817 2537 872 contra
2558 817 2937 891 praeceptum
2980 813 3282 875 naturale.

2006 907 2064 964 2.
2112 905 2397 966 Primwm
2424 905 2665 966 dubium
2685 929 2707 964 .·
2729 911 2938 965 utrum
2959 903 3293 981 infidelitas
3312 926 3488 988 naqa-

1924 996 2054 1060 tiva
2080 999 2148 1058 in
2180 999 2440 1061 materia
2464 999 2775 1061 naturalis
2797 999 2939 1078 fidei
2962 1004 3200 1061 eoeouset
3226 1019 3264 1064 a
3286 1005 3481 1086 culpa.

1922 1125 2004 1135 —
2022 1091 2207 1154 Ratio
2236 1090 2570 1154 dubitandi.
2590 1123 2669 1136 —-
2687 1091 2859 1151 Prior
2904 1091 3205 1153 dubitatio
3240 1096 3489 1158 videba-

1921 1189 2028 1243 tur
2050 1184 2300 1262 quidem
2351 1185 2497 1244 satis
2528 1183 2794 1244 resoluta
2848 1203 2925 1244 ex
2954 1186 3130 1246 dictis
3162 1187 3225 1246 iu
3274 1207 3489 1268 1111000-

1922 1275 2095 1336 denti
2126 1277 2429 1353 sectione3
2459 1276 2869 1336 nihilominus
2897 1283 3105 1338 tamen
3133 1277 3325 1359 aliqui
3354 1299 3487 1344 mo-

1921 1375 2071 1429 vent
2096 1369 2571 1445 dubitationem,
2590 1370 2737 1448 quia
2766 1371 2833 1430 in
2852 1370 2948 1430 his
2972 1369 3329 1434 hominibus
3347 1377 3488 1437 talis

1925 1469 2019 1521 est
2071 1462 2421 1538 infidelitas,
2474 1481 2613 1542 quae
2640 1461 2900 1524 sufficiat
2928 1463 3005 1523 ad
3057 1467 3487 1545 expellendum

1924 1554 2205 1616 habitum
2238 1555 2383 1616 fidei
2402 1571 2421 1633 3
2472 1555 2579 1616 sed
2612 1553 2857 1615 habitus
2886 1555 3030 1618 fidei
3077 1576 3203 1618 non
3236 1561 3488 1640 expelli·

1925 1653 2050 1721 tur,
2109 1648 2229 1708 nisi
2281 1665 2389 1727 per
2442 1649 2755 1727 propriam
2802 1647 3229 1711 infidelitatem
3275 1661 3489 1716 contra

1925 1747 2300 1821 praeceptum
2352 1742 2816 1821 supernaturale
2860 1741 3030 1818 fidei,
3051 1744 3231 1821 juxta
3265 1747 3490 1807 doctri-

1926 1853 2073 1895 nam
2102 1834 2355 1896 Concilii
2399 1834 2770 1910 Tridentini,
2805 1853 2950 1896 sess.
3009 1837 3067 1897 6.
3110 1855 3330 1899 canon.
3367 1841 3483 1917 413

1927 1945 2075 2006 ergo
2098 1928 2201 1987 isti
2230 1926 2507 1988 infideles
2550 1945 2679 1988 non
2708 1935 3085 1989 excusantur
3110 1930 3189 1989 ab
3215 1931 3331 1992 hac
3363 1934 3487 1994 cul·

1924 2039 2027 2100 pa.
2054 2021 2247 2098 Major
2274 2019 2591 2098 probatur,
2617 2039 2761 2080 nam
2784 2021 2833 2081 si
2855 2039 3007 2100 puer
3033 2021 3377 2102 baptizatus
3393 2027 3486 2088 in-

1924 2119 2022 2174 ter
2052 2113 2327 2175 infideles
2363 2118 2425 2174 et
2456 2114 2806 2174 idololatras
2836 2115 3151 2190 educetur,
3192 2125 3253 2178 ct
3283 2126 3487 2198 postea

1923 2208 2289 2286 perveniens
2313 2207 2389 2267 ad
2420 2225 2603 2268 usum
2632 2208 2889 2268 rationis
2915 2209 3075 2269 colat
3115 2210 3301 2287 idola,
3334 2215 3487 2275 etin

1924 2301 2063 2362 aliis
2092 2302 2396 2362 erroribus
2411 2309 2623 2363 contra
2644 2303 2948 2364 rationem
2978 2305 3325 2366 naturalem
3351 2325 3487 2368 ver-

1925 2401 2116 2470 setur,
2134 2395 2378 2456 amittet
2394 2413 2574 2456 usum
2598 2395 2744 2456 fidei
2765 2413 2949 2476 quem
2970 2397 3037 2457 iu
3058 2396 3357 2476 baptismo
3381 2401 3487 2462 ob-

1921 2487 2218 2564 tinuerat,
2252 2493 2311 2548 et
2330 2487 2530 2549 solum
2558 2495 2808 2568 propter
2830 2489 3001 2550 illam
3027 2489 3483 2571 infidelitatem,

1921 2599 2063 2641 cum
2094 2581 2281 2640 aliam
2306 2599 2434 2641 non
2454 2581 2709 2642 habeat:
2742 2599 2913 2660 erg0,
2936 2588 3051 2643 etc.
3074 2585 3273 2662 Major
3292 2593 3482 2666 patet,

1921 2677 2056 2732 tum
2084 2674 2231 2752 quia
2254 2673 2408 2732 alias
2436 2679 2590 2735 esset
2616 2673 2815 2734 fidelis
2844 2685 2904 2735 et
2922 2675 3200 2752 Gentilis,
3231 2697 3338 2740 seu
3357 2680 3486 2741 ido-

1918 2766 2160 2841 lolatra,
2214 2765 2379 2844 quod
2412 2766 2657 2827 videtur
2682 2766 2861 2828 valde
2906 2768 3259 2832 absurdum.
3292 2773 3367 2832 Et
3394 2791 3485 2834 se·

1919 2859 2101 2938 quela
2130 2865 2321 2938 patet.
2362 2859 2507 2938 quia
2536 2859 2587 2919 si
2622 2859 2847 2920 retinet
2880 2879 3062 2921 usum
3086 2861 3255 2938 fidci,
3287 2865 3484 2927 fidelis

1920 2961 2046 3024 est;
2090 2969 2237 3011 nam
2287 2951 2388 3012 hic
2416 2959 2505 3012 est
2532 2953 2708 3030 quasi
2734 2949 2989 3105 ssctus
3021 2955 3293 3016 formalis
3320 2957 3485 3018 illius

1920 3043 2190 3120 habitus,
2224 3051 2287 3104 et
2321 3045 2461 3105 ideo
2483 3045 2727 3124 parvuli
2816 3046 3061 3125 aptizati
3091 3048 3253 3109 inter
3273 3050 3483 3111 fideles

1920 3143 2391 3217 computantur3
2424 3144 2487 3198 et
2514 3137 2789 3218 alioquin
2816 3147 2907 3199 est
2932 3140 3187 3201 Gentilis
3221 3160 3329 3202 seu
3356 3143 3485 3204 ido·

1919 3230 2163 3304 lolatra,
2189 3231 2337 3310 quia
2359 3230 2465 3291 illa
2493 3237 2741 3310 peccata
2766 3231 3115 3308 committit,
3139 3239 3273 3294 tum
3297 3239 3484 3296 etiam

1918 3325 2067 3402 quia
2118 3323 2223 3384 1110
2274 3323 2460 3384 habet
2490 3324 2870 3386 voluntatem
2912 3326 3168 3386 omnino
3198 3327 3485 3390 affectam

1921 3415 2034 3476 tali
2054 3423 2256 3490 sectae,
2287 3434 2426 3495 quae
2458 3425 2766 3496 repugnat
2792 3417 2972 3496 fldei3
2996 3437 3143 3496 ergo
3171 3417 3359 3480 habet
3381 3440 3485 3482 vo·

1918 3509 2223 3570 luntatem
2260 3510 2620 3587 incapacem
2647 3511 2766 3588 piae
2793 3509 3137 3572 affectionis
3156 3511 3236 3572 ad
3257 3511 3481 3594 fidem3

1920 3617 2069 3680 ergo
2094 3609 2185 3662 est
2210 3601 2474 3680 incapax
2504 3601 2753 3662 habitus
2782 3603 2953 3664 fidei.

2003 3697 2060 3755 3.
2106 3694 2458 3757 Resolvitur
2484 3697 2727 3757 dubium
2766 3697 3486 3773 affirmativa—Dicen-

1917 3787 2069 3847 dum
2098 3787 2506 3848 nihilominus
2548 3793 2641 3848 est
2674 3787 3031 3867 hujusmodi
3067 3791 3349 3855 homines
3378 3813 3483 3858 ex-

1917 3881 2119 3941 cusari
2150 3897 2191 3940 a
2217 3880 2467 3959 propria
2490 3881 2673 3960 culpa
2691 3881 3069 3944 infidelitatis
3090 3893 3301 3950 contra
3328 3908 3484 3968 prae-

1919 3980 2163 4052 ceptum
2190 3973 2355 4048 fidei,
2388 3975 2573 4034 etiam
2604 3981 2675 4034 ut
2701 3976 2867 4036 cadit
2886 3977 2953 4036 in
2974 3977 3135 4039 hanc
3158 3984 3484 4045 materiam

1917 4066 2292 4126 naturalem.
2324 4067 2468 4126 Haec
2490 4069 2743 4128 assertio
2767 4068 3045 4149 sequitur
3072 4073 3391 4139 evidenter
3407 4095 3486 4139 ex

1919 4158 2100 4219 dictis
2130 4159 2197 4218 in
2248 4160 2515 4220 sectione
2542 4161 2915 4239 praecedenti
2932 4178 2952 4240 3
2984 4165 3129 4243 quia
3159 4167 3258 4228 isti
3288 4169 3488 4239 homi-

1917 4269 2029 4313 nes
2054 4251 2719 4331 habentignorantiam
2748 4255 3109 4319 invincibile
3138 4301 3145 4311 ,
3192 4264 3377 4327 totius
3394 4283 3484 4326 re.

1922 4344 2249 4406 velationis
2298 4345 2465 4422 fidei,
2499 4365 2625 4407 non
2656 4348 2861 4407 minus
2880 4355 2953 4409 ut
2978 4357 3068 4411 est
3104 4351 3180 4413 de
3210 4356 3486 4420 veritati²

1920 4437 2039 4498 bus
2077 4437 2485 4514 naturalibus,
2518 4458 2704 4518 quam
2734 4447 2802 4500 ut
2830 4449 2921 4502 est
2948 4443 3023 4504 dc
3050 4455 3485 4524 supernatura-

1918 4532 2079 4592 libus
2097 4549 2117 4610 3
2138 4549 2285 4612 ergo
2304 4535 2493 4594 etiam
2535 4534 2766 4596 habent
2792 4536 3207 4615 ignorantiam
3221 4542 3475 4606 invinci-

1920 4621 2105 4684 bilem
2128 4627 2314 4686 totius
2333 4628 2619 4705 praecepti
2638 4629 3119 4707 supernaturalis
3132 4631 3275 4694 fidei
3297 4656 3315 4710 3
3335 4651 3483 4715 ergo

1919 4724 2291 4778 excusantur
2306 4736 2343 4778 a
2354 4719 2447 4778 cul
2455 4736 2535 4799 pa
2549 4723 2809 4798 propriae
2828 4721 3207 4784 infidelitatis
3222 4727 3381 4788 circa
3394 4736 3484 4790 to-

1917 4814 2047 4868 tam
2072 4811 2393 4870 materiam
2414 4811 2584 4887 fidei,
2610 4829 2734 4872 non
2755 4820 3001 4876 tantum
3048 4827 3486 4896 supernatura-

1918 4901 2066 4977 lem,
2084 4901 2189 4962 sed
2209 4902 2395 4962 etiam
2424 4905 2790 4966 naturalem.
2824 4909 3098 4970 Primum
3119 4915 3483 4976 antec-edens

1919 4993 2217 5073 probatur
2238 5014 2315 5055 ex
2330 4996 2529 5072 dictis,
2546 4999 2693 5077 quia
2720 4999 3017 5061 revelatio
3031 4999 3198 5077 fidei,
3230 5005 3306 5064 de
3333 5024 3483 5085 qua-

1921 5103 2188 5166 cumque
2210 5090 2467 5150 materia
2490 5091 2571 5150 sit
2588 5099 2643 5151 et
2654 5093 2775 5152 iam
2792 5092 3080 5169 naturali,
3112 5113 3240 5155 non
3259 5095 3330 5155 fit
3361 5097 3481 5157 nisi

1921 5179 2107 5240 modo
2134 5183 2609 5261 supernaturali,
2660 5201 2733 5244 ac
2768 5183 3023 5262 proinde
3052 5205 3161 5264 per
3188 5189 3481 5265 praedica-

1921 5273 2157 5333 tionem
2212 5281 2274 5336 et
2324 5276 2807 5354 propositionem
2856 5280 2947 5358 rei
2990 5277 3309 5340 credendae
3364 5281 3479 5341 sub

1920 5367 2284 5429 auctoritate
2310 5368 2559 5444 divina3
2590 5370 2693 5430 senl
2721 5370 2799 5430 ad
2850 5371 2995 5431 istos
3034 5373 3311 5434 infideles
3350 5391 3478 5436 non

1921 5461 2205 5540 pervenit
2230 5460 2363 5522 11ωο
2396 5463 2716 5538 revelatio,
2772 5482 2888 5524 nec
2920 5465 3226 5527 sufficiens
3256 5485 3477 5547 propo-

1921 5553 2065 5614 sitio
2117 5554 2273 5633 ejus,
2316 5561 2387 5616 ut
2413 5555 2735 5635 probatum
2766 5563 2892 5637 est3
2940 5577 3089 5639 ergo
3115 5559 3479 5642 simpliciter
