3900 6217
828 349 998 404 SEGT.
1033 351 1110 402 lv.
1151 349 1410 412 QUARUM
1443 349 1655 403 RERUM
1691 349 1866 403 fines
1897 351 2229 404 EXPLlClTA
2260 351 2677 416 REQt'mATun,
2714 353 2847 404 ETC.

229 453 412 532 nique
443 470 574 512 non
603 457 850 512 tantum
883 458 1130 532 propter
1177 451 1560 530 opinionem,
1591 451 1700 514 sed
1727 451 1794 512 in

229 565 292 608 re
327 547 472 626 ipsa
493 552 560 606 et
601 544 964 625 simpliciter
988 563 1204 606 verum
1235 551 1348 620 est,
1393 547 1460 604 in
1503 545 1612 604 illo
1649 563 1794 605 casu

231 639 504 700 dandum
558 657 688 700 esse
743 639 1160 717 baptismum,
1197 639 1345 718 quia
1389 638 1796 718 supponimus

229 732 750 794 catechumenum
799 732 978 794 illum
1031 749 1096 794 se
1132 733 1466 792 ostendisse
1509 737 1794 810 paratum

229 826 300 886 ad
337 826 768 903 recipiendum
807 825 1014 897 illum,
1055 831 1118 886 et
1143 825 1505 903 dispositum
1533 841 1642 902 per
1669 842 1797 884 cre·

231 918 418 982 dandi
477 919 872 980 voluntatem
927 937 1066 979 cum
1121 919 1329 996 aliqua
1379 917 1744 997 poenitentia
1774 963 1795 992 ,

229 1011 448 1074 saltem
493 1013 846 1086 attritione,
873 1018 936 1074 et
976 1011 1250 1090 alioquin
1299 1019 1390 1072 est
1429 1012 1496 1072 in
1539 1011 1798 1072 articulo

225 1107 614 1168 necessitatis
637 1112 930 1168 extremae
959 1128 976 1181 3
1023 1123 1170 1181 ergo
1218 1104 1308 1165 illi
1345 1105 1606 1166 debetur
1649 1103 1797 1182 bap-

227 1199 480 1272 tismus,
503 1217 636 1260 non
689 1201 888 1262 solum
919 1219 993 1260 ex
1027 1199 1350 1272 charitate,
1372 1199 1476 1260 sed
1507 1199 1692 1258 etiam
1721 1215 1798 1258 cx

223 1291 430 1352 offic—io
471 1293 902 1354 ministrorum
927 1293 1231 1354 Ecclesiae.

305 1387 406 1445 18.
451 1385 672 1450 Tertia
699 1388 956 1450 assertio
995 1385 1308 1468 bipartita.
1329 1421 1406 1431 —
1439 1385 1662 1448 Prima
1699 1401 1803 1446 as-

219 1479 518 1544 sev-tionis
561 1499 714 1561 pars
739 1483 896 1544 unde
926 1482 1253 1562 probanda.
1277 1515 1354 1526 --
1373 1480 1682 1542 Probatm·
1710 1496 1802 1541 se-

221 1577 422 1638 cunda
463 1594 642 1656 pars.
669 1607 752 1622 —-·
777 1575 924 1635 Dico
971 1576 1154 1635 tertio
1191 1595 1206 1634 ε
1261 1574 1666 1636 nihilomiuus
1709 1573 1800 1632 di·

219 1667 504 1728 cendum
547 1676 644 1730 oet
695 1667 882 1730 iidem
927 1668 1280 1747 explicitam
1307 1668 1552 1740 Christi,
1593 1685 1702 1745 per
1735 1683 1802 1727 se

215 1759 544 1838 loquendo
566 1806 588 1836 ,
635 1779 768 1824 esse
812 1760 1218 1824 necessariam
1257 1759 1546 1820 omnibus
1577 1765 1638 1818 et
1680 1758 1801 1818 sin·

213 1855 381 1932 gulis
412 1855 484 1914 in
515 1861 687 1916 statu
725 1855 878 1933 legis
925 1855 1322 1932 evangelicae,
1349 1854 1428 1915 ad
1465 1860 1802 1931 ‚utramque

213 1947 517 2009 salutem.
569 1947 746 2010 Unde
774 1950 962 2009 etiam
985 1948 1110 2008 dici
1153 1954 1352 2028 potest
1391 1947 1670 2008 medium
1696 1964 1802 2006 ne-

215 2041 602 2115 cessarium,
649 2043 936 2119 quamvis
981 2059 1112 2102 non
1161 2059 1406 2120 semper
1433 2041 1498 2100 in
1537 2059 1602 2101 re
1629 2085 1645 2114 ,
1695 2039 1801 2100 sed

209 2133 316 2192 rel
365 2134 438 2194 in
487 2153 588 2208 re,
623 2133 724 2195 vel
769 2136 836 2196 in
874 2144 1036 2196 voto.
1077 2136 1268 2196 Juxta
1303 2135 1466 2194 hanc
1522 2131 1803 2193 assertio·

205 2244 388 2298 nem,
425 2243 665 2304 sequor
698 2227 960 2306 primam
991 2228 1386 2300 sententiam,
1417 2227 1468 2286 si
1499 2225 1628 2304 ipsa
1657 2223 1806 2284 velit

203 2319 718 2398 explicationem
769 2329 1130 2400 acceptare3
1173 2321 1302 2381 imo
1341 2319 1460 2380 hoc
1485 2318 1670 2380 modo
1697 2336 1804 2396 po-

203 2419 334 2472 test
381 2412 718 2474 conciliari
757 2431 899 2475 cum
930 2415 1154 2490 tertia3
1197 2432 1342 2474 nam
1379 2413 1633 2473 fortasse
1661 2429 1806 2472 auc-

203 2513 384 2566 tores
425 2508 576 2584 ojiis
612 2506 782 2568 hunc
805 2506 1062 2568 modum
1099 2507 1344 2568 dicendi
1371 2511 1432 2566 et
1459 2503 1804 2583 explicandi

201 2617 344 2660 non
395 2607 790 2660 recusarent.
819 2600 1026 2661 Prima
1073 2617 1222 2676 ergo
1265 2617 1406 2678 pars
1453 2596 1806 2658 confirmari

201 2698 426 2772 potest
456 2693 838 2754 testimoniis
865 2693 1144 2754 adductis
1183 2711 1296 2772 pro
1321 2692 1522 2770 prima
1559 2694 1804 2752 senten·

203 2788 328 2860 tia,
357 2793 430 2847 et
461 2787 816 2865 praesertim
845 2787 994 2864 quia
1019 2787 1296 2848 Christus
1315 2785 1610 2846 Dominus
1637 2782 1807 2845 hunc

209 2879 520 2940 ordinem
605 2881 972 2958 praescripsit
1043 2879 1290 2958 Apostol
1299 2879 1350 2938 is
1398 2896 1416 2940 z
1463 2877 1808 2941 Proedicate

221 2973 666 3055 Remedium,
713 2975 822 3054 qui
871 2974 1216 3044 crediderit,
1247 2978 1364 3034 etc.
1400 2972 1558 3048 Ergo
1593 2969 1810 3030 statuit

223 3067 386 3128 hanc
414 3067 620 3128 fidem
651 3067 968 3146 Evangelii
995 3074 1068 3129 ut
1107 3068 1274 3128 viam
1299 3085 1410 3146 per
1437 3083 1500 3126 sc
1531 3081 1809 3126 necessa-

213 3165 388 3220 riam
445 3159 530 3220 ad
586 3161 936 3238 justitiam,
975 3161 1140 3239 quod
1189 3160 1380 3222 etiam
1438 3155 1811 3236 significavit

218 3254 464 3318 Paulus
491 3253 582 3316 ad
617 3257 1105 3328 Rom.10,cum
1137 3254 1340 3316 dixit:
1381 3251 1676 3326 Quomodo
1701 3267 1810 3313 au·

221 3349 398 3410 dieat
445 3349 584 3412 εἰπε
629 3347 1043 3429 proedicante;
1090 3355 1153 3409 et
1209 3349 1275 3408 in
1321 3346 1540 3408 eodem
1609 3345 1808 3423 capite

227 3441 652 3519 Evangelium
701 3441 854 3504 dicit
911 3459 1036 3504 esee
1097 3441 1406 3504 ter-itatem
1443 3440 1512 3500 in
1551 3438 1810 3502 salutem

231 3533 400 3596 omni
451 3537 762 3609 credenti,
801 3541 866 3596 et
911 3535 1266 3613 frequenter
1297 3533 1366 3594 in
1405 3533 1514 3594 illa
1553 3529 1812 3611 epistola

235 3635 424 3688 vocat
451 3629 657 3707 legem
687 3629 1134 3704 evangelicam,
1159 3628 1344 3708 leyom
1363 3628 1508 3706 fidei
1523 3652 1546 3687 .·
1575 3627 1704 3686 imo
1731 3623 1811 3684 ad

235 3721 442 3782 Galat.
475 3723 539 3797 3,
571 3729 748 3784 vocat
779 3723 982 3802 fidem,
1027 3721 1241 3800 ntique
1283 3725 1526 3799 propter
1561 3717 1810 3797 explici-

241 3821 370 3874 tam
419 3813 634 3888 fidem,
661 3833 800 3893 qnae
827 3817 892 3874 in
929 3814 1038 3875 illa
1081 3833 1192 3894 per
1225 3832 1290 3876 se
1317 3812 1658 3874 necessaria
1693 3817 1806 3885 est,

241 3927 316 3968 ac
363 3913 697 3986 propterea
755 3907 824 3968 in
871 3909 1055 3988 capit..
1089 3909 1130 3966 9.
1171 3906 1452 3985 ejusdem
1498 3903 1768 3984 epistolas
1785 3947 1804 3977 ‚

246 4002 558 4064 Christum
589 4000 820 4078 (dicit)
851 4003 1116 4079 positum
1159 4019 1288 4062 esse
1351 4007 1421 4060 ut
1459 3999 1812 4076 fundamen·-

247 4101 376 4158 ἐπα
415 4096 604 4176 liujus
637 4095 966 4167 Ecclesiae,
1009 4094 1158 4173 quia
1186 4101 1426 4173 oportet
1461 4094 1552 4154 illi
1594 4111 1702 4171 per
1740 4091 1812 4151 fi-

245 4191 385 4250 dem
451 4188 773 4268 mujungi.
808 4189 886 4248 Et
953 4187 1076 4249 alia
1133 4188 1332 4250 multa
1397 4187 1690 4248 dicuntur
1743 4188 1812 4246 in

245 4285 589 4363 scripmra,
615 4282 958 4361 prasertim
977 4283 1046 4342 in
1075 4287 1442 4342 testamento
1461 4297 1647 4353 novo,
1669 4297 1809 4359 quie

249 4376 410 4436 hane
441 4377 664 4438 saltem
707 4377 1129 4438 necessitatem
1168 4373 1468 4434 indicant.
1501 4374 1802 4446 Secundo,

247 4469 412 4530 hune
457 4469 652 4530 etiam
683 4469 968 4530 ordinem
999 4467 1458 4548 justificationis
1499 4463 1810 4542 significa-

249 4564 336 4622 vit
377 4563 721 4624 Concilium
781 4562 1212 4623 Tridentinum
1241 4607 1252 4630 ‚
1287 4578 1430 4622 sess,
1465 4560 1528 4633 6,
1556 4577 1690 4637 cap.
1741 4559 1807 4633 6,

247 4673 390 4716 cum
421 4653 614 4717 fidem
643 4655 1086 4734 redemptionis
1121 4655 1325 4732 posuit
1351 4654 1516 4714 iuter
1557 4651 1810 4730 disposi-

251 4751 448 4810 tiones
483 4749 744 4828 previas
769 4749 848 4810 ad
869 4748 1401 4826 justificationem.
1430 4745 1662 4819 Tertio,
1692 4744 1811 4805 hoc

253 4843 516 4922 probant
541 4860 686 4920 quae
745 4859 954 4920 supra,
1001 4848 1148 4902 sect.
1209 4841 1272 4914 3,
1319 4837 1589 4900 conclus.
1629 4839 1694 4912 4,
1737 4853 1811 4898 ex

255 4934 536 4998 Patribus
553 4933 948 4998 adduximus.
981 4935 1055 4994 Et
1079 4939 1404 5011 propterea
1423 4931 1810 5006 Ambrosius,

251 5031 360 5091 hb.
385 5033 412 5090 1
437 5029 518 5092 de
541 5027 998 5102 Officiis‚fidem
1017 5027 1241 5088 Christi
1260 5030 1436 5086 vocat
1459 5025 1812 5105 fundamen-

251 5134 378 5188 tum
398 5123 694 5204 justitioe.
729 5120 1120 5199 Augustinus
1146 5125 1379 5192 autem,
1401 5119 1476 5180 de
1495 5119 1664 5180 Dono
1679 5135 1815 5196 per-

249 5219 631 5292 severantiae,
657 5234 796 5293 cap.
817 5218 880 5290 2,
915 5219 1090 5274 vocat
1113 5210 1362 5274 initium
1373 5235 1398 5281 ,·
1417 5218 1480 5272 et
1500 5212 1624 5272 alia
1645 5211 1813 5272 simi-

249 5315 330 5374 lia
379 5310 572 5372 habet
611 5311 690 5372 de
740 5309 976 5388 Spiritu
1027 5313 1090 5369 et
1141 5307 1370 5377 littera,
1415 5325 1552 5384 cap.
1601 5307 1680 5366 15
1695 5321 1716 5381 3
1753 5309 1816 5364 ct

253 5407 686 5484 Hieronymus,
715 5401 798 5464 ad
838 5401 1061 5480 Ephes.
1093 5403 1126 5460 1
1165 5406 1230 5460 et
1255 5401 1316 5460 3.
1341 5399 1524 5460 Ratio
1547 5398 1817 5476 denique

249 5517 286 5560 a
311 5497 506 5578 priori
537 5503 633 5559 est
655 5495 970 5558 institutio
987 5491 1215 5558 Christi
1229 5514 1248 5568 3
1279 5489 1688 5571 congruentia
1707 5507 1818 5552 au-

3321 347 3437 406 357

1873 457 2001 512 tem
2033 453 2307 514 maxima
2334 459 2449 527 est,
2486 453 2631 533 quia
2670 453 2809 514 talis
2838 451 2995 513 fides
3024 457 3157 512 erat
3184 469 3436 512 conscu-

1875 553 2061 606 tama
2108 547 2467 625 perfectioni
2514 547 2703 625 hujus
2742 553 2960 619 status,
3000 546 3067 606 in
3118 563 3240 624 quo
3286 544 3439 605 fides

1877 640 2101 700 Christi
2152 640 2443 700 omnibus
2494 641 2779 720 explicite
2827 639 3227 720 praedicatur:
3272 639 3441 699 unde

1875 733 2065 792 etiam
2135 742 2267 794 erat
2324 734 2697 794 conveniens
2750 733 2826 793 ad
2894 733 3194 811 majorem
3247 732 3441 811 ipsius

1877 826 2099 886 Christi
2124 825 2409 904 gloriam,
2432 831 2493 887 et
2522 825 2597 886 ad
2626 825 3015 887 excitandam
3045 825 3441 886 dilectionem

1879 925 1940 982 et
1974 920 2417 998 gratitudinem
2454 920 2778 980 hominum
2810 939 2957 998 erga
2996 920 3221 1000 ipsum.
3260 921 3442 979 Deui-

1880 1029 2001 1091 que
2024 1020 2156 1074 erat
2184 1013 2551 1082 necessaria,
2583 1020 2653 1073 ut
2676 1013 2961 1074 homines
2984 1013 3139 1074 fiant
3162 1013 3442 1074 membra

1880 1108 2161 1170 Ecclesiae
2210 1114 2375 1182 actu,
2421 1112 2485 1167 et.
2537 1108 2601 1167 in
2648 1125 2713 1168 re
2764 1108 2919 1187 ipsa,
2974 1114 3155 1187 prout
3200 1107 3441 1186 abipso

1879 1202 2118 1264 Christo
2141 1201 2259 1260 fuit
2280 1201 2528 1280 speciali
2564 1202 2745 1262 modo
2776 1202 3081 1262 instituta.
3110 1201 3315 1262 Altera
3340 1219 3445 1262 ve·-

1879 1315 1950 1358 ro
1990 1315 2131 1376 pers
2158 1297 2479 1374 probatur,
2511 1297 2658 1374 quia
2704 1295 2765 1355 id
2796 1296 2958 1374 quod
2992 1314 3098 1375 per
3126 1313 3189 1355 se
3218 1301 3309 1356 est
3338 1313 3445 1354 ne-

1881 1389 2213 1450 cessarium
2269 1390 2348 1450 ad
2384 1390 2718 1467 justitiam,
2758 1388 3035 1450 absolute
3072 1388 3196 1448 dici
3243 1393 3445 1468 potest

1883 1480 2159 1542 medium
2200 1483 2639 1556 necessarium,
2670 1481 2911 1542 etiamsi
2942 1481 3007 1540 in
3037 1480 3244 1558 aliquo
3272 1497 3444 1553 casu,

1881 1575 1950 1635 in
1992 1593 2117 1653 quo
2146 1593 2273 1634 non
2304 1581 2499 1653 potest
2535 1575 2655 1636 tale
2680 1575 2957 1635 medium
2985 1574 3051 1633 in
3080 1592 3147 1634 re
3174 1573 3305 1650 ipsa
3338 1591 3447 1652 ap-

1884 1665 2127 1747 plicari,
2152 1687 2261 1745 per
2285 1675 2495 1728 votum
2524 1687 2629 1728 seu
2658 1668 3033 1729 desiderium
3061 1666 3441 1746 suppleatur.

1964 1767 2061 1823 19.
2110 1762 2393 1842 objectio.
2422 1796 2503 1808 —
2542 1761 2847 1826 Solvitur.
2878 1793 2961 1807 -
2996 1760 3306 1838 Objiciunt
3334 1758 3446 1820 ali-

1882 1855 2015 1934 qui,
2044 1857 2211 1934 quod
2240 1863 2391 1916 tunc
2422 1856 2743 1916 necessitas
2768 1855 2875 1915 illa
2894 1872 3023 1914 non
3061 1851 3307 1913 excedat
3338 1869 3447 1912 ne·

1882 1949 2229 2008 cessitatem
2264 1948 2589 2028 proeccpti3
2640 1949 2747 2008 sed
2790 1947 2905 2008 hoc
2948 1947 3203 2008 fortasse
3246 1950 3447 2024 potest

1881 2041 2192 2121 pertinere
2228 2041 2303 2102 ael
2351 2042 2552 2102 solum
2600 2041 2855 2102 modum
2886 2039 3201 2118 loquendi.
3250 2039 3447 2114 Nega-

1883 2141 1985 2194 tur
2041 2141 2255 2196 tamen
2292 2142 2703 2214 assumptum,
2748 2134 2895 2213 quia
2942 2134 3077 2196 haec
3120 2132 3270 2192 fides
3316 2149 3445 2192 nou

1886 2235 2130 2289 tantum
2162 2234 2257 2288 est
2277 2227 2619 2288 necessaria
2644 2246 2717 2288 eo
2754 2228 2961 2298 moc‘o,
2996 2243 3119 2305 quo
3147 2226 3269 2286 alia·
3292 2242 3452 2304 prae-

1885 2328 2061 2401 cepta
2091 2321 2463 2382 affirmativa
2498 2338 2635 2399 qum
2658 2320 2859 2380 solum
2888 2319 3169 2396 obligant
3194 2319 3262 2380 in
3290 2325 3448 2378 tcm-

1887 2433 2029 2493 pore
2082 2415 2484 2488 necessitatis,
2541 2421 2651 2475 sut
2703 2414 3057 2492 praescripto
3095 2431 3203 2492 per
3232 2427 3448 2491 praece-

1885 2516 2083 2588 ptum,
2118 2513 2181 2570 et
2212 2508 2412 2568 solum
2444 2509 2533 2582 (nt
2570 2511 2657 2567 ita
2694 2508 2920 2586 dicam)
2951 2512 3200 2585 propter
3227 2505 3448 2565 hones-

1887 2607 2077 2660 tatem
2107 2607 2278 2662 actus
2294 2602 2615 2679 praecepti3
2646 2609 2751 2660 sed
2772 2604 2864 2660 est
2892 2597 3233 2660 necessaria
3254 2614 3365 2678 per
3383 2614 3449 2656 se

1885 2703 2138 2772 propter
2186 2695 2381 2773 ipsam
2423 2693 2947 2771 justificationem.
2994 2691 3169 2753 Unde
3197 2689 3450 2770 quando

1887 2787 2217 2864 contigerit
2252 2786 2579 2864 justificari
2608 2785 2927 2846 hominem
2957 2797 3101 2846 ante
3131 2784 3331 2852 illum.
3362 2790 3450 2842 te-

1889 2887 2075 2940 netur
2128 2886 2361 2960 postea,
2394 2897 2535 2940 cum
2576 2879 2851 2958 primum
2902 2879 3111 2957 possit,
3163 2876 3451 2956 explicite

1887 2973 2165 3046 credere,
2196 2979 2262 3032 ut
2278 2971 2566 3052 suppleat
2598 2972 2763 3050 quod
2790 2973 2859 3032 in
2880 2969 3319 3050 justificatione
3346 2967 3454 3029 dc·

1891 3067 2055 3128 fecit.
2082 3067 2189 3126 Est
2228 3068 2535 3146 optimum
2564 3065 2918 3145 exemplum
2950 3082 3027 3125 ex
3069 3061 3327 3125 materia
3374 3062 3453 3122 de

1891 3159 2294 3239 poenitentia3
2350 3177 2499 3220 nam
2538 3158 2717 3220 dolor
2751 3157 3027 3218 formalis
3073 3157 3149 3217 de
3192 3155 3455 3234 peccatis

1889 3252 2235 3314 commissis
2265 3271 2372 3330 per
2398 3269 2463 3312 se
2496 3257 2587 3312 est
2618 3251 2895 3312 medium
2936 3250 3345 3312 necessarium
3374 3246 3455 3309 ad

1887 3345 2386 3424 consequendam
2434 3344 2858 3406 remissionem
2906 3349 3334 3424 peccatorum3
3391 3347 3457 3402 et

1889 3437 2299 3500 nihilominus
2324 3439 2377 3500 si
2400 3444 2705 3518 peccator,
2737 3455 2881 3498 cum
2917 3435 3145 3498 actuali
3176 3433 3455 3497 conside·

1891 3533 2133 3594 ratione
2182 3533 2291 3592 Dei
2332 3538 2397 3594 et
2427 3531 2690 3592 naturali
2724 3529 3283 3591 inconsideratione
3311 3545 3456 3607 pec-

1891 3632 2197 3700 catorum,
2238 3630 2635 3686 convertatur
2674 3624 2745 3684 in
2770 3625 2969 3684 Deum
3018 3639 3128 3702 per
3176 3637 3453 3682 amorem

1889 3736 2075 3796 super
2100 3718 2334 3793 omnia,
2373 3719 2581 3778 statim
2610 3716 3005 3795 consequitur
3028 3713 3455 3775 remissionem

1889 3815 2305 3890 peccatorum,
2342 3809 2489 3890 quia
2524 3810 2593 3870 in
2636 3827 2711 3870 eo
2738 3827 2904 3884 casu,
2936 3825 3078 3868 cum
3112 3824 3219 3886 per
3252 3805 3457 3866 homi·

1889 3921 2035 3964 nem
2065 3921 2193 3964 non
2217 3908 2363 3978 stat,
2392 3902 2616 3964 sufficit
2654 3901 2827 3964 dolor
2853 3904 3085 3961 virtute
3116 3905 3177 3960 ct
3216 3904 3361 3960 voto
3384 3899 3453 3958 in

1889 4013 2101 4056 amore
2128 4001 2475 4058 contentus.
2520 3995 2721 4056 Simili
2765 4011 2911 4072 ergo
2944 3992 3127 4053 modo
3176 3991 3243 4052 in
3290 4009 3455 4071 prae·

1889 4090 2072 4164 senti,
2100 4087 2251 4148 fides
2270 4087 2557 4167 explicita
2587 4088 2815 4148 virtute
2842 4090 3130 4148 contenta
3154 4084 3221 4144 in
3251 4082 3455 4162 impli-

1891 4182 2037 4256 cita,
2086 4187 2149 4242 et
2188 4181 2255 4242 in
2318 4187 2461 4242 voto
2520 4180 2856 4242 voluntatis
2898 4177 3197 4257 implendi
3238 4177 3453 4238 omnia

1892 4275 2259 4350 neccssaria,
2302 4275 2449 4334 satis
2494 4273 2613 4334 erit
2664 4273 2731 4333 in
2768 4290 2915 4334 casu
2958 4269 3359 4344 necessitatis,
3388 4275 3453 4328 et

1889 4367 1999 4428 1110
2016 4384 2141 4429 non
2162 4367 2443 4428 obstante
2464 4366 2603 4428 talis
2626 4365 2776 4426 fides
2793 4364 3155 4444 simpliciter
3179 4363 3297 4424 erit
3326 4379 3453 4422 me-

1887 4462 2061 4522 dium
2086 4460 2514 4522 necessarium.
2540 4459 2718 4521 Ratio
2740 4466 2947 4519 autem
2988 4463 3079 4519 est
3116 4474 3303 4534 supra
3330 4463 3455 4516 tac-

1887 4560 1975 4630 ta,
1996 4553 2141 4632 quia
2166 4552 2415 4632 quando
2440 4553 2718 4614 medium
2736 4558 2829 4612 est
2855 4549 3033 4631 quasi
3060 4549 3138 4612 de
3165 4548 3455 4610 intrinse-

1889 4665 1965 4710 ca
1986 4646 2227 4708 ratione
2244 4645 2726 4725 justificationis,
2762 4651 2914 4706 tunc
2950 4645 3005 4723 ej
3016 4663 3087 4706 us
3130 4643 3457 4706 necessitas

1892 4739 2075 4802 estin
2098 4758 2167 4802 re
2194 4740 2325 4819 ipsa
2336 4754 2357 4816 ;
2385 4740 2635 4818 quando
2652 4757 2799 4800 vero
2814 4746 2905 4800 est
2924 4737 3207 4800 additum
3232 4756 3307 4799 cx
3328 4737 3455 4797 ins-

1894 4835 2207 4903 titutione,
2256 4841 2403 4896 tunc
2446 4833 2772 4894 necessitas
2811 4833 3001 4894 medii
3051 4830 3457 4910 intelligenda

1893 4933 1989 4988 est
2025 4927 2093 4988 in
2133 4945 2225 5001 re,
2260 4927 2357 4989 vel
2383 4927 2451 4987 in
2482 4933 2646 4987 voto.
2675 4927 2819 4988 Haec
2842 4934 3053 4989 autem
3088 4925 3238 4988 fides
3264 4923 3453 5002 expli·

1894 5019 2017 5082 cita
2046 5026 2139 5082 est
2176 5037 2347 5080 nunc
2388 5019 2731 5080 necessaria
2774 5038 2852 5080 ex
2892 5020 3185 5098 peculiari
3212 5017 3460 5078 institu-

1893 5114 2063 5174 tione
2079 5129 2101 5191 3
2128 5131 2277 5190 ergo
2305 5118 2471 5174 recte
2506 5112 2881 5192 intelligitur
2910 5118 2978 5172 ut
3010 5130 3119 5192 per
3161 5129 3225 5172 se
3257 5127 3462 5170 neces-

1895 5208 2057 5268 saria
2082 5206 2162 5267 sit
2191 5207 2254 5268 in
2298 5223 2391 5282 re,
2427 5205 2493 5268 in
2534 5224 2681 5268 casu
2710 5224 2855 5268 vero
2892 5203 3269 5266 necessitatis
3293 5201 3463 5262 suffi-

1895 5301 2019 5361 ciat
2048 5301 2113 5362 iu
2142 5307 2307 5362 voto.

1976 5395 2078 5455 20.
2112 5393 2525 5472 Consta-matur
2548 5394 2745 5458 eadem
2794 5394 3052 5456 secunda
3083 5409 3234 5473 pars
3270 5409 3465 5455 asser-

1893 5489 2421 5569 tionis-Atque
2468 5487 2615 5549 hinc
2662 5487 2913 5550 tande‘m
2950 5485 3303 5548 confirmari
3344 5485 3464 5548 hoc
