3900 6217
515 334 637 395 ⁴54

517 440 587 499 in
633 434 1145 511 aedificationem,
1202 445 1263 498 et
1311 455 1385 499 eo
1433 438 1662 511 modo,
1711 456 1834 517 quo
1881 436 2078 515 magis

521 532 823 593 deserviat
870 532 1318 592 conservationi
1369 530 1549 606 fidei3
1608 548 1757 609 ergo
1807 549 1933 591 non
1988 534 2079 589 est

521 624 614 684 illi
635 624 779 684 data
799 623 938 687 talis
971 629 1256 704 potestaS,
1282 643 1418 704 quae
1453 624 1657 703 potius
1689 630 1846 683 esset
1881 623 1945 683 in
1976 622 2079 681 dc-

1009 335 1244 392 nlsPU'r.
1279 339 1454 393 xvm.
1488 340 1569 393 DE
1601 339 1806 391 MEmls
1838 338 2062 401 QUIBUS.
2094 339 2197 391 U'rl
2228 340 2407 393 LICET
2440 340 2525 391 Al>
2556 335 3055 399 CONVERTENDOS,
3089 335 3223 387 mc,

2158 438 2224 501 in
2254 438 2675 499 defensionem
2712 435 3013 511 fidelium,
3048 434 3195 514 quia
3230 431 3543 514 privantur
3560 436 3677 514 jure

2158 551 2290 604 suo,
2328 551 2449 611 quo
2478 532 2571 592 uti
2600 529 2834 591 volunt.

2240 628 2298 688 8.
2346 625 2661 689 Secundus
2686 625 2919 695 modu-5,
2942 622 3237 703 privando
3262 622 3583 703 principem
3604 624 3683 684 in-

524 718 952 791 structionem,
997 735 1144 778 nam
1186 718 1431 779 cederet
1460 718 1527 779 in
1567 717 1861 797 injuriam
1907 715 2073 793 fidei,
2150 721 2407 801 fidelem,
2445 720 2537 781 vel
2575 735 2777 802 royac,
2806 717 2899 779 ccl
2934 719 3228 793 potestate
3259 715 3327 775 in
3366 715 3579 791 fideles.
3619 750 3685 761 —-

527 816 590 871 et
616 810 684 869 in
713 809 974 870 aliorum
1003 810 1382 871 scandalum.

606 903 664 962 6.
707 900 988 965 Secunda
1011 907 1268 967 assertio
1280 932 1302 965 .·
1333 904 1615 967 Ecclesia
1637 904 1926 965 indirecte
1947 901 2083 983 pri-

525 1012 666 1059 vare
683 999 883 1075 potest
910 994 1219 1077 principes
1244 997 1517 1072 infideles
1535 1002 1829 1075 potestate
1856 997 1921 1057 in
1948 994 2083 1057 sub-

527 1090 685 1152 ditos
710 1088 936 1165 fideles,
964 1120 1043 1134 -
1069 1089 1478 1157 Nihilominus
1508 1089 1837 1149 dicendum
1866 1095 1959 1149 est
1996 1107 2086 1149 se-

527 1182 754 1257 cundo,
797 1199 971 1261 posse
1001 1183 1334 1245 Ecclesiam
1373 1183 1670 1245 indirecte
1699 1184 1942 1261 privare
1974 1182 2086 1243 hos

527 1275 835 1355 principes
874 1274 1151 1337 infideles
1198 1295 1309 1337 sua
1356 1282 1649 1357 potestate
1695 1276 1760 1335 in
1809 1276 2086 1335 subditos

529 1366 776 1440 fideleS,
839 1368 890 1428 si
943 1369 1020 1429 ad
1077 1370 1310 1429 bonum
1366 1368 1462 1429 vel
1507 1368 1930 1429 defensionem
1988 1385 2087 1428 eo-

530 1476 672 1520 rum
726 1461 1138 1521 necessarium
1203 1462 1411 1524 fuerit.
1478 1462 1566 1521 Ita
1627 1461 1849 1541 docent
1909 1459 2087 1519 divus

531 1552 800 1613 Thomas
828 1597 842 1615 .
891 1560 952 1613 et
998 1552 1103 1614 alii
1155 1572 1340 1634 snpra
1395 1553 1609 1627 citati,
1678 1560 1740 1615 et
1790 1552 1970 1631 attigi
2022 1553 2089 1611 in

533 1644 697 1705 dicto
721 1643 879 1706 libro
901 1648 938 1705 3
962 1647 1365 1721 DefensioniS,
1393 1666 1528 1727 cap.
1555 1650 1658 1722 23,
1686 1664 1863 1707 num.
1891 1648 1993 1707 21.
2014 1648 2090 1707 Et

533 1739 691 1799 ratio
734 1744 844 1813 est,
893 1741 1038 1820 quia
1079 1740 1286 1801 fideles
1319 1740 1606 1820 baptizati
1653 1757 1725 1801 eo
1766 1741 1898 1818 ipso
1945 1742 2091 1797 sunt

538 1830 794 1910 subjecti
839 1833 1118 1893 Ecclesiae
1177 1834 1244 1894 in
1296 1833 1767 1913 spiritualibus,
1832 1837 1893 1891 et
1950 1846 2093 1891 con-

537 1934 862 2004 sequenter
908 1926 1096 1988 habet
1141 1926 1403 1989 Ecclesia
1454 1933 1820 2006 potestatem
1872 1924 1945 1985 ad
1997 1942 2093 1984 re-

540 2018 774 2095 gendos
797 2019 955 2098 illos,
985 2027 1169 2100 prout
1194 2021 1316 2081 illis
1343 2021 1533 2082 fuerit
1583 2020 1660 2080 ad
1699 2020 1931 2080 bonum
1962 2018 2095 2077 ani-

539 2128 658 2172 mae
711 2110 809 2172 vel
869 2114 1281 2177 necessarium
1321 2162 1333 2187 ,
1395 2114 1494 2175 vel
1546 2114 1813 2173 maxime
1873 2128 2097 2173 conve-

542 2204 751 2281 niens;
782 2224 929 2285 ergo
958 2207 1007 2267 si
1038 2205 1304 2267 adhunc
1351 2206 1537 2268 finem
1588 2206 1775 2266 fuerit
1827 2222 2097 2265 necessa-

541 2296 704 2357 rium
743 2316 846 2359 eos
889 2317 926 2359 a
965 2306 1262 2379 potestate
1309 2299 1702 2359 dominorum
1751 2297 2097 2359 infidelium

543 2388 826 2467 liberare,
851 2400 940 2452 est
967 2394 1029 2453 in
1053 2392 1312 2453 Ecclesia
1338 2398 1603 2471 potestas
1630 2390 1706 2450 ad
1725 2391 1843 2451 hoc
1868 2391 2098 2450 facien-

543 2480 719 2557 dum,
750 2490 811 2543 ct
833 2493 1278 2565 consequenter
1299 2486 1374 2546 ad
1407 2484 1735 2565 privandos
1764 2484 1900 2544 illos
1927 2482 2102 2562 prin-

546 2574 709 2653 cipes
738 2594 848 2635 sua
877 2583 1175 2656 potestate
1197 2579 1262 2637 in
1283 2578 1432 2637 tales
1460 2593 1750 2656 personas
1765 2592 1784 2653 3
1817 2593 1963 2635 nam
1994 2574 2101 2654 qui

546 2666 654 2727 dat
681 2668 944 2730 formam
975 2672 1081 2731 dat
1125 2672 1560 2751 consequentia
1604 2671 1678 2729 ad
1721 2669 2009 2742 formam,
2042 2672 2103 2741 et

547 2762 656 2839 qui
686 2761 791 2822 dat
821 2770 1183 2841 potestatem
1215 2784 1323 2826 seu
1357 2762 1847 2843 jurisdictionem
1888 2762 1949 2821 in
2004 2780 2102 2821 or-

546 2852 692 2915 dine
721 2856 797 2915 ad
831 2856 1099 2937 aliquem
1129 2858 1342 2934 finem,
1375 2858 1479 2917 dat
1503 2862 1944 2935 consequenter
1972 2872 2103 2915 om·

547 2947 654 3006 nia
685 2948 888 3009 media
925 2952 1264 3011 necessaria
1293 2950 1371 3011 ad
1403 2950 1585 3010 talem
1617 2948 1827 3009 finem.
1859 2948 1935 3007 Et
1962 2966 2104 3008 con-

546 3040 832 3101 firmatur
859 3042 996 3118 hoc,
1034 3043 1315 3122 exemplo
1353 3042 1733 3102 matrimonii
1773 3040 1936 3100 inter
1966 3038 2103 3099 infi-

435 3193 442 3201 ,
547 3132 712 3194 deles
761 3137 930 3213 prius
972 3136 1313 3211 contracti,
1369 3152 1634 3215 quorum
1690 3134 1846 3195 alter
1894 3139 2106 3213 postea

547 3229 930 3289 convertitur
949 3230 1027 3289 ad
1054 3229 1237 3291 fidem
1263 3245 1285 3305 3
1312 3247 1458 3289 nam
1487 3227 1537 3287 si
1571 3227 1726 3289 alter
1775 3226 1926 3287 velit
1966 3244 2105 3306 per-

551 3337 802 3381 manere
824 3323 886 3381 in
913 3322 1204 3402 conjugio
1221 3323 1352 3383 sine
1383 3321 1613 3400 injuria
1634 3322 1945 3394 creatmis,
1979 3337 2105 3379 non

550 3420 748 3493 potest
789 3414 945 3476 alter
971 3415 1275 3495 separari3
1309 3416 1361 3475 si
1400 3433 1548 3475 vero
1587 3413 1856 3475 infidelis
1885 3414 1964 3472 sit
2010 3430 2108 3472 oc-

550 3508 712 3569 casio
740 3508 918 3569 alteri
955 3508 1204 3587 conjugi
1250 3507 1420 3568 fideli
1460 3508 1650 3585 impie
1691 3506 1965 3582 vivendi,
2000 3524 2107 3585 po-

549 3606 669 3661 test
697 3607 758 3661 et
783 3600 964 3662 debet
1008 3600 1303 3680 separari,
1347 3606 1502 3661 teste
1544 3599 1733 3660 Paulo
1801 3604 1828 3660 1
1875 3598 1952 3660 ad
2002 3599 2111 3659 Co·

553 3691 747 3753 rinth.
783 3696 843 3768 7,
882 3699 944 3755 et
985 3700 1134 3753 tunc
1174 3692 1441 3753 infidelis
1492 3693 1772 3772 privatur
1812 3696 2111 3771 potestate

555 3792 615 3845 et
644 3785 920 3846 dominio
945 3786 1110 3865 quod
1137 3785 1325 3846 habet
1348 3786 1414 3845 in
1443 3785 1794 3863 conjugem,
1820 3784 1994 3863 quasi
2016 3784 2112 3843 in·

552 3876 805 3954 directe,
834 3885 1082 3959 propter
1103 3879 1338 3940 bonum
1366 3878 1509 3941 fidei
1536 3898 1551 3952 3
1582 3896 1729 3957 ergo
1753 3878 1946 3939 multo
1980 3894 2110 3937 ma-

553 3972 649 4050 gis
686 3972 751 4032 in
782 3979 990 4033 nostro
1031 3990 1197 4043 casu,
1251 3972 1398 4051 quia
1429 3972 1750 4032 vinculum
1792 3970 2111 4031 matrimo-

551 4065 643 4127 nii
676 4066 752 4126 de
793 4084 855 4126 se
903 4066 1102 4144 magis
1130 4070 1229 4126 est
1259 4063 1704 4141 indissolubile,
1738 4080 1924 4143 quam
1956 4061 2111 4143 poli-

549 4158 688 4220 ticae
720 4158 1139 4238 subjectionis·

633 4254 695 4312 7.
741 4251 997 4314 Primus
1029 4254 1235 4315 modus
1270 4250 1568 4314 liberandi
1597 4250 1804 4330 fideles
1843 4268 1882 4312 a
1913 4254 2115 4329 potcs-

553 4350 679 4408 tatc
697 4344 1048 4428 principum
1089 4345 1420 4427 infidelium
1447 4362 1562 4424 per
1587 4343 1977 4405 mutationem
2017 4343 2114 4403 do-

553 4436 794 4501 micilii.
833 4470 916 4484 —-
954 4438 1412 4499 Advertendum
1465 4442 1671 4497 autem
1727 4442 1820 4495 est
1873 4434 2113 4495 duobus

555 4529 753 4590 modis
799 4548 969 4609 posse
1015 4530 1375 4609 hujusmodi
1418 4527 1627 4588 fideles
1657 4528 1907 4587 liberari
1938 4545 1977 4587 a
2006 4546 2115 4606 po·

555 4628 776 4682 testate
805 4621 1171 4682 infidelium.
1213 4622 1438 4695 Primo,
1486 4620 1833 4680 inchoando
1861 4620 1939 4679 ab
1968 4620 2114 4701 ipsis

555 4712 840 4789 subditis,
868 4714 1150 4775 videlicet
1175 4712 1474 4774 mutando
1502 4712 1909 4787 domicilium,
1942 4720 2005 4773 et
2036 4712 2115 4773 ad

553 4824 748 4887 regna
790 4805 1068 4867 fidelium
1121 4806 1468 4885 principum
1510 4806 1920 4881 transeund03
1967 4822 2115 4865 nam

556 4898 702 4959 inde
727 4900 1065 4960 necessario
1092 4903 1371 4977 sequitur
1405 4904 1476 4957 ut
1501 4916 1627 4958 nou
1656 4898 1893 4957 subsint
1920 4898 2111 4977 priori

553 4991 842 5070 principi,
872 4998 933 5051 et
962 4990 1066 5052 hic
1095 4990 1314 5051 modus
1347 4990 1722 5070 justissimus
1759 4998 1848 5049 est
1873 4997 1935 5050 et
1965 4990 2112 5050 faci-

552 5082 662 5158 lis3
691 5084 856 5144 unde
895 5102 931 5143 a
960 5083 1233 5163 quolibet
1276 5084 1442 5143 fideli
1477 5082 1613 5143 fieri
1642 5089 1840 5163 potest
1867 5084 2113 5162 propria

552 5177 934 5250 auctoritate,
964 5178 1110 5255 qnia
1137 5195 1262 5236 non
1293 5181 1537 5236 tenetur
1563 5192 1926 5255 permanere
1954 5192 2112 5235 sem-

549 5288 662 5349 per
686 5272 754 5329 in
788 5272 1002 5331 eodem
1033 5270 1362 5331 territorio.
1393 5270 1566 5331 Unde
1595 5270 1648 5329 si
1677 5269 1956 5349 princeps
1983 5268 2111 5329 vel·

551 5362 638 5423 let
672 5362 970 5443 impedire
1009 5360 1290 5423 fidelibus
1320 5362 1484 5422 hunc
1523 5362 1876 5433 transitum,
1910 5366 2112 5441 posset

549 5454 687 5534 cogi
715 5474 751 5515 a
794 5454 1170 5535 principibus
1195 5454 1504 5533 fidelibus,
1535 5462 1599 5517 et
1617 5456 1782 5534 juste
1810 5454 2107 5517 debellari

2160 813 2298 873 Alio
2328 810 2509 873 modo
2551 814 2810 889 possunt
2850 808 2915 869 hi
2958 808 3262 887 principes
3294 806 3563 869 infideles
3588 809 3686 885 pri-

2160 905 2295 969 vari
2330 908 2627 983 potestate
2655 902 2723 963 in
2752 900 3025 963 subditos
3060 899 3273 961 fideles
3318 918 3395 959 ex
3426 906 3588 978 parte
3611 900 3687 981 i„-

2164 1016 2375 1059 sorum
2404 996 2779 1077 principum,
2804 993 3221 1067 manentibu5‚
3246 991 3498 1069 scilicet,
3520 992 3690 1055 Chris-
3805 996 3806 1065 ζ

2164 1091 2351 1152 tianis
2377 1091 2441 1151 in
2473 1090 2687 1151 eodem
2717 1087 3053 1163 territori0,
3080 1104 3144 1147 et
3170 1086 3471 1166 privando
3496 1087 3691 1164 princi·
3805 1104 3806 1153 ἢ

2166 1202 2307 1265 pem
2346 1184 2445 1244 vel
2468 1202 2685 1263 regno,
2717 1181 2813 1243 vel
2842 1179 3057 1241 saltem
3095 1184 3397 1260 potestate
3418 1180 3483 1239 in
3508 1178 3685 1257 hujus-

2168 1278 2337 1338 modi
2364 1276 2662 1351 subditos,
2690 1274 2858 1354 quod
2898 1274 3003 1333 vix
3030 1271 3165 1333 fieri
3206 1276 3408 1351 potest
3431 1272 3555 1331 sine
3579 1290 3691 1331 mu·
3805 1278 3806 1285 ’

2170 1371 2401 1431 tatione
2440 1369 2758 1450 principiS,
2785 1374 2847 1428 et
2873 1366 3013 1429 ideo
3040 1366 3144 1425 hic
3170 1365 3395 1428 modus
3426 1364 3694 1426 difficilior
3805 1416 3806 1427 ,

2169 1470 2291 1541 est3
2322 1468 2383 1523 et
2429 1463 2590 1537 ideo,
2620 1460 2903 1541 quamvis
2935 1460 3011 1520 ad
3052 1458 3230 1518 illum
3271 1476 3401 1518 non
3438 1458 3583 1517 desit
3606 1476 3691 1536 po-

2169 1562 2377 1630 testaS,
2412 1554 2819 1615 nihilominus
2848 1551 2923 1613 ad
2966 1552 3399 1612 executionem
3436 1550 3561 1629 ejus
3585 1569 3691 1610 ma·
3805 1550 3806 1627 ξ

2169 1667 2293 1728 gna
2336 1647 2797 1727 circumspectio
2842 1645 3181 1705 necessaria
3230 1651 3345 1706 est.
3394 1645 3608 1717 Primo,
3640 1649 3695 1705 ut
3805 1634 3806 1645 ἢ

2172 1741 2503 1803 multitudo
2535 1739 2809 1801 fidelium
2841 1756 3069 1817 magna
3096 1739 3197 1813 sit,
3226 1737 3324 1799 vel
3356 1737 3406 1798 si
3434 1738 3550 1798 sint
3574 1755 3697 1817 pau·
3805 1746 3806 1809 j

2172 1836 2249 1907 ci,
2296 1840 2366 1895 ut
2404 1852 2529 1895 non
2572 1834 2807 1913 possint
2844 1832 3159 1893 moraliter
3196 1837 3443 1891 mutare
3484 1832 3697 1891 domici·

2174 1928 2353 2001 lium,
2385 1926 2491 1986 ubi
2523 1926 2709 1987 tidem
2740 1928 2873 1987 sine
2911 1924 3200 1985 scandalo
3238 1924 3557 1985 observare
3588 1942 3696 2004 pos-
3805 1932 3806 1935 ’

2176 2022 2301 2080 sint
2317 2042 2335 2095 3
2362 2020 2608 2094 deinde,
2636 2028 2707 2078 ut
2730 2020 2810 2079 sit
2839 2037 2975 2099 spes
3006 2018 3243 2079 fructus
3270 2002 3578 2077 moi-aliter
3596 2035 3696 2077 cer·

2176 2127 2261 2187 ta,
2294 2131 2372 2173 ne
2398 2113 2557 2172 forte
2587 2111 2861 2172 volentes
2887 2111 3200 2172 eradicare
3238 2110 3498 2184 zizania,
3534 2112 3699 2189 potius
3805 2112 3806 2119 ’

2176 2209 2445 2269 triticum
2484 2206 2784 2283 evellant3
2817 2206 3037 2267 deinde
3065 2210 3243 2285 putat
3273 2204 3585 2265 Durandus
3618 2223 3701 2264 ne·

2180 2303 2511 2362 cessarium
2546 2319 2674 2361 esse
2714 2307 2783 2361 ut
2822 2319 2899 2361 ex
2943 2304 3115 2379 parte
3144 2299 3443 2379 principis
3478 2294 3700 2357 infidelis
3805 2338 3806 2387 ξ

2178 2394 2601 2475 praecesserint
2644 2394 2923 2473 injuriae,
2974 2398 3037 2453 et
3080 2392 3523 2471 impedimenta
3556 2389 3697 2463 fidei,
3805 2458 3806 2471 ἶ

2179 2486 2389 2565 qualia
2412 2490 2579 2560 sunt,
2608 2486 2657 2546 si
2685 2485 3018 2546 tentaverit
3040 2484 3319 2545 subditos
3348 2484 3617 2545 inducere
3638 2483 3698 2543 ad
3805 2520 3806 2567 i

2181 2580 2646 2655 infidelitatem,
2691 2579 2788 2639 vel
2834 2578 2885 2639 si
2927 2597 3031 2639 eos
3074 2584 3256 2655 cogat
3296 2578 3375 2637 ad
3414 2596 3547 2637 suos
3580 2576 3701 2637 ritus

2184 2672 2593 2733 observandos
2613 2718 2633 2749 ,
2687 2679 2797 2733 ant
2842 2670 3165 2751 prohibeat
3213 2670 3541 2731 catholicos
3580 2670 3703 2729 ritus
3805 2688 3806 2717 l

2184 2784 2490 2841 exercere,
2514 2765 2612 2827 vel
2638 2766 2764 2826 suis
2784 2764 3130 2846 pastoribus
3154 2764 3563 2825 ecclesiasticis
3588 2764 3701 2823 obc-
3805 2752 3806 2825 l

2184 2860 2337 2933 dire,
2364 2864 2424 2918 et
2450 2859 2676 2919 similia
2688 2875 2707 2936 3
2734 2878 2881 2919 nam
2917 2864 3065 2919 tunc
3092 2858 3347 2919 evidens
3374 2864 3463 2919 est
3486 2858 3703 2918 necessi-
3805 2912 3806 2935 ζ

2182 2956 2275 3011 tas
2310 2957 2371 3011 et
2391 2952 2647 3030 justitiae
2674 2951 2911 3011 titulus,
2956 2952 3037 3011 At
3074 2968 3219 3011 vero
3246 2950 3429 3013 divus
3454 2952 3699 3025 Themin,
3805 2942 3806 3027 J

2182 3044 2346 3105 dicto
2376 3049 2492 3105 art.
2530 3044 2629 3119 10,
2670 3042 2814 3103 licet
2852 3042 2931 3105 ad
2961 3045 3391 3104 executionem
3434 3043 3703 3122 potestatis
3805 3040 3806 3119 g

2184 3136 2307 3197 sint
2332 3136 2463 3197 haec
2492 3134 2807 3197 moraliter
2833 3137 3198 3211 necessaria,
3220 3136 3610 3199 nihilominus
3634 3141 3702 3193 ta-

2185 3248 2330 3290 men
2358 3235 2503 3289 ante
2542 3224 2985 3308 experientiam
3011 3230 3372 3307 hujusmodi
3414 3245 3701 3289 nocumen·
3805 3220 3806 3247 ³

2184 3329 2417 3398 torum,
2456 3329 2632 3401 putat
2676 3340 2804 3383 esse
2844 3323 2911 3381 in
2953 3322 3223 3385 Ecclesia
3263 3327 3613 3403 potestatem
3642 3318 3702 3377 ad

2184 3414 2589 3478 removendos
2617 3414 2974 3493 hujusmodi
3004 3416 3315 3495 principes
3349 3414 3608 3475 infideles
3628 3428 3705 3470 so-
3805 3410 3806 3477 ζ

2185 3509 2317 3570 lum
2350 3514 2599 3589 propter
2625 3509 2968 3589 periculum
2999 3509 3231 3569 morale
3266 3508 3539 3570 fidelium
3560 3526 3574 3579 3
3596 3522 3705 3585 quae

2190 3601 2495 3663 sententia
2536 3601 2685 3662 mihi
2736 3602 2924 3661 etiam
2958 3602 3192 3683 placuit
3231 3602 3299 3661 in
3335 3602 3494 3663 dicto
3527 3600 3647 3659 libr.
3678 3600 3705 3657 3
3805 3592 3806 3671 J

2188 3694 2590 3767 DefensioniS,
2622 3712 2755 3773 cap.
2792 3695 2892 3768 30,
2926 3712 3168 3755 numer.
3206 3696 3279 3769 6,,
3306 3695 3451 3774 quia
3471 3694 3533 3754 in
3558 3690 3707 3753 rebus

2189 3786 2527 3847 moralibus
2544 3787 2868 3848 vitandum
2889 3792 2981 3849 est
2998 3786 3369 3867 periculum,
3390 3787 3704 3866 priusquam
3805 3778 3806 3851 ᾗ

2190 3879 2457 3960 speciale
2506 3886 2947 3940 nocumentum
2992 3879 3237 3941 eveniat
3257 3895 3277 3955 3
3324 3878 3485 3959 quod
3520 3874 3707 3957 princi·
3805 3940 3806 3957 3

2190 3974 2364 4053 pium
2394 3978 2556 4033 certe
2583 3972 2967 4034 verissimum
2997 3980 3108 4046 est,
3140 3972 3387 4052 quando
3410 3968 3705 4051 periculum
3805 4008 3806 4011 ,

2191 4072 2283 4127 est
2307 4066 2658 4146 proximum
2687 4072 2751 4126 et
2776 4065 3031 4141 morale,
3070 4072 3131 4127 et
3158 4064 3296 4125 ideo
3326 4065 3393 4125 in
3418 4065 3527 4125 hoc
3552 4061 3703 4121 etiam
3805 4064 3806 4067 ’

2192 4160 2442 4239 negotio
2472 4159 2920 4221 observandum
2947 4164 3060 4233 est,
3087 4165 3180 4233 ut,
3211 4156 3592 4221 consideratis
3613 4153 3705 4213 cir·
3805 4196 3806 4199 η

2194 4252 2579 4313 cumstantiis
2610 4253 2677 4313 in
2716 4251 3093 4331 particulari,
3123 4249 3245 4313 tale
3276 4249 3579 4331 judicetur
3600 4261 3705 4307 esse
3805 4262 3806 4299 2

2195 4344 2470 4406 fidelium
2503 4344 2867 4426 periculum.

2274 4442 2332 4500 9.
2372 4439 2451 4500 H
2446 4457 2528 4499 oec
2540 4442 2809 4519 potestas
2836 4437 3136 4501 indirecta
3156 4436 3224 4500 in
3244 4455 3358 4519 quo
3384 4436 3705 4500 resideat—
3805 4400 3806 4419 1

2196 4533 2518 4605 Praeterea,
2545 4531 2969 4591 animadverto
3000 4530 3159 4592 hanc
3196 4537 3546 4612 potestatem
3572 4525 3699 4587 indi-

2192 4636 2448 4699 rectam,
2492 4642 2679 4703 quam
2706 4622 2968 4685 dicimus
2997 4643 3125 4686 esse
3152 4626 3218 4685 in
3256 4624 3514 4687 Ecclesia
3536 4620 3602 4682 ad
3627 4636 3703 4679 re-
3805 4678 3806 4693 2

2197 4717 2529 4777 movendos
2552 4716 2664 4804 bos
2688 4716 3016 4796 priucipeS,
3042 4716 3349 4798 publicam
3380 4734 3502 4777 esse
3522 4721 3578 4776 et
3598 4728 3703 4772 non
3805 4778 3806 4785 ἵ

2197 4811 2527 4889 privatam,
2563 4817 2632 4870 ut
2660 4828 2769 4888 per
2794 4828 2858 4872 se
2885 4819 3106 4871 notum
3133 4818 3222 4873 est
3238 4827 3259 4889 3
3284 4818 3346 4872 et
3370 4810 3502 4871 ideo
3538 4805 3703 4867 consi·

2192 4902 2393 4963 derari
2438 4921 2611 4981 posse
2652 4902 2752 4963 vel
2799 4902 2859 4961 in
2899 4922 3143 4964 summo
3189 4904 3497 4975 Pontifice,
3528 4898 3610 4959 vel
3647 4898 3701 4955 in
3805 4964 3806 4967 Ἴ

2190 4994 2395 5073 aliquo
2419 5013 2705 5074 supremo
2734 5014 2879 5073 rege
2902 4996 3219 5057 catholico.
3250 4996 3318 5057 In
3343 4992 3607 5055 Pontifice
3628 4992 3699 5049 est

2193 5106 2267 5148 ex
2320 5087 2381 5159 vi
2429 5090 2878 5166 jurisdictionis
2928 5108 3229 5169 supremae
3266 5086 3590 5170 «spiritualis
3633 5080 3696 5141 ad

2192 5180 2639 5260 procurandam
2668 5188 2731 5241 ct
2754 5182 3200 5243 defendendam
3226 5182 3479 5244 salutem
3497 5178 3697 5239 anima·

2189 5290 2362 5345 rnm3
2406 5274 2471 5331 in
2513 5291 2658 5353 rege
2688 5292 2833 5333 vero
2870 5276 3218 5354 temporali,
3258 5274 3450 5335 solum
3490 5276 3567 5331 est
3608 5283 3694 5347 per

2188 5366 2443 5425 modum
2491 5365 2863 5427 defensionis
2909 5368 3355 5447 proximorum,
3396 5360 3693 5447 praesertim

2188 5456 2487 5529 fidelium,
2530 5459 2675 5540 quia
2704 5458 2809 5521 ille
2848 5478 2974 5523 non
3012 5459 3200 5521 habet
3235 5458 3589 5543 spiritualem
3605 5454 3690 5533 ju*
