3900 6217
567 450 925 525 formatam,
960 466 1083 510 seu.
1106 451 1363 512 omnino
1394 451 1727 532 perfectam
1754 452 1821 512 in
1850 453 2134 518 ordinem

568 542 648 606 ad
678 543 871 606 finem
900 543 1217 619 ultimum,
1246 546 1554 624 postulare
1592 546 1970 606 consortium
1997 547 2132 609 cha·

566 636 791 710 ritatis,
817 655 1019 715 neque
1048 636 1109 696 id
1140 643 1396 716 negaret
1424 639 1676 714 Scotus;
1704 657 1853 700 nam
1878 647 1972 702 est
2001 659 2136 720 per-

564 731 731 792 fecte
770 729 1045 805 evidens,
1079 736 1150 791 ιιι
1188 730 1457 792 sectione
1484 733 1771 811 sequenti
1796 732 2136 794 declarabi-

568 841 729 884 mus.
786 823 854 884 In
882 823 1077 884 altera
1105 829 1315 884 autem
1348 829 1521 902 parte
1549 831 1821 902 negante
1848 825 2134 887 habitum

556 915 907 994 ¹voluntatis
946 915 1027 978 ad
1072 916 1259 978 fidem
1314 916 1655 978 secundum
1693 935 1758 978 se
1780 962 1799 994 ,
1846 918 2137 980 convenit

568 1010 896 1088 Cajetanus
932 1027 1078 1070 cum
1108 1011 1333 1087 Scot03
1380 1017 1443 1072 et
1468 1011 1795 1090 Cajetanus
1821 1013 1954 1090 ipse
1993 1011 2133 1072 nul-

568 1103 702 1166 lum
724 1103 841 1164 add
850 1103 985 1188 ucit.
999 1102 1253 1166 tundam
1262 1109 1501 1178 entum,
1526 1110 1751 1182 practer
1764 1110 2134 1184 argumenta

552 1195 759 1270 ‚Scoti‚
790 1213 929 1274 quoe
965 1195 1239 1258 dissolvit
1266 1215 1339 1258 ae
1382 1198 1435 1256 si
1474 1197 1633 1258 facta
1674 1206 1879 1260 essent
1918 1207 2135 1260 contra

568 1290 995 1350 necessitatem
1029 1289 1279 1352 habitus
1313 1291 1653 1352 voluntatis
1684 1291 1763 1352 ad
1792 1291 1982 1354 fidem
2009 1292 2134 1353 for·

569 1389 826 1456 matam,
852 1384 1015 1462 quod
1046 1385 1259 1446 Scotus
1286 1403 1411 1446 non
1442 1386 1759 1463 cogitavit,
1777 1405 1922 1448 nam
1952 1385 2132 1448 intel-

568 1475 723 1537 lexit
752 1477 820 1538 D.
846 1475 1149 1540 'rhomam
1182 1480 1261 1540 de
1278 1477 1401 1540 fide
1424 1479 1763 1540 secundum
1796 1497 1883 1556 se,
1916 1485 1978 1542 ει
2005 1498 2133 1542 me-

568 1568 685 1630 lius
712 1570 965 1649 quidem
992 1589 1180 1650 quam
1210 1573 1557 1652 CajetanuS,
1586 1571 1693 1651 qui
1724 1573 1793 1634 D.
1824 1573 2130 1634 Thomam

566 1665 848 1742 exposuit
874 1665 950 1725 de
979 1665 1101 1726 fide
1128 1667 1417 1728 iormata.

649 1760 709 1818 3.
753 1757 1029 1822 Assertio
1043 1760 1251 1840 prima
1270 1761 1595 1838 affirmans
1618 1788 1640 1822 .·
1664 1761 2002 1843 requiritur
2027 1761 2135 1824 lta·

568 1851 729 1915 bitus
764 1853 833 1914 in
856 1851 1160 1916 voluntate
1187 1855 1371 1923 etiam
1398 1856 1481 1918 ad
1498 1856 1671 1937 fidem
1710 1857 2136 1933 immam.—

568 1945 713 2006 Dieo
734 1950 940 2006 autem
961 1946 1191 2025 primo:
1212 1947 1285 2008 ad
1304 1947 1684 2010 habitualem
1704 1946 1915 2022 fidem,
1940 1949 2132 2009 etiam

567 2038 897 2100 informem
933 2083 953 2114 ,
1007 2039 1337 2118 perfectam
1388 2048 1595 2104 autem
1650 2041 1717 2103 in
1768 2041 1986 2102 ordine
2049 2041 2128 2102 ad

568 2149 751 2210 suum
780 2139 988 2193 actum
1016 2139 1077 2194 ει
1104 2133 1441 2213 objectum,
1474 2134 1853 2196 necessarius
1878 2141 1972 2194 est
1997 2151 2130 2213 spe-

568 2225 739 2288 cialis
779 2226 1027 2288 habitus
1070 2228 1424 2290 voluntatis.
1468 2229 1559 2290 Ita
1600 2233 1815 2290 tenent
1856 2228 2125 2304 Medius,

568 2319 726 2382 libro
758 2324 799 2382 4
834 2321 909 2382 de
938 2321 1123 2382 Recta
1155 2321 1223 2382 in
1264 2322 1455 2383 Deum
1504 2321 1625 2382 fide
1644 2366 1666 2397 ,
1709 2320 1908 2400 capite
1938 2325 1978 2381 2
1993 2337 2014 2398 ;
2068 2328 2130 2382 ει

566 2415 809 2490 ΜοΙίιι.,
839 2416 903 2474 in
932 2415 1259 2487 concord„
1290 2433 1353 2494 q.
1396 2415 1489 2488 Μ,
1520 2415 1815 2494 disputat.
1848 2416 1911 2490 8,
1942 2414 2134 2496 §Hic

570 2506 751 2572 etiam
795 2507 1069 2571 breviter.
1104 2508 1179 2568 Et
1202 2508 1333 2570 sine
1362 2507 1552 2568 dubio
1573 2514 1663 2568 εει
1684 2525 1970 2587 expressa
1997 2527 2133 2570 sen·

569 2603 765 2662 tentia
806 2601 933 2662 divi
960 2601 1235 2668 Thomas,
1268 2600 1435 2662 dicta
1474 2607 1689 2680 quaest.
1720 2605 1787 2677 4,
1816 2609 1934 2664 art.
1963 2604 2024 2678 2,
2067 2604 2132 2664 in

570 2713 849 2775 corpore,
894 2701 958 2756 et
998 2695 1077 2755 ad
1116 2695 1498 2772 seeundum3
1535 2713 1682 2756 nam
1718 2694 1803 2756 ibi
1832 2695 1911 2756 ad
1941 2695 2128 2756 fidem

574 2790 838 2868 requirit
872 2788 1157 2850 habitum
1202 2788 1559 2862 mluntatis,
1590 2807 1717 2849 non
1746 2795 1996 2868 propter
2033 2807 2131 2850 or-

568 2882 781 2944 dinem
804 2883 878 2944 ad
910 2883 1101 2944 finem
1135 2881 1451 2958 ultimum,
1480 2881 1589 2944 sed
1612 2889 1863 2962 propter
1902 2883 2130 2944 intrin-

568 2993 768 3038 secam
796 2975 1236 3051 conditionem,
1258 2994 1395 3054 quoe
1424 2981 1667 3036 estesse
1685 2975 2127 3052 voluntarium,

568 3077 641 3132 ut
688 3089 873 3150 supra
914 3069 1203 3132 vidimus.
1244 3071 1376 3132 Hoc
1424 3069 1615 3130 etiam
1654 3069 1923 3133 ostendit
1971 3070 2130 3130 ratio

568 3163 697 3224 divi
720 3164 997 3237 Thomoe,
1044 3181 1181 3242 quae
1216 3163 1352 3222 talis
1380 3168 1506 3224 est:
1536 3163 1793 3238 Quando
1820 3169 1994 3224 actus
2022 3181 2133 3242 per

569 3273 633 3317 se
671 3256 900 3335 pendet
937 3275 975 3316 a
1014 3255 1252 3316 duabus
1293 3257 1611 3335 potentiis,
1636 3275 1761 3318 una
1817 3256 2126 3332 eliciente,

568 3349 765 3410 altera
810 3350 1152 3429 imperante
1174 3393 1195 3424 ,
1242 3350 1615 3410 necessarius
1656 3357 1751 3411 est
1789 3349 2040 3412 habitus
2065 3351 2130 3410 in

570 3449 837 3522 utraque
855 3443 1153 3523 potentia,
1185 3457 1255 3502 ιιι
1284 3441 1625 3520 subiectum
1648 3444 1729 3504 sit
1749 3443 1990 3522 integre
2013 3442 2133 3502 dis-

568 3536 843 3614 positum
876 3535 1299 3610 habitualiter,
1330 3553 1439 3596 seu
1468 3535 1796 3598 intrinsece
1838 3537 2131 3597 constitu-

570 3635 705 3690 tum
736 3629 803 3690 in
838 3635 982 3688 actu
1016 3629 1218 3708 primo
1254 3628 1333 3689 ad
1374 3628 1783 3690 exercendum
1814 3629 2000 3690 talem
2035 3647 2132 3692 ac-

570 3727 750 3799 tum,
777 3721 883 3782 sed
917 3727 1088 3782 actus
1130 3721 1291 3782 fidei.
1312 3722 1398 3782 ita
1428 3721 1653 3800 pendet
1692 3721 1775 3786 ab
1816 3721 2134 3783 intellectu

572 3821 637 3876 et
678 3815 998 3877 voluntate
1044 3815 1399 3890 intrinsece,
1438 3821 1605 3876 etex
1630 3815 1693 3875 vi
1716 3833 1841 3876 suae
1868 3815 2094 3894 speciei
2109 3830 2130 3892 ;

572 3927 723 3988 ergo
752 3915 979 3988 praeter
1005 3907 1289 3970 habitum
1325 3908 1695 3984 intellectuS,
1724 3909 1984 3988 requirit
2023 3907 2133 3968 ha-

572 4000 776 4064 bitum
801 4002 867 4063 in
898 4001 1241 4064 voluntate.
1272 4001 1719 4081 Consequentia
1740 4003 1994 4063 evidens
2015 4008 2131 4076 est,

572 4095 723 4174 quia
747 4094 1081 4156 habitualis
1116 4096 1269 4156 fides
1304 4103 1395 4157 est
1427 4097 1670 4174 integra
1706 4094 2046 4174 dispositio,
2073 4101 2135 4156 et

571 4195 747 4250 actus
774 4189 1015 4268 primus
1040 4189 1119 4252 ad
1148 4189 1526 4252 credendum
1560 4189 1625 4250 in
1654 4195 1801 4250 actu
1824 4189 2130 4264 secund03

572 4284 779 4344 minor
804 4301 950 4345 vero
984 4285 1054 4344 in⁴
1084 4282 1506 4364 superioribus
1537 4282 1791 4362 probata
1822 4289 1938 4359 εει,
1969 4283 2126 4364 disp.

574 4381 636 4455 6,
670 4387 815 4442 sect.
850 4382 928 4457 63
970 4381 1168 4459 major
1198 4387 1411 4442 autem
1453 4379 1703 4440 videtur
1740 4397 1819 4440 ex
1850 4380 2133 4442 terminis

572 4474 848 4551 evidens,
868 4476 1016 4554 quia
1034 4476 1086 4536 si
1102 4493 1286 4536 causa
1300 4475 1545 4552 integra
1570 4473 1866 4536 coalescat
1878 4491 1956 4534 ex
1975 4474 2130 4535 dua-

573 4565 688 4628 bus
740 4570 1064 4647 potentiis,
1102 4575 1165 4630 et
1212 4568 1407 4628 altera
1447 4573 1693 4628 tantum
1734 4565 2134 4629 habitualiter

571 4660 955 4740 perficiatur,
992 4681 1123 4724 non
1170 4667 1369 4742 potest
1416 4679 1599 4722 causa
1643 4660 1970 4740 adaequata
2001 4677 2132 4722 esse

572 4754 841 4834 periente
854 4753 1173 4834 disposita,
1194 4761 1257 4816 et
1280 4755 1369 4816 ita
1378 4753 1637 4818 ‚effectus
1654 4773 1731 4815 ex
1749 4753 1941 4816 altera
1963 4759 2135 4832 parte

572 4846 962 4908 claudicabit.
1006 4847 1363 4909 Declaratur
1402 4847 1811 4922 manifestius,
1847 4847 2016 4926 quia,
2061 4846 2135 4908 li-

550 4947 671 5002 cet
696 4941 980 5003 voluntas
1000 4943 1081 5002 ad
1106 4949 1316 5003 actum
1339 4941 1625 5004 credendi
1650 4949 2042 5021 comparetur
2065 4947 2136 5001 ut

572 5039 853 5114 potentia
899 5037 1237 5114 imperans,
1284 5055 1410 5096 non
1438 5041 1637 5115 potest
1688 5041 1897 5096 tamen
1933 5034 2134 5114 impe·-

572 5147 736 5206 rare,
788 5129 909 5191 nisi
956 5129 1257 5191 eliciendo
1296 5135 1505 5190 actum
1552 5129 1801 5192 volendi
1837 5127 2130 5204 credere3

550 5222 679 5284 -ille
711 5227 921 5284 autem
964 5229 1143 5284 actus
1186 5220 1673 5304 supernaturalis
1709 5227 1803 5283 est
1828 5243 1847 5296 ;
1886 5239 2036 5300 ergo
2064 5227 2133 5282 ut

550 5315 1059 5378 connaturaliter
1100 5316 1234 5391 fiat,
1288 5316 1547 5395 requirit
1586 5315 1899 5394 proprium
1959 5312 2133 5374 habi-

546 5416 709 5470 .tum
749 5408 1021 5487 ejusdem
1052 5409 1369 5489 potentiae,
1404 5428 1527 5471 non
1558 5409 1765 5470 minus
1793 5425 1980 5486 quam
2021 5425 2136 5468 cse-

570 5504 689 5564 tcri
722 5513 897 5564 actus
934 5503 1425 5583 supernaturales
1450 5503 1827 5574 voluntatis3
1866 5519 2004 5582 qum
2041 5519 2137 5562 ra·

1210 351 1447 408 mspu'r.
1485 352 1589 406 vn.
1628 351 1706 408 m:
1738 353 2009 408 viarum
2040 355 2204 408 Fiam
2235 356 2538 418 QUANTUM
2568 358 2652 410 An
2683 358 2950 412 marrus
2981 359 3136 412 mus.

2217 454 2306 516 tio
2341 454 2475 516 sine
2515 455 2708 518 dubio
2739 458 3050 518 convincit
3083 465 3148 519 et
3191 457 3372 520 solvit
3407 459 3736 526 fundamen-

2215 553 2350 608 tum
2381 550 2702 610 contrariae
2731 551 3080 626 sententiae,
3111 552 3260 630 quia
3287 551 3386 612 bic
3419 571 3540 614 non
3560 557 3740 635 requi·

2216 641 2376 702 ritur
2415 641 2664 704 habitus
2705 644 3042 705 voluntatis
3075 644 3452 720 immediate,
3479 648 3589 708 nisi
3615 668 3736 728 pro·

2217 741 2356 814 pter
2395 742 2603 796 actum
2645 736 2922 798 elicitum
2975 736 3054 798 ab
3093 737 3236 812 illa,
3271 737 3378 815 qui
3421 746 3586 801 actus
3629 760 3736 804 nou

2217 828 2418 888 solum
2451 831 2828 892 necessarius
2855 835 2950 890 est
2973 829 3052 890 ad
3080 831 3352 908 primum
3369 837 3566 894 actum
3593 833 3737 910 fidei,
3833 835 3835 846 ’

2215 939 2324 982 seu
2358 923 2424 982 in
2451 940 2525 982 eo
2552 923 2808 984 instanti
2848 923 2914 985 in
2943 941 3068 1003 quo
3089 923 3438 984 infunditur
3463 924 3626 1002 fides,
3651 930 3740 990 scd

2215 1015 2406 1076 etiam
2457 1021 2670 1094 postea
2698 1016 2778 1078 ad
2821 1016 3192 1078 exercendos
3233 1017 3498 1078 studiose
3529 1023 3588 1079 et
3618 1038 3740 1082 con-

2211 1113 2449 1172 stanter
2489 1109 2557 1172 in
2599 1128 2711 1172 suo
2751 1110 2968 1172 ordine
2993 1116 3168 1172 actus
3194 1110 3358 1172 fidei.

2295 1206 2358 1264 4.
2415 1204 2697 1268 Assertio
2757 1203 3020 1266 secunda
3079 1229 3102 1266 .·
3149 1204 3488 1285 praedictus
3535 1204 3742 1296 habitas

2213 1304 2304 1362 est
2325 1300 2528 1362 virtus
2570 1297 2848 1360 moralis.
2880 1329 2960 1342 --
2999 1296 3141 1358 Dico
3167 1295 3437 1358 secundo
3477 1313 3493 1356 ι
3531 1295 3626 1358 hic
3650 1297 3740 1360 ha·

2213 1391 2380 1454 bitus
2419 1389 2755 1452 voluntatis
2779 1390 2975 1450 virtus
3004 1395 3098 1451 est
3127 1387 3399 1460 moralis,
3431 1405 3557 1461 seu,
3584 1388 3740 1452 latins

2211 1484 2544 1566 loquendo,
2567 1483 2927 1563 appetitiva,
2955 1483 3121 1544 unde
3149 1482 3512 1562 simpliciter.
3531 1489 3618 1546 cst
3640 1485 3740 1546 vir·

2209 1585 2311 1640 tus
2315 1621 2335 1652 ,
2362 1575 2566 1656 quoad
2591 1576 2916 1638 essentiam
2945 1593 3144 1636 suam.
3177 1575 3352 1636 Hanc
3377 1575 3740 1636 assertionem

2211 1671 2414 1750 attigi,
2473 1669 2700 1748 partim
2763 1669 2872 1730 lib.
2931 1669 2972 1728 6
3027 1669 3106 1730 de
3155 1667 3401 1740 Gratia,
3459 1667 3644 1746 capite
3683 1669 3738 1744 8,

2214 1783 2392 1826 num.
2432 1767 2530 1837 17,
2578 1762 2804 1843 partim
2833 1761 2942 1824 lib.
2980 1765 3080 1833 Η,
3121 1779 3260 1840 cap.
3303 1761 3368 1833 ὅ,
3401 1778 3440 1820 a
3466 1777 3629 1820 num.
3660 1765 3739 1824 10.

2215 1860 2292 1920 Et
2307 1876 2486 1920 sumo
2505 1875 2581 1918 ex
2603 1857 2748 1918 divo
2765 1853 2999 1918 Thoma
3019 1859 3042 1916 ι
3059 1899 3078 1914 .
3104 1856 3166 1928 2,
3191 1861 3416 1934 quaest.
3437 1855 3535 1926 56,
3559 1859 3668 1914 art.
3691 1857 3738 1926 3,

2214 1953 2326 2014 ubi
2357 1953 2504 2014 dicit
2523 1950 2736 2026 fidem,
2767 1957 2838 2012 ut
2863 1950 3110 2028 praecise
3139 1954 3470 2029 spectatam
3495 1948 3560 2008 in
3588 1947 3738 2010 intel·

2208 2047 2395 2119 lectu,
2427 2065 2558 2108 esse
2586 2046 2882 2106 virtutem
2905 2043 3248 2104 seeundum
3275 2041 3448 2121 quid,
3473 2041 3542 2102 id
3561 2047 3645 2102 est
3663 2041 3740 2101 in·

2208 2139 2658 2214 tellectualem3
2689 2143 2760 2198 ut
2788 2137 3184 2215 conjunctam
3215 2145 3426 2198 autem
3446 2135 3735 2208 voluntati,

2208 2253 2248 2296 a
2273 2253 2395 2314 qua
2427 2233 2677 2312 pendet,
2710 2249 2840 2292 esse
2868 2233 3162 2293 virtutem
3189 2229 3582 2310 simpliciter3
3609 2247 3737 2305 ergo

2211 2329 2504 2408 supponit
2533 2328 2738 2405 ipsum
2779 2323 3064 2386 habitum
3102 2323 3444 2386 voluntatis
3481 2341 3604 2384 esse
3635 2323 3738 2383 vir·

2213 2427 2410 2484 tutem
2440 2418 2823 2500 simpliciter,
2867 2435 3016 2478 nam
3053 2425 3305 2497 propter
3345 2416 3508 2496 quod
3547 2433 3742 2478 unum·

2213 2514 2502 2596 quodque
2543 2513 2689 2584 tale,
2748 2518 2810 2572 et
2865 2510 3020 2572 illud
3073 2511 3294 2589 magis·
3337 2509 3623 2589 Loquitur
3651 2525 3742 2569 au·

2213 2615 2344 2670 tem
2387 2608 2464 2667 de
2515 2605 2658 2668 volu
2667 2611 2836 2668 ntate
2889 2622 2998 2684 per
3047 2622 3114 2666 se
3173 2604 3514 2666 necessasia
3561 2601 3632 2662 ad
3677 2601 3741 2660 fi-

2210 2701 2356 2762 dem
2387 2744 2403 2772 ,
2461 2708 2540 2760 ut
2582 2699 2706 2772 sic,
2751 2704 2814 2758 et
2873 2702 3322 2775 consequenter
3367 2695 3445 2756 de
3487 2695 3596 2757 isto
3643 2693 3742 2754 ha-

2209 2792 2366 2854 bitu.
2429 2793 2691 2854 Ratione
2738 2791 2927 2852 etiam
2969 2786 3267 2869 probatur
3311 2786 3490 2850 facile
3521 2804 3596 2848 ex
3635 2786 3742 2846 dic·

2211 2887 2320 2960 tis,
2367 2885 2516 2964 quia
2561 2883 2868 2963 imprimis
2914 2881 3162 2942 habitus
3203 2887 3297 2944 est
3341 2899 3448 2960 per
3494 2899 3554 2944 se
3605 2879 3744 2940 infu-

2212 2996 2358 3058 sus;
2421 2997 2568 3042 nam
2623 2985 2714 3040 cst
2763 2977 3268 3058 proportionatus
3317 2975 3483 3036 actui
3528 2981 3744 3053 propter

2211 3091 2398 3152 quem
2449 3071 2825 3134 eliciendum
2875 3069 3092 3132 datur:
3137 3069 3520 3131 ostendimus
3566 3073 3741 3128 autem

2209 3187 2418 3248 supra,
2463 3168 2620 3247 disp,
2665 3169 2730 3239 6,
2783 3171 2930 3228 sect.
2973 3166 3034 3236 5,
3073 3164 3458 3226 voluntatem
3487 3161 3740 3226 credendi

2213 3279 2342 3324 esse
2389 3258 2925 3340 supernaturalem
2971 3259 3038 3318 in
3077 3255 3446 3342 substantia.
3489 3255 3650 3316 Unde
3686 3253 3743 3314 fit

2213 3355 2400 3416 etiam
2441 3360 2512 3414 ut
2554 3351 2696 3414 talis
2739 3351 2994 3413 babitus
3037 3351 3118 3413 sit
3167 3351 3544 3430 principium
3571 3365 3670 3427 per
3691 3365 3744 3406 se

2213 3453 2384 3508 actus
2420 3445 2666 3506 honesti
2697 3450 2763 3505 et
2816 3443 3020 3518 liberi,
3067 3451 3134 3504 et
3177 3449 3430 3523 propter
3474 3439 3744 3502 motivum

2209 3541 2578 3617 honestum3
2609 3556 2756 3600 nam
2799 3537 2930 3603 hacc
2956 3539 3170 3600 omnia
3194 3537 3274 3600 de
3304 3535 3614 3598 voluntate
3639 3550 3746 3592 cre-

2213 3634 2404 3696 dendi
2429 3633 2840 3696 determinata
2879 3631 2966 3694 ibi
3005 3637 3185 3707 sunt;
3231 3631 3338 3692 sed
3385 3629 3490 3692 alii
3527 3627 3746 3688 babitus

2214 3727 2550 3790 voluntatis
2579 3744 2706 3788 non
2741 3734 2888 3788 sunt
2921 3726 3185 3788 virtutes
3225 3723 3604 3802 simpliciter,
3643 3717 3746 3778 nisi

2213 3819 2360 3900 quia
2385 3825 2534 3880 sunt
2553 3820 2854 3900 principia
2875 3818 3096 3880 talium
3113 3830 3403 3892 actuum3
3419 3832 3564 3894 ergo
3584 3813 3744 3874 etiam

2195 3913 2316 3974 bic
2335 3911 2583 3976 habitus
2611 3919 2706 3974 εει
2737 3913 2930 3976 virtus
2951 3911 3340 3992 simpliciter,
3369 3915 3434 3971 et
3461 3924 3642 3988 perse
3671 3906 3748 3964 in·

2211 4004 2372 4068 fusa.
2407 4006 2542 4068 Dixi
2581 4012 2790 4068 autem
2826 4006 2944 4068 hoc
2979 4023 3108 4068 esse
3157 4001 3627 4082 intelligendum
3670 4013 3746 4056 εε-

2213 4098 2488 4161 cundum
2539 4099 2868 4161 essentiam
2911 4097 3160 4160 virtutis
3175 4113 3196 4174 ;
3251 4113 3402 4158 nam
3439 4090 3748 4156 secundum

2195 4198 2469 4264 statum,
2497 4193 2596 4254 vel
2628 4191 2990 4254 relationem
3011 4191 3092 4252 ad
3123 4189 3420 4252 ultimum
3445 4185 3628 4249 finem
3646 4181 3716 4242 ali

2212 4291 2309 4348 ter
2354 4285 2732 4366 loquendum
2770 4291 2882 4358 est,
2935 4283 3278 4348 secundum
3321 4283 3396 4344 D.
3437 4279 3742 4344 Thamara,
3834 4279 3835 4282 ’

2212 4385 2284 4440 ιιι
2315 4381 2586 4440 sectione
2611 4379 2894 4458 sequenti
2927 4375 3268 4458 explicabo.

2293 4475 2352 4534 5.
2375 4471 2650 4536 Assertio
2683 4470 2905 4536 tertia:
2926 4471 3261 4553 pradictus
3289 4469 3534 4534 habitus
3559 4463 3752 4527 dixtine

2189 4567 2426 4649 mai-tur
2467 4585 2506 4630 a
2557 4565 2868 4630 almitate.
2897 4565 3144 4626 -Dico
3170 4563 3387 4626 tertios
3421 4561 3550 4624 haec
3578 4558 3751 4617 virtus

2213 4678 2340 4722 non
2362 4666 2454 4721 εει
2477 4659 2766 4735 charitaS,
2789 4659 2894 4722 sed
2923 4677 3022 4720 res
3061 4665 3126 4720 et
3145 4658 3378 4738 speeies
3409 4653 3486 4716 ab
3513 4653 3617 4714 illa
3645 4647 3752 4710 dis·

2213 4754 2428 4816 tincta.
2459 4753 2605 4816 Haec
2623 4759 2716 4814 est
2735 4760 2952 4815 contra
2973 4752 3338 4830 Gajetanum
3363 4755 3426 4810 ει
3445 4740 3750 4810 nonnullos

2215 4845 2584 4922 Themistas,
2620 4847 2730 4926 qui
2755 4845 2937 4906 illum
2965 4849 3328 4924 sequuntur.
3376 4841 3454 4902 Et
3479 4835 3750 4919 probatur

2215 4958 2294 5002 ex
2317 4940 2518 5016 dictis,
2545 4940 2771 5020 primo,
2798 4938 2949 5018 quia
2975 4937 3244 5000 charitas
3271 4953 3402 4997 non
3427 4938 3518 4996 est
3549 4947 3652 5011 per
3671 4943 3746 4999 se,

2213 5040 2277 5096 et
2324 5052 2404 5095 ex
2434 5034 2769 5094 intrinseca
2817 5033 3180 5094 necessitate
3224 5028 3392 5104 fidei,
3445 5021 3750 5103 conjuncta

2215 5145 2357 5190 cum
2373 5126 2592 5188 habitu
2609 5125 2774 5198 fidei,
2807 5125 2870 5186 id
2889 5130 3002 5199 est,
3027 5141 3108 5185 ex
3127 5128 3351 5185 natura
3374 5119 3464 5180 rei
3481 5111 3750 5194 requisita

2211 5221 2290 5282 ad
2319 5218 2686 5282 eliciendum
2707 5216 3094 5280 connaturali
3121 5215 3310 5276 modo
3333 5213 3638 5290 integrum
3663 5220 3749 5264 ac·

2214 5320 2348 5376 tum
2373 5311 2543 5387 fidei,
2572 5317 2644 5372 ut
2670 5311 2922 5372 moralis
2941 5316 3032 5371 est
3049 5316 3111 5370 ει
3141 5308 3488 5378 humanus3
3511 5318 3650 5379 ergo
3673 5301 3750 5357 est

2215 5408 2413 5468 virtus
2440 5405 2753 5466 distincta.
2785 5403 3146 5466 Declaratur
3157 5407 3450 5482 praetcrea
3477 5414 3551 5458 ex
3572 5392 3750 5472 primo

2215 5507 2360 5562 actu
2397 5497 2708 5574 credendi,
2738 5515 2886 5558 nam
2921 5497 3024 5576 pia
3051 5495 3296 5576 affectio
3325 5509 3462 5574 qnoe
3488 5489 3561 5550 ad
3595 5484 3748 5545 illum
