3900 6217
573 406 693 468 622

573 513 820 576 videtur
844 514 1008 576 inter
1039 531 1209 594 spem
1237 520 1300 576 et
1327 514 1692 577 charitatem
1727 514 1972 577 nullum
2001 535 2133 580 esse

575 607 989 669 necessarium
1048 607 1331 669 ordinem
1400 608 1466 668 in
1535 609 1638 669 via
1688 610 2127 688 generationis.

574 698 990 760 Nihilominus
1015 701 1324 762 conclusio
1345 702 1543 781 posita
1567 701 1880 781 colligitur
1899 721 1976 764 ex
1998 703 2134 764 Tri-

573 791 852 868 dentino,
879 793 1146 854 sessione
1188 800 1381 869 sexta,
1409 796 1608 874 capite
1645 800 1841 872 sexto,
1877 795 1989 856 ubi
2029 796 2133 859 de-

571 885 841 948 scribens
867 885 1149 948 ordinem
1179 888 1654 967 justificationiS,
1687 887 1957 949 secundo
1994 889 2131 950 loco

571 981 750 1059 ponit
783 998 981 1060 spem,
1023 982 1212 1042 tertio
1237 981 1624 1058 charitatem,
1655 989 1718 1044 et
1745 983 1962 1044 eodem
1998 1001 2134 1044 mo-

571 1072 651 1132 do
674 1080 1084 1135 numerantur
1107 1075 1173 1135 in
1205 1091 1377 1134 sacra
1395 1075 1712 1155 Scriptura
1740 1082 1801 1136 et
1827 1074 2125 1137 Patribus.

571 1166 874 1227 Praeterea
901 1185 940 1228 a
961 1167 1278 1247 posteriori
1317 1167 1613 1248 probatur
1643 1189 1658 1228 :
1687 1185 1834 1229 nam
1873 1187 2010 1249 spes
2038 1175 2131 1230 est

569 1259 846 1322 medinm
867 1261 1280 1322 necessarium
1303 1260 1383 1322 ad
1411 1261 1693 1338 salutem,
1721 1268 1792 1322 ut
1819 1261 2129 1341 colligitur

571 1371 644 1414 ex
695 1351 801 1415 illo
846 1355 924 1414 ad
965 1355 1272 1415 Romanos
1313 1359 1574 1415 octavo:
1612 1354 1739 1437 Spe
1772 1356 1928 1418 salvi
1970 1354 2131 1435 facti

570 1463 818 1519 sumum
837 1453 898 1508 ct
940 1449 1142 1528 prima
1159 1447 1236 1507 ad
1265 1446 1833 1509 Thessalonicenses
1856 1457 2079 1528 quarto
2106 1465 2123 1510 τ

577 1540 696 1614 Qui
723 1560 826 1623 spo
849 1548 1071 1616 carent,
1112 1543 1386 1604 damnati
1413 1542 1738 1615 dicuntum
1771 1547 1832 1605 et
1861 1543 2000 1604 ideo
2025 1561 2126 1604 ca-

571 1635 701 1715 pite
731 1635 948 1714 quinto
980 1653 1116 1714 spes
1155 1634 1380 1695 dicitur
1423 1635 1601 1715 palca
1649 1635 1918 1708 saluti-n
1958 1635 2126 1697 idem

567 1729 880 1808 colligitur
907 1745 983 1789 ex
1007 1727 1392 1804 Tridentino,
1413 1730 1677 1789 sessione
1705 1735 1895 1805 sexta,
1928 1729 2127 1810 capite

569 1827 764 1897 sexto,
807 1827 870 1881 et
909 1822 1106 1900 capite
1150 1821 1357 1896 tertio,
1389 1826 1451 1881 et
1489 1821 1788 1900 vigoeimo
1822 1821 2122 1900 septim03

567 1922 630 1976 et
651 1914 996 1980 Ambrosio.
1030 1913 1187 1974 libro
1237 1914 1440 1993 primo
1468 1913 1546 1976 de
1599 1915 1993 1992 Poeuitentia,
2031 1933 2128 1977 ca-

568 2009 697 2090 pite
721 2007 981 2070 ultimo:
1011 2005 1247 2072 Nullus
1271 2025 1474 2070 veram
1513 2009 1929 2090 paenitmtiam
1970 2009 2123 2089 ayit,

565 2103 692 2164 nisi
716 2101 821 2183 qui
842 2107 1079 2184 sperat,-
1109 2101 1274 2161 idem
1303 2101 1409 2162 alii
1439 2102 1645 2162 Patres
1666 2124 1682 2177 3
1715 2119 1862 2181 ergo
1884 2119 2125 2163 necesse

567 2201 661 2257 est
689 2203 760 2256 ut
787 2202 960 2257 actus
985 2195 1114 2276 spei
1147 2196 1469 2256 antecedat
1505 2203 1715 2256 actum
1756 2195 2078 2257 charitatis
2102 2219 2121 2272 ;

565 2307 714 2351 nam
743 2291 795 2349 si
821 2297 958 2369 post
1003 2289 1190 2350 fidem
1228 2290 1583 2350 immediate
1616 2289 1950 2350 haberetur
1978 2291 2123 2352 cha-

563 2383 739 2458 ritas,
763 2383 898 2461 jam
927 2389 1084 2443 esset
1103 2383 1350 2462 justitia
1388 2383 1521 2444 sine
1560 2389 1704 2443 actu
1765 2385 1917 2463 spei.
1962 2385 2123 2444 Prae-

567 2481 735 2537 terea
757 2477 914 2538 ratio
955 2476 1144 2554 huJus
1175 2476 1411 2538 ordinis
1463 2477 1627 2536 sumi
1665 2481 1862 2556 potest
1889 2495 2017 2539 non
2046 2494 2124 2539 ex

567 2568 807 2629 actibus
856 2569 1190 2630 secundum
1249 2587 1314 2630 se
1370 2569 1792 2646 consideratis,
1847 2576 1918 2631 ut
1967 2571 2123 2632 ratio

565 2662 725 2724 facta
746 2662 984 2742 probat,
1015 2661 1119 2724 sed
1150 2681 1226 2723 ex
1257 2663 1518 2742 subJecti
1544 2664 2031 2744 imperfectione,
2061 2669 2125 2724 et

565 2775 641 2818 ex
683 2755 922 2817 ratione
977 2762 1041 2818 et
1091 2756 1280 2818 modo
1321 2757 1547 2817 divinoe
1588 2758 1827 2836 gratiae,
1864 2775 2005 2838 quae
2060 2775 2125 2819 se

564 2849 1301 2929 accommodatsubjecto,
1333 2855 1396 2911 et
1423 2850 1572 2911 illud
1607 2850 1886 2912 sublevat
1922 2851 1997 2912 ad
2024 2870 2124 2912 su-

562 2943 982 3022 pernaturalia
1038 2944 1222 3004 modo
1276 2941 1368 3003 illi
1433 2951 1846 3005 consentaneo
1866 2991 1882 3020 ,
1937 2951 2123 3025 atque

562 3036 718 3097 adeo
755 3035 1056 3117 paulatim
1082 3035 1465 3116 procedendo
1519 3036 1598 3098 ab
1639 3035 1996 3118 imperfecto
2042 3037 2120 3099 ad

563 3129 940 3208 perfectuum
977 3131 1126 3210 quia
1151 3147 1302 3208 ergo
1333 3147 1512 3190 amor
1543 3128 1857 3191 charitatis
1887 3131 2121 3211 perfec-

560 3223 832 3284 tissimus
887 3229 1000 3298 est,
1039 3223 1180 3283 ideo
1217 3223 1390 3303 prius
1445 3223 1760 3284 inducitur
1813 3223 2002 3285 homo
2040 3224 2120 3285 ad

557 3316 896 3378 amandum
915 3317 1106 3377 Deum
1135 3321 1204 3376 ut
1231 3317 1462 3376 bonum
1489 3323 1761 3393 suum,et
1779 3317 1852 3378 ad
1871 3335 2121 3397 sperau-

558 3409 711 3472 dum
739 3409 820 3470 ab
852 3408 960 3470 illo
1001 3411 1276 3470 maxima
1296 3409 1483 3486 bona,
1515 3418 1586 3470 ut
1615 3409 1760 3472 inde
1799 3413 2120 3491 perveniat

557 3505 635 3564 ad
655 3503 995 3566 amandum
1015 3503 1194 3564 illum
1225 3521 1335 3584 per
1362 3523 1425 3566 se
1450 3519 1633 3581 ;nam
1665 3507 2011 3570 amicabilia
2042 3507 2127 3570 ad

557 3599 819 3664 alterum
846 3616 917 3661 ea
939 3598 1349 3662 amicabilibus
1380 3601 1464 3664 ad
1483 3619 1582 3673 εκ
1605 3605 1668 3661 ct
1699 3600 1776 3660 de
1803 3599 1921 3660 hoc
1948 3617 2119 3660 amo-

559 3711 626 3756 re
663 3695 1169 3776 concupiscentioe
1217 3695 1457 3756 locutus
1495 3700 1588 3755 est
1629 3695 2009 3774 Augustinus
2052 3695 2119 3756 in

560 3789 938 3866 Euchiridio,
961 3791 1160 3869 capite
1187 3790 1250 3867 8,
1281 3787 1392 3850 ubi
1424 3791 1551 3851 ait:
1590 3789 1746 3871 Spe-5
1769 3789 1898 3853 sinc
1915 3805 2116 3852 amoro

555 3900 680 3947 cccc
733 3899 854 3946 non
886 3888 1106 3966 potest.
1157 3883 1312 3945 Nam
1376 3883 1508 3944 sine
1564 3900 1774 3945 amore
1825 3883 2116 3945 amicitiae

555 3979 847 4059 perfecto,
903 3979 1169 4060 spemin
1209 3982 1528 4058 peccatore
1566 3977 1823 4058 reperiri
1851 3982 2111 4039 constat.

555 4073 860 4134 Praeterea
911 4070 1174 4134 intentio
1216 4070 1382 4140 finis,
1425 4075 1486 4131 et
1523 4068 1924 4131 beatitudiuis
1951 4089 2117 4132 com-

555 4164 874 4254 parandas,
927 4165 1104 4226 nobis
1156 4164 1324 4244 prior
1368 4169 1460 4226 est
1513 4181 1702 4243 quam
1753 4162 1910 4225 alius
1945 4170 2117 4224 actus

557 4258 827 4338 amoris;
869 4257 981 4319 illa
1013 4264 1221 4318 autem
1277 4258 1542 4319 intentio
1587 4263 1680 4318 est
1730 4261 1902 4318 actus
1943 4257 2115 4337 spei;

557 4369 730 4430 ergo,
773 4358 890 4413 etc.
935 4352 1196 4412 Demum
1239 4359 1413 4411 actus
1466 4349 1785 4411 charitatis
1823 4349 2117 4429 supponit

555 4445 794 4524 reliqua
819 4443 1161 4506 necessaria
1202 4443 1281 4504 ad
1319 4442 1593 4504 debitam
1622 4441 2114 4522 dispositionem,

555 4543 620 4598 et
655 4536 1056 4599 obtinendam
1095 4537 1525 4598 remissionem
1566 4535 1795 4616 culpoe3
1830 4552 1957 4595 una
2008 4555 2119 4596 au·

554 4639 683 4692 tem
712 4648 788 4693 ex
813 4630 1313 4710 dispositionibus
1350 4634 1441 4692 est
1469 4647 1605 4709 spes
1639 4629 1858 4690 veniae.
1887 4628 2119 4690 Adver-

555 4723 816 4786 tendum
843 4729 936 4785 est
959 4729 1167 4784 autem
1204 4722 1376 4784 hunc
1396 4723 1676 4783 ordinem
1707 4739 1833 4782 non
1861 4739 1991 4783 esse
2013 4739 2119 4783 ne·

555 4818 887 4880 cessarium
953 4815 1293 4878 secundum
1349 4814 1742 4876 durationem
1797 4812 2114 4893 temporis,

557 4911 664 4972 sed
707 4915 952 4972 tantum
999 4908 1339 4971 secundum
1369 4908 1650 4970 ordinem
1707 4914 1981 4982 namrae3
2022 4907 2119 4967 in·

554 5001 802 5064 terdum
842 5007 1051 5064 tamen
1088 5001 1224 5063 fieri
1253 5005 1457 5082 potest
1496 5007 1566 5061 ut
1620 5000 1808 5061 etiam
1842 5007 2120 5079 tempore

555 5113 694 5174 spes
721 5096 1025 5176 praecedat
1061 5095 1451 5170 charitatem,
1498 5097 1570 5153 ut
1611 5093 1680 5153 in
1731 5093 1995 5155 materia
2042 5091 2119 5152 de

554 5188 767 5250 Gratia
803 5188 880 5249 de
919 5188 1038 5249 hoc
1073 5195 1302 5268 puncto
1327 5203 1401 5248 ac
1427 5185 1506 5248 de
1529 5191 1659 5247 tota
1682 5185 1949 5247 secunda
1974 5202 2119 5246 con·

553 5280 824 5342 elusione
849 5281 1088 5342 dictum
1111 5286 1204 5342 est
1235 5285 1280 5340 ¹.

635 5479 655 5512 ²
688 5472 822 5534 Lib.
854 5475 894 5534 8
919 5471 996 5533 de
1014 5471 1213 5548 Grat.,
1237 5469 1418 5532 c.‘19.

1034 415 1269 468 msrn‘r.
1303 416 1343 467 1.
1375 413 1800 468 srssanAnvA
1833 417 1912 468 DE
1944 417 2215 471 vinnm:
2246 419 2380 471 svm
2413 417 2753 472 commi-:Ns
2784 418 3116 472 ssscrloNEs
3147 418 3318 473 ocTo.

2807 625 3023 678 SECTlO
3054 625 3180 679 vm.

2427 793 2516 855 Dc
2557 789 2873 855 duratione
2895 793 2956 854 ct
3002 787 3373 872 corruptioni
3397 792 3533 874 spei.

2294 985 2353 1046 l.
2398 981 2619 1048 Prima
2659 981 2956 1046 conclusio
3012 981 3354 1063 tripartita.
3382 1016 3454 1027 -—
3476 981 3708 1048 Primum

2213 1077 2453 1142 dubium
2506 1079 2671 1141 circa
2716 1075 2829 1138 lias
2867 1076 3018 1138 dua-5
3055 1082 3285 1154 partes.
3312 1111 3389 1121 —
3418 1075 3706 1142 Secundam

2210 1171 2556 1234 dubium—
2584 1167 2974 1233 Tertium.--
3002 1169 3145 1229 Dico
3170 1169 3367 1249 primo
3414 1187 3565 1248 spem
3608 1189 3707 1232 cor-

2207 1264 2415 1344 rumpi
2464 1282 2573 1344 per
2621 1271 2829 1324 actum
2874 1261 3279 1338 infidelitatis,
3311 1260 3405 1321 vel
3444 1263 3708 1342 proprium
3808 1313 3810 1338 2

2209 1363 2414 1418 actum
2447 1355 2566 1417 sibi
2599 1355 2827 1417 directe
2855 1356 3234 1417 contrarium
3252 1401 3273 1431 ,
3310 1373 3431 1415 non
3460 1374 3589 1415 vcro
3630 1376 3710 1435 per

2210 1451 2332 1512 alia
2354 1457 2601 1529 peccata
2625 1449 2929 1511 mortalia.
2965 1449 3171 1510 Prima
3200 1463 3341 1530 pars
3380 1455 3467 1509 est
3490 1457 3631 1508 certa
3652 1469 3708 1510 ex

2209 1543 2388 1605 dictis
2442 1543 2511 1605 in
2562 1543 2949 1624 praecedente
2997 1541 3292 1614 sectione,
3323 1541 3466 1621 quia
3492 1540 3621 1601 fides
3643 1549 3710 1603 est

2206 1636 2683 1700 fundamentum
2720 1636 2870 1717 spei.
2904 1634 3189 1698 Secunda
3216 1641 3387 1715 patet
3434 1635 3610 1714 primo
3654 1655 3711 1698 ex

2208 1729 2481 1811 generali
2538 1731 2892 1791 conditione
2948 1727 3195 1790 virtutis
3256 1727 3469 1788 infusas
3524 1731 3564 1803 ¹,
3611 1749 3712 1808 quae

2206 1827 2517 1889 amittitur
2550 1844 2661 1906 per
2686 1831 2890 1886 actum
2926 1823 3045 1884 sibi
3070 1821 3475 1898 contrarium,
3504 1827 3565 1881 ut
3604 1843 3714 1884 con-

2204 1923 2326 1978 stat
2386 1935 2462 1978 ex
2494 1919 2614 1979 tide
2655 1922 2720 1979 et
2774 1917 3097 1978 charitate.
3140 1915 3446 1991 Secundo,
3485 1916 3611 1994 quia
3634 1917 3714 1994 qui

2205 2010 2485 2090 desperat
2528 2011 2591 2070 in
2637 2029 2766 2071 una
2795 2012 3055 2071 materia
3088 2008 3430 2070 necessaria
3475 2007 3547 2067 ad
3594 2009 3716 2068 salu-

2205 2107 2356 2178 tem,
2378 2103 2776 2184 indispositus
2800 2108 3009 2164 manet
3030 2101 3107 2162 ad
3136 2118 3390 2161 omnem
3416 2106 3599 2160 actum
3618 2101 3717 2178 spei
3814 2095 3816 2156 3

2206 2194 2599 2273 eliciendum,
2616 2195 2765 2276 quia
2792 2214 2918 2256 non
2944 2201 3034 2255 est
3064 2194 3268 2274 major
3298 2193 3455 2253 ratio
3482 2191 3719 2274 sperandi

2204 2305 2404 2350 unum
2460 2308 2647 2369 quam
2708 2288 2912 2363 aliud3
2970 2295 3031 2349 et
3070 2289 3177 2367 qui
3225 2287 3508 2366 desperat
3532 2285 3599 2346 ab
3624 2305 3720 2346 uno

2204 2382 2413 2443 medio
2466 2381 2851 2458 necessario,
2911 2386 3363 2462 consequenter
3414 2379 3720 2462 desperata
3817 2437 3818 2440 ,

2202 2473 2344 2536 fide.
2373 2475 2491 2537 Sed
2519 2493 2755 2554 quaeres
2784 2493 2865 2536 an
2894 2475 3221 2536 amittatur
3248 2493 3386 2555 spes
3410 2492 3515 2554 per
3553 2473 3720 2552 despe-

2202 2569 2510 2631 rationem
2554 2569 2631 2630 dc
2661 2587 2726 2630 re
2782 2586 2911 2630 non
2954 2569 3301 2629 necessaria
3353 2567 3427 2628 ad
3476 2566 3716 2642 salutem,

2203 2661 2309 2722 sed
2344 2661 2541 2722 solum
2572 2661 2651 2722 ad
2693 2662 2894 2742 majus
2929 2661 3251 2741 spirituale
3280 2661 3532 2736 bonum,
3562 2659 3712 2719 etiam

2204 2751 2272 2815 in
2301 2771 2373 2817 eo
2414 2772 2558 2816 casu
2587 2773 2709 2835 quo
2745 2755 3088 2834 desperatio
3116 2761 3279 2814 esset
3304 2751 3649 2824 inordinata,
3674 2753 3719 2812 et

2202 2855 2524 2928 peccatum
2550 2848 2834 2909 mortale.
2870 2847 3300 2928 Respondetur
3336 2847 3440 2907 vix
3468 2863 3625 2926 posse
3652 2849 3719 2904 ta·

2200 2941 2325 3001 lem
2351 2949 2555 3002 actum
2587 2959 2713 3002 esse
2743 2953 3062 3022 peccatum
3094 2939 3382 3016 mortale,
3412 2939 3513 3000 sed
3560 2937 3605 2998 si
3646 2937 3718 2996 in-

2202 3035 2446 3096 terdum
2483 3040 2639 3096 esset
2668 3051 2851 3095 causa
2891 3033 3156 3114 alicujus
3186 3031 3403 3112 magui
3431 3029 3719 3112 spiritualis

2202 3133 2583 3202 nocumenti,
2607 3145 2733 3189 non
2758 3125 2939 3188 credo
2967 3134 3177 3187 tamen
3204 3123 3512 3205 perillum
3542 3129 3717 3183 actum

2202 3221 2405 3280 amitti
2434 3237 2629 3301 spem,
2662 3219 2813 3300 quia
2850 3219 2958 3280 illa
2986 3220 3143 3280 ratio
3192 3220 3435 3300 peccati
3488 3215 3721 3278 mortalis

2202 3331 2329 3374 non
2375 3320 2467 3375 est
2508 3331 2587 3374 ex
2614 3313 2847 3374 directa
2888 3313 3274 3392 oppositione
3304 3327 3445 3372 cum
3479 3328 3598 3390 spe,
3639 3305 3721 3368 sed

2198 3407 2451 3468 aliunde
2498 3414 2561 3468 et
2588 3427 2665 3468 ex
2720 3407 3019 3468 accidenti
3036 3422 3057 3484 3
3086 3423 3238 3468 nam
3283 3421 3426 3466 cum
3478 3403 3581 3466 tali
3606 3410 3720 3463 actu

2198 3506 2400 3580 posset
2448 3517 2583 3580 spes
2638 3500 2967 3562 consistere
3018 3499 3095 3561 de
3126 3497 3509 3560 beatitudine
3552 3512 3721 3556 conse-

2198 3593 2445 3674 quenda
2470 3613 2582 3674 per
2605 3595 2813 3655 media
2840 3593 3211 3668 necessaria,
3244 3589 3524 3672 quamvis
3550 3591 3724 3649 minus

2198 3688 2491 3766 perfecta.
2512 3687 2815 3760 Secund0,
2841 3687 3040 3765 quaeri
3062 3691 3261 3765 potest
3292 3703 3374 3746 an
3402 3701 3509 3766 per
3524 3685 3725 3743 morta-

2198 3781 2321 3842 lem
2342 3787 2403 3842 et
2424 3779 2799 3861 culpabilem
2828 3779 3229 3840 omissionem
3259 3779 3391 3860 spei
3419 3779 3724 3838 destruatur

2196 3874 2331 3935 haec
2366 3873 2583 3936 virtus,
2621 3873 3049 3952 Respondetur
3092 3891 3222 3933 non
3266 3871 3465 3952 perdi,
3500 3869 3639 3930 sicut
3670 3867 3723 3925 in

2197 3966 2386 4029 simili
2412 3966 2685 4028 diximus
2708 3966 2785 4026 de
2824 3963 2987 4042 fide3
3014 3971 3106 4026 est
3135 3964 3309 4026 enim
3337 3961 3545 4024 eadem
3568 3960 3715 4020 ratio.

2197 4060 2427 4136 Tertio,
2456 4058 2649 4140 quaeri
2668 4064 2868 4138 potest
2887 4075 2967 4119 an
2990 4057 3289 4138 perdatur
3318 4073 3427 4137 per
3446 4059 3719 4136 peccatum

2197 4153 2714 4235 praesumptionis.
2775 4152 2891 4214 Sed
2942 4151 3018 4212 ad
3081 4149 3201 4212 hoc
3253 4147 3716 4230 respondebimus

2196 4247 2443 4324 melius,
2480 4253 2805 4329 postquam
2846 4245 3364 4326 explicaverimus
3422 4243 3563 4304 illud
3606 4257 3716 4322 pec·

2198 4347 2429 4402 catum.

2274 4435 2336 4494 2.
2386 4432 2601 4498 Tertia
2618 4450 2770 4513 pars
2791 4431 3192 4497 conclusionis
3215 4431 3509 4514 probam
3544 4429 3717 4489 contra

2198 4526 2822 4589 lemavos—Tertia
2837 4543 2979 4606 pars
2997 4523 3411 4586 conclusionis
3433 4527 3519 4584 est
3540 4524 3718 4580 contra

2199 4619 2521 4682 haereticos
2564 4619 2752 4700 hujus
2794 4619 3111 4701 temporis,
3160 4617 3295 4697 qui,
3342 4631 3481 4678 cum
3520 4613 3718 4694 ponant

2190 4713 2701 4794 justificationem
2743 4715 2811 4774 in
2858 4712 2966 4774 illa
3012 4711 3262 4786 fiducia,
3315 4709 3719 4786 consequenter

2198 4813 2433 4886 negant
2467 4820 2639 4888 spem
2680 4823 2855 4886 posse
2891 4821 3147 4866 manere
3196 4805 3331 4865 sine
3376 4799 3620 4881 institia,
3656 4807 3716 4852 ex

2198 4919 2321 4981 quo
2354 4905 2637 4980 sequitur
2676 4899 2813 4960 tolli
2854 4917 2967 4978 per
2996 4915 3181 4958 omne
3233 4901 3543 4976 peccatum
3582 4903 3719 4948 mor·

2198 4993 2323 5054 tale
2339 5015 2360 5070 3
2409 4993 2512 5054 sed
2552 4991 2862 5053 conclusio
2890 4989 3205 5069 colligitur
3248 5007 3328 5050 cx
3368 4981 3716 5051 Tridentino,

2198 5087 2467 5148 sessione
2489 5088 2551 5161 6,
2574 5087 2756 5166 capit.
2792 5087 2893 5160 12,
2916 5090 2981 5146 et
3006 5083 3170 5165 quod
3205 5082 3430 5143 attinet
3446 5075 3522 5139 ad
3544 5081 3717 5136 actum

2199 5179 2353 5260 spei,
2369 5179 2447 5241 de
2476 5178 2597 5240 fide
2625 5184 2717 5240 est
2739 5185 2976 5240 certum
2998 5195 3177 5258 posse
3194 5193 3323 5238 esse
3346 5174 3411 5234 in
3440 5167 3621 5248 coqui
3644 5175 3719 5224 est

2198 5275 2267 5334 in
2292 5278 2541 5352 peccato
2564 5271 2834 5346 mortali,
2852 5276 2917 5332 et
2942 5271 3166 5332 clarius
3190 5267 3452 5331 sessione
3464 5263 3717 5337 stenno-

2196 5383 2279 5428 ne
2298 5367 2399 5445 14,
2428 5364 2802 5430 aemtioncm
2844 5381 2979 5428 cum
3000 5380 3105 5447 spe
3142 5361 3329 5426 venia
3366 5373 3489 5422 mc
3528 5353 3719 5416 mm

2282 5561 2299 5596 ¹
2346 5553 2569 5617 videl.
2601 5559 2671 5620 11
2707 5553 2785 5616 de
2805 5553 3042 5629 Gratia,
3074 5569 3132 5614 c.
3164 5551 3203 5614 6
3228 5555 3288 5611 et
3316 5547 3376 5610 7.
