3900 6217
553 367 672 428 '150

549 473 695 534 dere
725 472 828 550 jus
857 487 1037 530 suum
1065 487 1173 548 per
1200 467 1530 549 prudentes
1553 475 1616 528 et
1643 467 1855 528 doctos
1894 465 2101 525 viros:

551 581 816 644 quorum
843 562 1148 641 judicium
1188 561 1258 638 (si
1288 581 1397 642 per
1425 561 1577 622 illud
1604 560 1736 621 sibi
1763 563 2003 620 constat
2028 555 2106 616 de

551 657 685 736 jure
721 657 857 734 suo)
900 655 1077 733 sequi
1113 660 1332 734 potest,
1376 655 1582 733 sicque
1619 671 1746 714 non
1791 638 2107 712 tenebitur

551 756 712 812 stare
739 749 1004 812 aliorum
1027 747 1282 826 judicio.
1317 748 1495 810 Ratio
1539 761 1656 822 est,
1687 745 1832 824 quia
1872 744 1962 803 ita
2010 747 2107 803 est

547 843 624 904 de
650 842 768 903 hoc
781 843 926 920 jure
950 841 1376 919 Ju‹iicandum‚
1401 841 1557 900 sicut
1575 840 1650 901 de
1685 843 1852 917 justa
1870 836 1980 896 lite
1992 851 2014 911 3
2040 835 2105 896 in

541 936 710 1013 justo
725 941 932 995 autem
946 934 1176 1013 judicio
1195 932 1319 994 duo
1347 933 1776 994 intenduntur.
1795 929 2001 990 Unum
2012 931 2105 988 est

547 1046 810 1090 examen
859 1045 1078 1100 causae,
1137 1031 1199 1086 et
1247 1026 1518 1102 cognitio
1569 1023 1728 1103 juris
1783 1022 2105 1098 utriusque

548 1122 760 1201 partiS‚
779 1121 882 1181 cui
901 1119 1148 1198 negotio
1163 1119 1502 1180 necessaria
1516 1135 1642 1176 non
1661 1121 1752 1176 est
1769 1113 2104 1193 juridictiO,

545 1215 653 1276 sed
697 1214 950 1274 scientia
985 1213 1188 1291 potius
1229 1219 1291 1276 at
1341 1211 1706 1290 prudentia3
1762 1206 1930 1286 quia,
1961 1223 2105 1266 cum

545 1326 674 1368 non
701 1307 1063 1368 intendatur
1090 1323 1199 1385 per
1241 1304 1498 1380 bellum,
1531 1303 1633 1364 sed
1666 1301 1828 1362 bello
1878 1316 2105 1378 suppo·

544 1407 750 1477 natur,
777 1419 903 1462 non
931 1407 1022 1460 est
1053 1418 1161 1458 cur
1183 1397 1428 1458 arbitris
1455 1398 1535 1458 sit
1561 1393 2097 1456 committendum.

545 1494 822 1556 Alterum
879 1499 968 1554 est
1005 1492 1286 1554 executio
1323 1491 1480 1569 juris
1505 1490 1634 1568 jam
1663 1485 1993 1567 patefacti3
2026 1484 2104 1545 ad

543 1587 660 1648 hoc
689 1605 832 1648 vero
853 1585 1200 1664 jurisdictio
1240 1581 1607 1663 postulatur,
1649 1597 1837 1658 quam
1881 1595 1990 1658 per
2038 1595 2105 1638 se

541 1679 730 1740 habet
777 1695 1103 1757 supremus
1153 1677 1460 1756 princepS‚
1505 1674 1754 1754 quando
1781 1673 1936 1733 alias
1984 1671 2101 1732 sibi

542 1779 781 1834 constat
803 1773 951 1834 satis
997 1771 1076 1832 de
1115 1771 1290 1848 jure;
1317 1775 1464 1830 tunc
1501 1787 1652 1845 ergo
1702 1784 1828 1827 non
1868 1773 1961 1826 est
1993 1783 2103 1824 cur

543 1872 867 1944 expectare
889 1871 1173 1924 teneatur
1209 1862 1462 1924 alterius
1501 1859 1848 1933 arbitrium,
1883 1875 2102 1936 quam·

539 1958 632 2018 vis
663 1959 888 2020 debeat
917 1958 1086 2036 justa
1133 1961 1310 2036 pacta
1360 1962 1701 2034 acceptare,
1744 1953 1794 2014 si
1835 1951 2099 2012 offeran-

538 2057 662 2114 tur.

620 2147 678 2206 ·1.
728 2143 1008 2209 Secunda
1035 2142 1332 2204 conclusio
1351 2140 1646 2221 bipartita
1677 2158 1792 2221 pro
1817 2139 2091 2202 ducibus.

537 2269 619 2284 -—
647 2239 790 2298 Dico
817 2236 1083 2298 secundo
1117 2251 1133 2294 ε
1160 2235 1364 2305 (16665,
1389 2241 1451 2294 et
1499 2233 1606 2293 alii
1647 2234 1952 2312 principes
2002 2249 2093 2292 re-

537 2331 670 2408 gni,
703 2329 941 2409 quoties
967 2329 1046 2390 ad
1093 2327 1420 2388 eonsilium
1465 2337 1782 2399 vocantur,
1816 2333 1882 2384 ut
1932 2323 2097 2403 judi-

539 2426 704 2485 cium
733 2424 940 2486 ferant
961 2422 1038 2484 de
1068 2421 1227 2482 116110
1268 2421 1644 2496 inchoando,
1671 2426 1964 2480 tenentur
1994 2436 2096 2478 ve-

537 2519 784 2580 ritatem
813 2517 1143 2594 diligenter
1185 2515 1527 2594 inquirere;
1557 2532 1684 2574 non
1739 2513 1938 2574 vocati
1988 2530 2098 2572 au-

536 2618 686 2684 tem,
717 2629 844 2672 non
889 2609 1088 2688 magis
1131 2607 1488 2685 obligantur
1529 2624 1716 2686 quam
1769 2605 1874 2666 aiii
1929 2623 2097 2666 corn-

536 2722 758 2766 munes
786 2702 1038 2764 milites,
1077 2703 1249 2762 Prior
1285 2719 1425 2780 pars
1451 2700 1668 2778 liquet,
1705 2700 1850 2778 quia
1899 2697 2097 2758 vocati

536 2807 844 2860 tenentur
874 2815 950 2860 ex
1001 2797 1240 2875 justitia
1285 2797 1524 2874 justum
1571 2794 1891 2854 consilium
1921 2791 2092 2866 dare,

534 2892 684 2953 alias
713 2891 834 2952 illis
861 2890 1294 2967 imputabitur,
1325 2888 1376 2948 si
1425 2907 1546 2966 qua
1574 2887 1762 2948 fuerit
1791 2885 2097 2963 injustitia

533 2985 599 3044 in
641 2985 824 3046 bello.
861 2984 1163 3044 Posterior
1189 2981 1505 3062 probatur,
1537 2982 1684 3060 quia
1735 2999 1862 3040 non
1894 2979 2090 3040 vocati

528 3078 656 3157 jam
689 3097 754 3140 se
783 3082 1009 3156 gerunt
1040 3076 1106 3136 in
1137 3076 1252 3136 hoc
1285 3075 1556 3153 negotio,
1589 3081 1660 3133 ut
1706 3072 1931 3153 privati
1976 3071 2091 3132 mi-

530 3173 690 3247 lites,
709 3178 1076 3250 tantumque
1107 3174 1460 3244 moventur,
1477 3186 1604 3228 non
1634 3184 1779 3228 vero
1808 3171 2085 3240 movent;

531 3285 640 3346 per
668 3266 1070 3344 accidensque
1099 3271 1192 3326 est
1215 3263 1382 3344 quod
1421 3263 1548 3322 sint
1583 3258 1820 3320 nobiles
1861 3266 1971 3320 aut
1996 3258 2090 3318 di·

530 3359 704 3420 vites·
741 3358 930 3420 Addit
957 3365 1166 3420 tamen
1208 3357 1478 3418 Victoria
1521 3373 1730 3432 supra,
1763 3371 1839 3414 ex
1891 3351 2088 3412 chari-

528 3457 656 3512 tate
701 3452 901 3514 teneri
953 3451 1066 3512 hos
1111 3450 1408 3528 justitiam
1463 3447 1609 3508 belli
1651 3447 1988 3525 inquirere,
2020 3450 2089 3506 ut

529 3545 906 3606 admoneant
933 3543 1184 3624 quando
1206 3541 1566 3621 oportuerit.
1589 3541 1821 3600 Verum
1852 3538 1902 3598 si
1937 3537 2089 3598 obli·

529 3641 698 3718 gatio
737 3646 830 3700 est
861 3657 937 3700 ex
959 3638 1092 3700 sola
1117 3637 1438 3710 charitate,
1469 3633 1721 3694 habebit
1751 3632 1952 3694 locum
1994 3649 2088 3692 so·

528 3733 844 3794 lummodo
897 3739 1170 3811 tempore
1230 3727 1631 3792 necessitatis.
1682 3724 1858 3786 Unde
1910 3725 2085 3800 alias,

528 3846 638 3907 per
666 3845 730 3888 56
757 3825 1086 3905 loquendo,
1115 3841 1238 3884 non
1264 3821 1660 3884 tenebuntur.

606 3921 667 3982 8.
717 3920 930 3983 Tertia
953 3917 1250 3982 conclusio
1283 3933 1394 3995 pro
1421 3914 1823 3980 communibus
1867 3909 2086 3975 militi-

531 4014 661 4076 bus.
686 4045 764 4056 -
783 4014 930 4074 Dico
960 4011 1140 4072 tertio
1172 4026 1189 4069 :
1217 4024 1578 4072 communes
1605 4006 1834 4068 milites
1857 4003 2091 4066 subditi

533 4106 886 4185 principum
941 4104 1178 4166 nullam
1231 4101 1614 4180 diligentiam
1663 4098 1954 4161 adhibere
2000 4105 2090 4158 te·

529 4205 783 4274 nentur,
839 4197 946 4258 sed
995 4197 1194 4259 vocati
1243 4195 1318 4257 ad
1379 4194 1616 4258 bellum
1671 4194 1762 4254 irc
1807 4195 2089 4271 possunt,

528 4291 870 4354 dummodo
891 4291 1012 4352 illis
1033 4309 1158 4351 non
1187 4294 1426 4350 constet
1445 4306 1574 4350 esse
1595 4287 1918 4365 injustum.
1942 4285 2087 4345 Pro-

525 4386 734 4460 batur,
756 4391 890 4445 tum
913 4384 1059 4463 quia
1085 4383 1336 4462 quando
1357 4383 1434 4442 iis
1459 4380 1759 4442 militibus
1786 4397 1913 4440 non
1941 4396 2087 4438 con-

529 4485 649 4540 stat
695 4479 772 4540 de
815 4477 1122 4556 injustitia
1180 4475 1351 4551 belli,
1381 4474 1708 4539 consilium
1757 4489 2086 4535 commune

526 4574 820 4654 principis
853 4581 916 4632 et
959 4572 1139 4650 regni
1165 4571 1312 4632 satis
1333 4569 1458 4632 illis
1513 4575 1604 4632 est
1645 4569 1724 4630 ad
1766 4568 2079 4641 eundum3

527 4676 662 4728 tum
701 4668 886 4728 etiam
907 4666 1054 4746 quia
1077 4664 1330 4739 subditi,
1353 4663 1420 4722 in
1449 4663 1637 4724 dubio
1657 4659 2081 4741 (speculativo,

525 4760 802 4836 scilicet),
855 4763 1147 4820 tenentur
1197 4755 1448 4818 obedire
1503 4756 1828 4834 superiori,
1884 4752 2083 4830 capite

533 4855 693 4929 Quid
735 4853 1048 4934 culpatur,
1095 4853 1196 4922 23,
1237 4869 1300 4930 q.
1354 4854 1416 4924 1,
1457 4867 1536 4910 ex
1585 4849 1959 4928 Augustino,
2002 4849 2079 4906 22

524 4961 739 5009 contra
763 4947 1084 5019 Faustum,
1115 4945 1298 5023 capit.
1329 4945 1440 5018 '¹153
1466 4943 1653 5022 idque
1701 4941 1937 5020 optima
1982 4957 2082 4999 ra-

523 5042 716 5102 tione.
746 5041 901 5101 Nam
931 5039 998 5099 in
1027 5037 1231 5098 dubiis
1253 5036 1446 5098 tutior
1472 5054 1613 5115 pars
1637 5041 1727 5096 est
1750 5031 2035 5113 eligenda
2058 5045 2080 5109 3

524 5151 667 5196 cum
695 5139 905 5194 autem
935 5131 1218 5211 princeps
1255 5129 1562 5209 possideat
1583 5128 1686 5206 jus
1723 5145 1928 5204 suum,
1982 5135 2082 5186 tu-

523 5227 648 5288 tius
695 5233 788 5286 est
833 5224 926 5284 illi
986 5223 1258 5284 obedire.
1305 5220 1722 5284 confirmatur
1776 5222 2076 5282 assertio:

525 5337 673 5381 nam
701 5319 981 5379 minister
987 5315 1218 5394 judicis
1230 5320 1430 5395 potest
1463 5315 1682 5392 exequi
1709 5315 2079 5374 sententiam

523 5412 698 5472 nullo
723 5409 1038 5490 praemisso
1063 5409 1374 5483 examine,
1399 5406 1740 5468 dummodo
1781 5424 1909 5466 non
1931 5423 2080 5468 eon-

523 5513 643 5568 5161
665 5523 797 5567 6556
825 5505 1116 5582 injustam
1183 5502 1382 5582 Atque
1410 5503 1542 5564 haec
1585 5507 1680 5564 est
1729 5501 2079 5564 communis

1581 364 1818 420 msrur.
1853 363 1969 416 xm
2020 361 2099 414 ΕΤ
2132 362 2364 418 ULTmA
2394 366 2477 420 DE
2509 368 2723 422 BELLO.

2184 469 2511 542 sententia,
2528 469 2824 548 cajetani,
2848 470 2913 530 in
2942 471 3220 547 Summa,
3250 470 3445 534 verbo
3472 471 3693 536 Bellum
3702 501 3720 546 ;

2188 559 2345 633 Sot.,
2376 561 2443 620 in
2481 563 2545 636 4,
2594 564 2670 624 de
2694 563 2965 638 Justitia,
3002 571 3219 644 quoest.
3254 567 3313 640 7,
3342 571 3471 626 art.
3502 566 3541 624 2
3566 587 3579 636 3
3609 567 3721 626 Vic-

2186 657 2301 712 tor.
2354 671 2571 732 supra3
2624 655 2911 733 sylvest..
2945 656 3135 718 verbo
3158 657 3433 732 Bellum,
3482 661 3543 731 1,
3582 678 3639 736 q.
3670 663 3717 720 9.

2188 744 2361 820 (Vide
2388 745 2454 807 in
2479 747 2669 806 simili
2692 747 2768 808 de
2796 756 3153 826 executore,
3178 758 3330 814 tom.
3362 750 3445 810 de
3468 750 3721 828 Censor„

2184 836 2339 916 disp.
2364 841 2426 914 3,
2460 847 2606 900 sect.
2636 842 2735 916 15,
2760 861 2825 902 6.
2856 843 2945 922 9.)

2265 935 2325 994 9.
2370 934 2631 1000 Limitat
2662 935 2975 1015 sylvester
3002 939 3463 1002 conclusionem.
3496 942 3723 1002 -Ilem

2186 1026 2369 1092 aliter
2404 1026 2735 1104 Achiuum,
2766 1031 2859 1094 vel
2892 1034 3099 1110 potius
3146 1036 3343 1113 moal.
3380 1065 3460 1076 --
3502 1031 3723 1112 Satisfil

2186 1117 2481 1184 Adriano.
2502 1155 2585 1168 -
2606 1122 2862 1200 Satisfit
2898 1121 3239 1203 Sylva-stro.
3258 1157 3339 1172 -
3378 1124 3639 1184 Videtur
3658 1133 3723 1186 ta·

2186 1229 2332 1274 11166
2360 1213 2669 1292 Sylvester
2704 1217 2821 1278 1106
2852 1216 3119 1278 limitare
3150 1236 3165 1276 :
3194 1235 3341 1280 nam
3386 1217 3445 1278 si
3466 1217 3727 1278 dubitent

2186 1303 2431 1384 (inquit)
2464 1313 2754 1370 tenentur
2797 1309 3131 1388 inquirere,
3165 1316 3235 1370 ut
3272 1310 3599 1388 expellant
3638 1311 3727 1370 du-

2186 1395 2356 1458 bium
2378 1421 2397 1474 3
2428 1400 2593 1478 quod
2630 1402 2679 1462 si
2708 1419 2833 1462 non
2856 1402 3189 1481 potuerint,
3220 1409 3373 1464 tunc
3400 1402 3617 1464 licebit
3638 1405 3727 1464 1111-

2188 1488 2385 1554 litare.
2434 1493 2743 1556 Adrianus
2764 1513 2933 1570 veru,
2976 1495 3043 1556 in
3070 1495 3357 1568 Quodlib.
3394 1499 3459 1569 2,
3496 1496 3725 1556 omnino

2182 1591 2373 1662 negat
2416 1586 2599 1648 licere
2640 1605 2778 1648 cum
2834 1587 2932 1650 1115
2986 1588 3191 1650 dubiis
3222 1589 3311 1650 ire
3348 1590 3437 1650 ad
3492 1588 3723 1664 bellum,

2184 1683 2317 1738 tum
2350 1680 2495 1758 quia
2554 1697 2876 1760 nunquam
2911 1681 3053 1742 licet
3078 1682 3321 1761 operari
3368 1699 3526 1742 eum
3564 1681 3725 1742 dubia

2182 1772 2557 1834 conscientia
2573 1788 2593 1850 3
2622 1779 2755 1834 tum
2786 1773 2933 1852 quia
2976 1774 3109 1853 jem
3158 1774 3391 1834 milites
3430 1773 3529 1834 illi
3564 1774 3725 1850 elige-

2183 1874 2322 1924 rent
2350 1871 2583 1943 partem
2608 1868 2817 1928 minus
2836 1873 3061 1936 tutam,
3094 1885 3235 1928 cum
3270 1885 3333 1928 se
3362 1875 3727 1945 exponerent

2178 1958 2454 2036 periculo
2492 1961 2723 2039 injuste
2762 1961 3079 2022 occidendi
3106 1968 3171 2022 et
3222 1961 3551 2040 praedandi
3570 1977 3589 2034 ;
3620 1979 3725 2022 non

2178 2050 2383 2112 eundo
2406 2059 2640 2126 autem,
2654 2053 2853 2116 solum
2872 2061 3195 2133 peccarent
3208 2073 3333 2114 non
3360 2054 3723 2116 obediendo:

2169 2142 2409 2220 justitia
2444 2152 2651 2208 autem
2701 2147 3033 2225 rigorosius
3081 2147 3316 2224 obligat
3360 2166 3559 2226 quam
3604 2147 3727 2208 obe-

2176 2235 2430 2300 dientia.
2458 2238 2577 2300 Sed
2614 2241 3087 2314 occurrendum,
3128 2241 3395 2302 dubium
3444 2241 3567 2302 1106
3616 2259 3723 2302 6011

2176 2331 2511 2409 practicum
2528 2350 2685 2407 esse,
2708 2333 2811 2393 sed
2842 2335 3591 2414 speculativum,ideoque
3618 2353 3725 2394 non

2176 2421 2431 2484 reddere
2458 2425 2891 2486 conscientiam
2922 2426 3207 2500 dubiam;
3239 2428 3343 2490 sed
3366 2447 3579 2507 neque
3606 2447 3725 2506 pars

2178 2520 2332 2574 esset
2360 2517 2552 2578 tutior
2586 2536 2711 2578 non
2740 2518 2990 2580 obedire
3006 2535 3027 2596 ς
3058 2539 3207 2582 nam
3258 2539 3339 2582 ex
3386 2521 3587 2582 simili
3612 2523 3725 2580 iuo-

2178 2605 2489 2670 hedientia
2564 2612 2873 2673 ordinarie
2937 2621 3295 2691 sequeretur
3371 2632 3507 2674 11011
3572 2631 3723 2691 posse

2178 2701 2486 2780 principes
2508 2703 2835 2766 defendere
2852 2706 2997 2782 jura
3016 2724 3151 2781 sua,
3180 2708 3341 2784 quod
3378 2707 3619 2785 grande
3648 2724 3723 2766 es-

2174 2799 2361 2854 setae
2386 2814 2713 2858 commune
2750 2799 3237 2860 incommodum.
3268 2800 3451 2872 Quod
3484 2817 3623 2859 vero
3644 2805 3721 2858 at-

2176 2889 2333 2948 tinet
2350 2889 2429 2950 ad
2453 2889 2885 2954 limitationem
2910 2892 3231 2970 Sylvestri,
3252 2893 3717 2964 advertendum,

2176 2981 2439 3044 dubium
2458 2990 2567 3044 aut
2600 3002 2775 3062 posse
2803 3003 2933 3046 6556
2968 3003 3123 3064 pure
3148 2988 3543 3064 negativum,
3566 2987 3713 3064 quia,

2170 3074 2474 3150 videlicet,
2496 3076 2723 3138 milites
2748 3079 3005 3140 omnino
3020 3079 3317 3158 ignorant
3346 3081 3423 3142 in
3450 3097 3527 3140 eo
3550 3095 3717 3154 nego·

2169 3168 2259 3228 tio
2308 3170 2610 3230 rationem
2637 3171 2893 3248 justitiae
2936 3173 3035 3234 vel
3087 3173 3437 3252 injustitiae,
3476 3189 3551 3232 ac
3589 3178 3719 3232 tunc

2170 3261 2328 3322 nihil
2369 3269 2660 3324 tenentur
2692 3264 3027 3345 inquirere,
3058 3267 3165 3328 sed
3206 3265 3593 3326 sufficienter
3618 3263 3718 3322 niti

2169 3354 2378 3416 valent
2403 3357 2766 3420 auctoritate
2816 3359 2911 3418 sui
2954 3359 3284 3438 principis3
3315 3365 3437 3418 aut
3480 3365 3571 3420 est
3624 3357 3717 3416 du-

2168 3448 2345 3511 bium
2394 3452 2725 3530 positivum
2744 3498 2764 3528 ‚
2814 3459 3021 3516 ortum
3084 3471 3165 3514 ex
3216 3452 3569 3514 rationibus
3622 3469 3719 3529 pro

2171 3548 2439 3622 utraque
2462 3553 2636 3623 parte
2659 3545 3141 3621 occurrentibus,
3171 3552 3232 3606 et
3266 3546 3527 3626 quidem
3553 3545 3603 3605 si
3627 3563 3717 3604 ra-

2169 3636 2367 3696 tiones
2396 3638 2782 3702 ostendentes
2806 3639 3035 3700 bellum
3067 3658 3197 3700 esse
3224 3641 3559 3717 injustum,
3579 3638 3715 3698 tales

2168 3735 2389 3804 essent,
2416 3730 2641 3809 quibus
2662 3731 2780 3810 ipsi
2814 3733 3121 3794 nescirent
3148 3732 3531 3804 satisfacere,
3562 3737 3713 3792 tene-

2166 3831 2383 3886 rentur
2418 3833 2563 3884 tnnc
2588 3823 2795 3902 aliquo
2817 3825 3001 3886 modo
3024 3826 3337 3904 inquirere
3374 3827 3711 3897 veritatem,

2166 3916 2448 3993 quamvis
2476 3933 2588 3978 nec
2636 3915 2755 3983 hoc
2806 3936 2963 3978 onus
3012 3919 3133 3980 erit
3180 3917 3357 3981 facile
3404 3919 3715 3998 imponen-

2169 4007 2345 4080 dum,
2374 4008 2495 4070 nisi
2524 4009 2791 4070 rationes
2812 4010 2935 4072 iuae
2966 4010 3147 4072 valde
3198 4017 3553 4090 suspectam
3593 4007 3715 4068 red-

2169 4101 2386 4164 derent
2432 4103 2737 4181 justitiam
2788 4101 2940 4164 belli
2956 4125 2974 4178 3
3004 4121 3151 4165 nam
3206 4109 3357 4164 tunc
3390 4105 3531 4182 jam
3559 4101 3713 4161 vide-

2170 4201 2385 4256 rentur
2412 4194 2639 4258 milites
2658 4195 2971 4258 declinare
2994 4196 3060 4258 in
3080 4197 3392 4275 quoddam
3420 4195 3711 4275 judicium

2170 4286 2429 4362 morale,
2472 4288 2635 4367 quod
2683 4287 2915 4350 bellum
2948 4290 3027 4351 sit
3064 4287 3365 4368 injustum
3382 4311 3405 4364 3
3450 4286 3710 4366 alioquin

2166 4398 2311 4440 vero
2340 4380 2393 4442 si
2421 4381 2687 4442 rationes
2710 4381 2941 4444 habent
2967 4380 3317 4461 probabiles
3344 4399 3461 4461 pro
3486 4379 3712 4460 justitia

2165 4473 2332 4548 belli,
2362 4473 2525 4534 licite
2546 4481 2802 4553 possunt
2824 4493 2887 4534 se
2912 4474 3033 4535 illis
3056 4474 3469 4536 conformare.

2252 4570 2348 4630 10.
2397 4569 2488 4632 Dc
2502 4568 2805 4630 militibus
2840 4568 3265 4649 stipendiariis
3295 4585 3418 4628 non
3468 4562 3709 4630 ”abditis

2162 4662 2530 4725 communior
2579 4662 2901 4724 sententia.
2917 4693 2997 4708 --
3022 4660 3511 4726 Fundamentum
3552 4658 3710 4720 diotre

2161 4754 2581 4818 scmmtioe.-
2600 4754 3015 4830 Confirmalur
3035 4753 3237 4834 primo
3266 4770 3338 4816 cx
3382 4750 3703 4834 repulaju-

2160 4848 2279 4922 n's,
2322 4850 2379 4908 ct
2408 4844 2741 4910 Ambrosio.
2766 4880 2848 4892 —
2895 4845 3304 4926 Confirmatur
3350 4846 3708 4908 secundo.—

2162 4940 2358 5020 Major
2382 4939 2709 5000 difficultas
2737 4944 2830 5000 est
2847 4937 2925 4998 de
2950 4937 3251 5000 militibus
3281 4956 3415 4998 non
3436 4936 3706 5006 subditis,

2162 5035 2269 5113 qui
2291 5040 2591 5098 vocantur
2608 5033 3011 5112 stipendiarii.
3035 5032 3395 5094 Communis
3418 5030 3709 5094 sententia

2160 5145 2289 5188 esse
2312 5127 2578 5202 videtur,
2608 5126 2805 5188 teneri
2830 5125 2942 5186 hos
2977 5125 3055 5186 ad
3088 5126 3571 5187 examinandam
3594 5125 3708 5202 jus·

2160 5221 2361 5282 titiam
2400 5219 2572 5296 belli,
2594 5225 2925 5298 antequam
2954 5219 3103 5282 dent
3142 5220 3423 5280 nomina.
3472 5219 3561 5278 Ita
3586 5233 3709 5275 sen-

2158 5313 2235 5374 tit
2268 5312 2576 5392 Sylvester
2597 5331 2804 5396 supra,
2831 5312 2941 5392 qui
2964 5313 3151 5372 etiam
3168 5310 3414 5385 definit,
3440 5329 3543 5370 eos
3576 5323 3705 5370 cum

2158 5406 2345 5468 dubio
2372 5423 2498 5468 non
2526 5423 2699 5486 posse
2738 5405 2901 5466 licite
2928 5405 3017 5466 ire
3058 5403 3135 5466 ad
3178 5403 3415 5464 bellum
3433 5426 3452 5478 3
3484 5409 3547 5465 et
3588 5402 3702 5460 fere

2160 5500 2325 5564 idem
2350 5502 2535 5564 sentit
2564 5501 2910 5580 cajetanus,
2940 5499 3009 5564 in
3032 5500 3314 5576 Summa,
3340 5498 3531 5562 verbo
3568 5495 3704 5558 Bol-
