3900 6217
676 447 846 503 SEGT.
883 449 920 502 1.
959 447 1044 500 AN
1081 449 1416 502 colurum-:s
1449 445 1903 502 HAERETICORUM
1936 445 2141 498 1>OEle
2176 445 2384 499 EORUM
2418 445 2871 510 SUBJICIANTUR,
2906 445 3040 498 ETC.

239 569 452 631 presse
472 549 699 611 dicitur
726 552 793 610 in
823 549 970 612 dict.
1004 567 1140 630 cap.
1176 548 1806 620 Ezecommunieamws,

237 647 306 720 Ξ,
349 643 388 725 ξ
431 645 510 708 Si
550 643 676 726 qui,
727 641 990 723 ideoque
1049 645 1101 703 si
1142 644 1410 704 exterius
1455 659 1630 703 suam
1681 659 1810 701 cre-

235 737 564 799 dulitatem
589 732 848 818 professi
867 741 1032 803 sunt,
1059 735 1304 797 easdem
1327 753 1543 815 poenas
1571 751 1812 795 meren-

235 837 368 892 tur.
417 829 590 905 Quod
647 847 862 890 verum
907 835 1022 904 est,
1073 831 1198 890 sive
1244 824 1549 908 explicite,
1583 845 1691 888 seu
1743 827 1810 886 in

233 919 602 1004 particulari
634 919 880 984 eosdem
923 940 1161 983 errores
1192 921 1462 995 credant,
1519 921 1649 982 sive
1693 920 1811 979 im·

233 1017 452 1097 plicita
481 1023 542 1077 et
587 1017 652 1076 in
683 1014 952 1094 generali
987 1015 1242 1076 credant
1283 1015 1442 1094 quod
1475 1013 1651 1073 docet
1672 1011 1812 1073 Cal-

233 1111 452 1184 vinus,
481 1109 654 1169 verbi
701 1108 924 1190 gratia,
949 1107 1048 1169 vel
1099 1108 1232 1186 cJus
1289 1107 1592 1182 minister,
1642 1103 1810 1186 ‘quod

231 1205 492 1283 proprie
559 1219 670 1281 per
733 1201 906 1262 illam
965 1219 1178 1262 vocem
1231 1200 1568 1278 significari
1623 1197 1808 1259 multi

231 1315 388 1358 cum
429 1295 742 1357 Paludano
767 1295 1120 1368 voluerunt,
1141 1300 1216 1354 ut
1263 1311 1447 1375 supra
1483 1293 1698 1370 tetigi3
1745 1295 1809 1353 et

231 1391 316 1450 ad
345 1405 614 1468 praesens
641 1387 800 1448 nihil
828 1387 1039 1460 refert,
1083 1386 1230 1466 quia
1269 1385 1385 1446 hoc
1424 1385 1570 1445 satis
1611 1383 1808 1444 estad

231 1483 560 1563 propriam
619 1481 932 1544 haeresim.
986 1480 1370 1559 Quapropter
1423 1478 1502 1540 de
1547 1478 1644 1538 his
1680 1495 1810 1538 cre·

235 1575 540 1636 dentibus
563 1573 680 1635 sub
707 1573 824 1634 hac
846 1575 1084 1635 ratione
1125 1571 1284 1634 nihil
1309 1578 1402 1633 est
1443 1571 1606 1652 quod
1650 1569 1814 1631 dica-

235 1687 411 1729 mus.

319 1765 384 1823 2.
439 1757 723 1824 Secunda
755 1761 1144 1842 siqnifieatio.
1171 1796 1250 1808 -
1279 1761 1356 1822 At
1381 1779 1529 1822 vero
1558 1757 1812 1820 creden-

229 1861 333 1915 tes
360 1851 628 1915 secundo
653 1853 836 1915 modo
865 1855 1168 1926 dicentur,
1195 1853 1304 1935 qui
1341 1873 1480 1916 cum
1508 1852 1812 1915 haereticis

231 1948 508 2009 nimiam
537 1949 877 2010 amicitiam
899 1945 1001 2010 'vel
1021 1946 1507 2010 familiaritatem
1551 1947 1809 2023 habent,

231 2049 301 2103 et
323 2037 611 2120 quamvis
629 2053 773 2102 cnm
799 2041 924 2102 illis
943 2059 1069 2102 non
1099 2044 1484 2103 consentiant
1503 2042 1568 2102 in
1589 2042 1813 2103 doctri·

227 2151 343 2206 na,
391 2141 602 2194 tamen
631 2135 700 2194 in
740 2136 980 2195 caeteris
1013 2135 1196 2194 rebus
1243 2133 1628 2196 confidenter
1667 2151 1810 2194 cum

229 2228 364 2289 illis
395 2234 678 2290 tractant.
715 2226 790 2289 Et
834 2224 910 2288 de
957 2227 1362 2298 credentibus,
1399 2225 1512 2288 sub
1565 2227 1678 2289 hae
1713 2245 1812 2288 ra-

233 2323 442 2395 tione,
495 2318 654 2380 nihil
704 2321 956 2382 invenio
1002 2321 1069 2381 in
1119 2323 1256 2401 jure
1310 2321 1698 2400 dispositum,
1747 2327 1810 2382 et

232 2415 406 2488 idco,
435 2415 684 2493 praecise
714 2411 983 2475 sistendo
1009 2415 1078 2475 in
1104 2413 1222 2475 hoc
1247 2432 1471 2492 genere
1499 2413 1808 2474 confiden-

233 2507 369 2583 tiae,
405 2505 594 2567 nullae
625 2523 823 2586 poenoe
860 2506 960 2568 his
988 2505 1377 2568 credentibus
1406 2507 1812 2567 inveniuntur

232 2601 573 2678 impositae.
607 2599 753 2660 Dico
773 2607 1006 2674 autem,
1033 2600 1100 2662 in
1139 2599 1510 2679 koeproeeise
1527 2601 1806 2675 sistendo,

235 2695 391 2770 quia
437 2693 490 2752 si
532 2691 638 2752 illa
667 2687 1056 2754 'familiaritas
1093 2693 1398 2754 redundet
1425 2693 1491 2753 in
1534 2691 1812 2753 favorem

237 2784 549 2860 haeretici,
603 2791 674 2844 ut
719 2785 1050 2846 haereticus
1091 2793 1206 2861 est,
1234 2787 1363 2865 jam
1399 2783 1503 2846 illc
1542 2803 1668 2845 non
1697 2785 1816 2846 erit

241 2884 488 2938 tantum
521 2881 784 2954 eredens,
813 2879 920 2941 sed
948 2885 1176 2959 fautor,
1213 2888 1274 2940 et
1298 2879 1412 2939 sub
1441 2879 1548 2941 illa
1577 2881 1815 2939 ratione

245 2989 460 3049 poenas
487 2973 782 3044 incurret,
813 2979 882 3033 ut
903 2974 1117 3034 notavi
1141 2973 1207 3033 in
1237 2979 1389 3033 tom.
1427 2975 1488 3042 5,
1519 2971 1812 3051 disputat.

245 3067 304 3140 4,
327 3071 475 3126 sect.
509 3067 570 3142 2,
605 3083 849 3127 numer.
891 3071 993 3139 11,
1024 3073 1084 3126 et
1115 3067 1410 3145 disputat.
1438 3069 1540 3140 21,
1573 3070 1717 3125 sect.
1749 3065 1812 3139 2,

237 3175 420 3219 num.
449 3159 512 3233 7,
544 3165 606 3219 et
631 3159 909 3239 sequitur
931 3161 1106 3220 Sanc.
1129 3177 1337 3238 supra,
1369 3177 1545 3218 num.
1566 3157 1624 3218 3.

321 3253 382 3311 3.
430 3250 744 3314 Credentes
787 3251 910 3314 diei
965 3249 1146 3315 etiam
1195 3251 1391 3315 solent
1440 3251 1814 3313 addiscentes

235 3345 476 3426 duplici
519 3345 707 3406 modo.
727 3343 916 3407 —An
948 3345 1047 3406 Ιιίσ
1083 3345 1377 3408 secundus
1415 3343 1626 3405 modus
1649 3343 1816 3404 rein-

239 3438 412 3500 cidat
441 3436 762 3518 aliquando
785 3440 853 3499 in
873 3437 1162 3522 priorem.
1183 3470 1264 3483 —
1285 3437 1562 3516 Denique
1590 3436 1808 3497 adver-

239 3527 501 3588 tendum
533 3535 626 3591 est
650 3528 764 3590 hos
791 3529 1110 3590 credentes
1141 3531 1333 3590 solere
1372 3530 1560 3590 etiam
1599 3529 1808 3590 vocari

241 3622 652 3698 addiscentes„
692 3641 944 3704 esseque
987 3623 1054 3683 in
1100 3621 1330 3702 duplici
1362 3639 1627 3700 genere:
1675 3623 1809 3702 qui-

243 3715 388 3776 dam
419 3717 587 3776 enim
611 3723 755 3777 sunt
777 3717 883 3795 qui
906 3715 1170 3777 audiunt
1195 3717 1541 3777 doctrinam
1603 3717 1807 3778 haerc-

243 3809 538 3884 ticorum,
555 3815 618 3870 et
646 3809 736 3871 illi
757 3809 943 3870 etiam
973 3811 1390 3885 consentiunt,
1405 3829 1474 3870 ac
1489 3809 1641 3871 tales
1664 3816 1808 3870 sunt

243 3902 664 3984 propriissime
687 3901 1027 3978 credenteS,
1059 3920 1128 3963 ac
1149 3905 1280 3963 veri
1306 3901 1600 3977 haeretici,
1633 3906 1807 3964 etita

243 3995 492 4055 easdem
525 3993 738 4074 ‘poenas
766 3995 1114 4056 incurrunt.
1151 3993 1322 4068 Quod
1347 3995 1805 4057 extendendum

243 4105 462 4149 censeo
481 4089 665 4148 etiam
691 4087 770 4150 ad
803 4087 937 4149 illos
963 4087 1095 4167 qui,
1131 4085 1274 4149 licet
1297 4086 1576 4149 nondum
1606 4107 1810 4149 assen-

245 4181 406 4240 tiant
435 4179 771 4257 erroribuS,
811 4199 884 4242 eo
929 4187 1138 4241 tamen
1167 4182 1376 4241 animo
1425 4181 1506 4240 ad
1555 4181 1810 4242 audien·

244 4273 396 4334 dum
422 4273 747 4351 accedunt,
800 4280 870 4334 ut
897 4275 1096 4355 parati
1149 4274 1274 4334 sint
1303 4269 1575 4350 credere,
1631 4274 1683 4335 si
1713 4294 1809 4336 ra-

243 4367 446 4428 tiones
475 4365 571 4426 vel
598 4367 828 4428 motiva
856 4366 1130 4430 hoeretici
1170 4365 1483 4447 placeant,
1525 4367 1672 4447 quia
1699 4369 1808 4448 qui

242 4461 332 4521 sic
359 4459 616 4526 accedit.
646 4459 774 4539 jam
794 4460 1019 4522 dubius
1038 4461 1114 4522 de
1143 4479 1253 4521 sua
1279 4459 1403 4521 fide
1437 4467 1550 4536 est,
1577 4467 1638 4522 et
1669 4461 1808 4522 ideo

237 4554 370 4632 jam
402 4559 492 4614 est
519 4553 867 4629 haereticus,
887 4555 1065 4633 juxta
1094 4553 1374 4634 superius
1395 4553 1581 4626 dicta,
1601 4555 1810 4635 dispu-

243 4647 482 4706 tatione
525 4649 621 4719 19,
661 4653 808 4708 sect.
845 4649 908 4722 4,
937 4667 975 4708 a
1020 4667 1280 4708 numero
1329 4647 1435 4724 10;
1498 4653 1560 4708 et
1600 4667 1813 4709 conse-

243 4745 510 4819 quenter
537 4741 588 4800 si
615 4739 1078 4802 dubitationem·
1100 4759 1275 4802 suam
1310 4742 1578 4802 exterius
1599 4741 1770 4822 prodi
1791 4777 1808 4785 -

243 4835 359 4906 dit,
378 4834 569 4894 etiam
597 4835 798 4913 quoad
831 4853 1043 4914 poenas
1068 4835 1393 4898 haereticus
1419 4837 1560 4910 erit,
1597 4842 1667 4896 ut
1710 4853 1810 4896 su-

243 4929 454 5006 perius
489 4926 721 4988 dictum
754 4933 863 4989 est.
915 4927 1038 4988 Alii
1089 4945 1235 4988 vero
1276 4937 1444 5002 sunt,
1493 4947 1620 4989 uon
1682 4933 1810 4989 tam

243 5019 626 5081 addiscentes
659 5037 845 5103 quam
862 5017 1182 5081 audientes
1211 5019 1681 5100 disputationes,
1709 5020 1808 5081 vel

243 5115 568 5175 conciones
591 5113 1044 5191 haereticorum,
1068 5113 1438 5175 curiositatis
1467 5115 1688 5192 gratia,
1711 5114 1810 5175 vel

241 5215 494 5288 propter
522 5207 716 5268 alium
750 5215 1092 5286 respectum
1119 5207 1527 5287 temporalem
1555 5228 1572 5282 ;
1617 5207 1810 5288 hire·

241 5319 393 5364 vera
422 5319 546 5362 non
581 5305 726 5361 sunt
753 5301 1092 5376 credenteS,
1125 5319 1326 5382 neque
1353 5302 1420 5362 in
1455 5299 1592 5379 iure
1634 5300 1809 5361 inve-

241 5396 351 5457 nio
373 5413 585 5472 poenas
613 5399 825 5455 contra
847 5393 985 5454 illos
1007 5393 1255 5474 positas.
1298 5394 1393 5455 An
1419 5411 1566 5455 vero
1594 5393 1662 5454 in
1689 5391 1808 5453 hoc

243 5494 518 5569 peccent,
563 5483 965 5565 judicandum
1008 5495 1100 5551 est
1151 5507 1228 5549 ex
1271 5506 1458 5566 supra
1500 5483 1682 5548 dictis
1731 5487 1808 5546 de

241 5579 802 5644 communicatione
829 5598 972 5645 cum
999 5581 1347 5660 haereticis3
1381 5597 1528 5644 uam
1561 5579 1670 5643 illa
1708 5597 1810 5645 re-

3340 406 3457 503 587'

1891 565 2039 608 vera
2072 547 2353 627 quaedam
2393 547 2875 609 communicatio
2922 552 3033 609 est.
3070 549 3144 608 Et
3170 547 3223 608 si
3258 543 3458 609 haere-

1891 643 2049 701 ticus
2096 642 2173 700 sit
2202 641 2573 702 nominatim
2623 639 2987 718 declaratus,
3034 641 3151 701 erit
3197 641 3456 718 speciale

1891 741 2232 813 peccatum,
2272 740 2521 814 propter
2572 734 3107 816 participationem
3157 752 3299 794 cum
3354 753 3457 794 ex-

1893 829 2375 888 communicato.
2406 828 2470 889 Si
2494 841 2640 890 vero
2672 846 2799 887 non
2830 827 2909 887 sit
2936 826 3298 902 declaratuS,
3324 845 3456 890 esse

1891 921 2125 1000 poterit
2152 927 2500 999 peccatum,
2526 920 2624 982 vel
2652 919 2890 981 ratione
2913 919 3145 1008 proprii
3168 919 3454 1000 periculi,

1891 1013 1988 1074 vel
2014 1015 2253 1075 ratione
2271 1012 2541 1075 scandali
2563 1013 2855 1090 aliorum,
2876 1014 2972 1073 vel
3000 1014 3239 1074 ratione
3264 1015 3457 1074 alicu-

1883 1109 1990 1186 jus
2018 1108 2461 1186 cooperationis
2504 1107 2570 1167 in
2595 1107 2817 1168 ritibus
2854 1106 3325 1186 superstitioniS,
3358 1107 3458 1167 vel

1889 1201 2078 1262 etiam
2112 1201 2165 1260 si
2188 1200 2343 1261 forte
2370 1199 2675 1262 redundet
2716 1200 2783 1260 in
2824 1199 3121 1260 favorem.
3158 1198 3455 1261 Dubitant

1889 1301 2099 1356 autem
2150 1289 2455 1368 Doctores,
2496 1313 2576 1355 an
2628 1293 3107 1378 praesumptione
3151 1294 3312 1373 juris
3359 1291 3459 1355 vel

1887 1388 2037 1449 facti
2064 1387 2166 1448 isti
2214 1395 2581 1449 censeantur
2609 1389 2950 1464 credentes,
2984 1392 3045 1449 et
3079 1405 3160 1449 an
3191 1387 3459 1449 sufficiat

1892 1483 2084 1544 semel
2112 1489 2222 1545 aut
2248 1481 2343 1543 bis
2388 1483 2626 1555 audire,
2661 1489 2731 1542 ut
2758 1481 3011 1543 credens
3050 1488 3460 1562 praesumatur

1893 1577 2135 1656 aliquis,
2166 1577 2612 1638 Verumtamen
2656 1575 2776 1637 hoc
2804 1576 2883 1636 ad
2910 1575 3120 1637 forum
3144 1576 3460 1636 eonscien-

1893 1671 1996 1731 tiae
2017 1687 2236 1750 parum
2272 1669 2482 1745 refert,
2514 1671 2661 1750 quia
2692 1688 2819 1732 non
2850 1688 2925 1730 ex
2954 1669 3455 1750 praesumptione‚

1892 1763 1997 1825 sed
2028 1781 2103 1824 ex
2130 1763 2391 1824 veritate
2421 1764 2485 1823 in
2515 1781 2587 1824 eo
2620 1763 2815 1824 fertur
2836 1761 3180 1842 judicium:
3229 1761 3295 1822 in
3323 1759 3458 1822 foro

1893 1865 2103 1919 autem
2129 1863 2383 1920 externo
2411 1857 2747 1937 prudenter
2790 1863 2935 1918 sunt
2984 1855 3460 1918 circumstantiae

1892 1949 2037 2026 loci,
2068 1967 2365 2031 personae,
2399 1957 2543 2025 etc,
2574 1949 3055 2026 considerandae,
3098 1954 3161 2010 et
3206 1948 3292 2008 sic
3332 1947 3461 2008 exi-

1893 2047 1966 2106 sti
1978 2063 2078 2105 mo
2104 2063 2229 2105 non
2259 2043 2537 2105 sufficere
2566 2063 2756 2106 unam
2787 2043 2885 2104 vel
2912 2041 3167 2104 alteram
3196 2041 3459 2104 auditio-

1894 2155 2063 2211 nem,
2096 2137 2202 2198 sed
2253 2135 2459 2218 plures
2502 2137 2871 2217 regulariter
2916 2135 3171 2218 requiri.
3206 2136 3289 2198 De
3336 2151 3459 2215 quo

1889 2231 2088 2293 videri
2118 2238 2317 2311 potest
2350 2231 2560 2291 Penna
2604 2249 2813 2310 supra,
2853 2235 2917 2291 et
2958 2229 3347 2310 CampegiuS‚
3390 2229 3458 2289 in

1888 2323 2323 2386 Additionibus
2352 2320 2428 2383 ad
2454 2323 2758 2402 Zanquin,
2791 2323 2953 2384 dicto
2978 2341 3109 2402 cap.
3154 2325 3212 2384 3.

1970 2421 2031 2479 4.
2078 2417 2168 2480 De
2216 2417 2475 2480 secunda
2529 2433 2686 2493 voce,
2728 2422 3241 2498 receptatores.—
3264 2416 3459 2478 Diotoe

1893 2519 2017 2575 tres
2064 2529 2229 2574 voces
2279 2529 2391 2592 quo
2438 2515 2583 2573 sunt
2624 2510 3009 2595 posteriores,
3058 2527 3120 2572 eo
3146 2509 3460 2573 universa-

1893 2605 2072 2667 liores
2096 2606 2163 2666 in
2188 2602 2607 2687 siqnificandO.
2628 2636 2709 2650 —
2738 2603 2911 2664 Circa
2936 2609 3061 2663 tres
3086 2621 3288 2678 vocae,
3319 2618 3458 2682 quae

1897 2706 2065 2772 sunt,
2101 2704 2513 2778 receptatores,
2558 2697 2889 2774 defensores
2932 2703 2987 2760 et
3018 2699 3308 2776 fautores,
3351 2695 3459 2756 ad-

1895 2799 2071 2851 verto
2108 2791 2416 2868 imprimis
2454 2809 2580 2851 non
2614 2807 2742 2851 esse
2784 2790 3043 2850 omnino
3087 2788 3457 2849 condistinc-

1894 2891 2013 2959 tas,
2072 2885 2175 2944 sed
2222 2881 2472 2944 differre
2528 2890 2597 2943 ut
2656 2883 2947 2963 speciales
3001 2888 3062 2942 et
3115 2881 3455 2962 generales„

1897 2978 2099 3056 magis
2146 2977 2242 3039 vel
2288 2977 2532 3053 minus,
2581 2977 2747 3056 quod
2810 2976 2877 3037 in
2927 2973 3164 3039 duabus
3220 2975 3459 3036 ultimis

1897 3075 2197 3130 notarunt
2242 3069 2487 3148 Ugolin.
2526 3076 2588 3129 et
2630 3068 2838 3143 Sanc„
2890 3086 3073 3148 supra
3086 3084 3105 3146 ;
3138 3065 3301 3129 idem
3349 3086 3459 3128 au-

1895 3169 2020 3224 tem
2055 3163 2130 3224 de
2159 3163 2357 3242 prima
2399 3162 2731 3224 dicendum
2769 3180 2897 3223 esse
2943 3161 3250 3238 existimo,
3290 3161 3455 3241 quod

1893 3253 2130 3337 patebit
2180 3255 2454 3334 singulas
2492 3253 2875 3334 explicando,
2916 3255 3279 3336 Receptatoo·
3310 3271 3456 3332 ergo

1893 3349 2120 3410 dicitur
2146 3347 2225 3409 ab
2270 3347 2517 3428 speciali
2558 3349 2798 3408 actione
2842 3345 3177 3426 recipiendi
3213 3345 3459 3407 haereti-

1889 3461 2033 3505 cum
2077 3454 2147 3503 ut
2202 3442 2563 3504 haereticum
2604 3439 2672 3500 in
2714 3440 3077 3519 hospitium,
3123 3437 3459 3499 habitatio-

1886 3543 2039 3612 tem,
2061 3537 2163 3597 vel
2179 3535 2408 3596 locum.
2435 3534 2543 3593 Est
2560 3539 2769 3594 autem
2794 3534 2859 3592 in
2886 3551 2961 3594 ea
2984 3551 3129 3593 voce
3152 3531 3457 3610 imprimis

1887 3626 2358 3703 advertendum,
2391 3625 2557 3706 quod
2588 3626 2734 3686 lieet
2780 3643 2901 3685 vox
2929 3625 3344 3704 Receptatores
3390 3625 3456 3684 in
3568 3649 3575 3656 ·

1885 3723 2093 3800 rigore
2145 3720 2601 3798 frequentativa
2655 3719 2962 3793 videatur,
2994 3723 3056 3778 et
3105 3719 3245 3778 ideo
3300 3717 3457 3777 exis-

1886 3814 2097 3875 timari
2125 3813 2313 3895 possit
2354 3812 2561 3893 plures
2602 3820 2778 3872 actus
2808 3829 2936 3872 esse
2964 3809 3352 3884 necessarioe,
3388 3815 3459 3869 ut

1887 3905 2111 3987 aliquis
2165 3907 2528 3987 Recepta'tor
2593 3905 2866 3980 dicatur,
2927 3903 3333 3963 nihilominus
3381 3919 3458 3962 ex

1890 4001 2207 4060 communi
2236 3999 2518 4059 omnium
2570 3996 2873 4057 sententia
2900 3995 3008 4057 illa
3045 4014 3166 4056 vox
3212 4001 3458 4075 sumpta

1891 4099 1982 4153 est
2017 4093 2085 4154 in
2114 4091 2474 4171 simpliciori
2493 4089 2964 4168 significatione,
2994 4089 3072 4149 ad
3108 4088 3459 4168 significan-

1890 4187 2040 4246 dum
2091 4179 2358 4264 hospitio
2408 4184 2807 4263 recipientem
2850 4179 3254 4256 haereticnm3
3308 4197 3465 4242 nam.

1889 4279 2048 4340 sicut
2100 4295 2263 4338 unus
2308 4285 2479 4338 actus
2524 4275 2774 4336 hoeresis
2824 4275 2900 4336 ad
2957 4274 3457 4336 constituendum

1888 4372 2247 4433 haereticum
2288 4369 2541 4440 sufficit,
2596 4369 2685 4428 ita
2726 4384 2887 4427 unus
2914 4373 3087 4428 actus
3122 4365 3457 4446 recipiendi

1890 4464 2205 4525 constituit
2222 4463 2538 4524 hominem
2568 4466 3030 4540 receptatorem.
3065 4457 3291 4520 Addidi
3310 4475 3459 4520 vero

1890 4557 2300 4618 necessarium
2346 4573 2478 4616 esse
2532 4561 2603 4614 ut
2648 4550 2907 4632 recipiat
2955 4551 3338 4627 haereticum,
3388 4558 3460 4615 ut

1893 4649 2209 4714 haereticus
2250 4653 2361 4724 est,
2420 4648 2567 4726 quia
2624 4647 2675 4706 si
2731 4645 2985 4726 recipiat
3034 4649 3106 4705 ut
3159 4645 3453 4718 amicum,

1892 4743 2446 4822 consanguineum,
2500 4739 2599 4802 vel
2652 4739 3008 4818 proximum
3047 4734 3453 4814 indigentem,

1891 4841 1956 4897 et
1982 4836 2043 4895 id
2074 4853 2200 4896 non
2247 4833 2550 4895 redundet
2575 4833 2637 4892 in
2672 4833 3115 4912 protectionem
3160 4829 3454 4902 hominis„

1891 4934 1963 4992 ut
1997 4927 2282 5003 haeretiei,
2314 4931 2463 4988 tunc
2504 4924 2567 4986 id
2608 4941 2735 4985 non
2765 4921 2993 4984 sufficit
3037 4928 3106 4982 ut
3152 4922 3458 5002 quispiam

1886 5011 2233 5102 receptator
2292 5019 2563 5081 dicatur..
2608 5017 2993 5097 Quapropter
3047 5016 3166 5076 hoc
3220 5015 3457 5076 crimen

1889 5112 2286 5194 receptatoris
2328 5115 2393 5174 in
2435 5113 2552 5173 hoc
2590 5109 2891 5185 consistit,
2923 5110 3088 5190 quod
3118 5128 3228 5189 per
3252 5125 3461 5188 recep·

1890 5209 2191 5269 tationem
2216 5207 2542 5268 haereticus
2572 5204 2667 5266 vel
2694 5203 3035 5265 occultetur
3061 5211 3121 5264 et
3160 5201 3458 5262 custodia·

1890 5308 2014 5376 tur,
2038 5319 2121 5360 ne
2140 5301 2211 5360 in
2230 5317 2451 5360 manus
2469 5298 2898 5359 ministrorum
2920 5293 3197 5358 Ecclesiae
3226 5296 3454 5374 veniat,

1889 5393 1988 5455 vel
2008 5394 2264 5473 juvetur
2285 5399 2354 5453 ut
2379 5392 2603 5470 fugiat,
2642 5391 2739 5451 vel
2768 5389 3128 5468 recipiatur,
3154 5387 3313 5447 utin
3341 5387 3455 5447 do-

1887 5505 2017 5563 mo,
2044 5471 2140 5548 vel
2161 5485 2229 5546 in
2255 5485 2526 5560 civitate,
2562 5489 2670 5544 aut
2698 5483 3014 5562 provincia
3043 5497 3255 5541 secure
3286 5480 3458 5542 vivat

1886 5580 1957 5655 in
1996 5599 2107 5644 suo
2148 5595 2376 5656 errore,
2408 5577 2507 5641 vel
2536 5576 2715 5640 illum
2756 5575 2995 5638 doceat.
3045 5573 3221 5641 Unde
3264 5572 3341 5638 fit
3386 5579 3459 5638 ut
