3900 6217
595 460 760 512 SECT.
793 459 876 514 lv.
911 459 992 512 1)ss
1023 457 1494 512 RESERVATtONE
1525 459 1712 511 HUJUS
1745 457 2059 521 calistum,
2097 458 2301 522 DEQUE
2332 459 2774 512 ABSOLUTIONE.

191 595 268 640 sua
291 570 538 634 delictum
557 576 736 622 suum
766 557 1046 620 confiteri
1077 559 1374 635 volentes,
1407 565 1641 621 secreto

187 669 344 730 audire
361 668 412 722 et
431 654 739 719 absolvere.
764 653 832 712 In
861 651 977 713 hoc
1002 671 1217 713 omnes
1239 653 1638 728 conveniunt,

187 771 228 824 et
249 757 462 820 sumitur
486 767 553 808 ex
587 745 746 806 dicta
777 745 954 806 Bulla
977 745 1310 807 Clementis
1328 746 1464 817 Vll;
1495 763 1640 806 nam

181 857 284 916 licet
305 867 408 910 non
433 845 502 904 sit
542 841 762 900 directe
793 839 1082 898 omnibus
1109 857 1416 914 concessa,
1449 847 1517 899 ut
1545 857 1642 898 su-

185 939 534 1026 predicebam,
565 951 668 1012 per
709 932 860 992 alias
903 931 1108 992 Bullas
1135 932 1643 992 communicatio-

179 1043 247 1099 nis
266 1036 326 1096 ad
354 1046 542 1091 omnes
562 1025 928 1097 extenditur,
956 1031 1027 1083 ut
1055 1024 1318 1101 intelligi
1343 1029 1544 1102 potest
1567 1041 1640 1084 ex

179 1131 248 1192 his
267 1143 378 1204 quae
402 1121 571 1182 tradit
613 1117 852 1187 Panna,
884 1117 950 1176 in
991 1115 1116 1176 fine
1149 1117 1335 1177 totius
1379 1116 1639 1176 Directo·

175 1222 245 1282 rii.
269 1221 330 1278 Et
353 1216 454 1274 hoc
481 1211 659 1274 etiam
699 1207 924 1286 prohat
961 1208 1362 1280 consuetudO,
1407 1209 1482 1268 de
1524 1226 1647 1286 qua

175 1309 356 1372 Vivald,
382 1309 634 1366 testatur.
675 1301 953 1380 Denique
977 1311 1066 1361 est
1098 1301 1414 1360 moraliter
1437 1319 1647 1362 neces-

171 1405 348 1466 sarium
391 1399 460 1460 ad
501 1394 866 1458 medicinam
913 1400 974 1454 et
1029 1393 1373 1455 remedium
1412 1385 1649 1454 anima-

171 1515 300 1568 rum3
349 1489 656 1570 praesertim
695 1487 1012 1566 supposito
1037 1533 1057 1560 ,
1107 1485 1273 1564 quod
1328 1486 1597 1546 diximus
1622 1531 1643 1561 ,

169 1586 411 1667 Episcopis
445 1581 736 1642 sublatam
767 1597 896 1640 esse
926 1585 1285 1659 potestatem
1325 1579 1391 1637 in
1435 1577 1650 1656 hujus-

171 1680 294 1742 modi
319 1694 444 1738 casu
468 1672 817 1736 absolvendi
860 1689 878 1732 ε
916 1689 1065 1732 nam
1103 1678 1253 1732 tunc
1281 1671 1520 1731 nullum
1547 1689 1650 1730 su-

169 1777 321 1854 pere-st
341 1767 683 1839 remedium,
729 1765 850 1826 nisi
893 1765 992 1826 vel
1023 1765 1311 1826 accedere
1354 1763 1435 1823 ad
1469 1763 1648 1824 Sum-

167 1883 293 1928 mum
341 1859 701 1933 Pontificem,
753 1858 918 1938 quod
967 1859 1284 1920 moraliter
1341 1876 1500 1936 saepe
1557 1862 1649 1918 est

169 1958 303 2018 valde
328 1953 571 2025 difficile,
624 1951 721 2014 vel
772 1951 1060 2012 accedere
1099 1951 1177 2011 ad
1223 1951 1640 2029 Inquisitores.

161 2053 261 2112 Nou
285 2055 409 2108 sunt
431 2053 632 2106 autem
655 2055 1013 2123 peccatores
1039 2044 1259 2104 occulti
1293 2044 1553 2122 cogendi
1580 2048 1648 2102 ut

163 2163 206 2204 se
233 2143 440 2221 publice
487 2138 750 2218 prodant
767 2155 788 2214 3
839 2155 985 2216 ergo
1026 2145 1174 2199 sunt
1216 2145 1443 2198 secrete
1495 2136 1645 2196 reci·

159 2235 340 2314 piendi,
380 2246 438 2294 et
486 2233 574 2292 ita
629 2235 883 2308 possunt
917 2231 998 2290 ab
1043 2229 1515 2308 Inquisitoribus
1543 2228 1648 2288 ab·

161 2328 292 2388 solvi.
318 2327 436 2386 lmo
459 2325 644 2386 etiam
673 2330 966 2402 poterunt
993 2323 1409 2401 Inquisitores‚
1437 2320 1651 2382 audita

159 2421 236 2480 ilia
257 2416 619 2491 confessione,
644 2425 710 2478 et
741 2422 986 2495 recepta
1014 2415 1421 2494 abjuratione,
1449 2421 1510 2474 et
1537 2414 1652 2474 im-

161 2513 308 2592 posita
351 2509 741 2571 convenienti
785 2509 1146 2588 poenitentia
1197 2516 1259 2568 et
1315 2507 1656 2581 medicina,

159 2605 492 2682 poenitentem
527 2603 850 2664 remittere
883 2601 960 2660 ad
1011 2600 1442 2672 confessorem,
1478 2605 1548 2658 ut
1581 2597 1660 2658 ab

158 2716 212 2758 eo
225 2697 558 2770 absolvatur,
573 2697 760 2774 juxta
781 2694 1146 2756 Clementin.
1173 2697 1200 2752 3
1213 2739 1233 2768 ,
1251 2693 1328 2754 de
1347 2692 1660 2766 Haeretic.,

157 2793 264 2868 quia
295 2791 422 2850 licet
451 2789 722 2867 delegati
757 2791 906 2862 sint,
955 2795 1168 2848 tamen
1223 2794 1368 2848 sunt
1411 2787 1489 2847 ad
1518 2785 1656 2846 uni-

158 2883 444 2942 versitatem
473 2875 828 2957 causarum,
852 2888 913 2941 et
931 2881 1070 2942 ideo
1093 2883 1158 2941 in
1183 2881 1294 2940 hac
1317 2886 1492 2958 parte
1519 2895 1659 2958 pos-

160 2981 262 3034 sunt
281 2975 620 3037 facultatem
651 2993 834 3035 suam
857 2974 1264 3036 committere.

219 3072 288 3128 ⁴7.
329 3067 670 3132 Secundum
689 3063 1180 3148 pronuntiatum.
1201 3097 1283 3112 --
1302 3063 1533 3128 Deinde
1561 3082 1657 3125 as·

157 3175 249 3220 sero
268 3161 646 3240 Inquisitores
679 3162 749 3220 in
778 3179 850 3220 eo
879 3179 1020 3220 casu
1050 3177 1172 3220 non
1207 3159 1519 3220 absolvere
1548 3174 1658 3237 per

157 3249 294 3312 iliam
315 3253 802 3330 jurisdictionem
823 3297 840 3326 ,
869 3253 990 3312 nisi
1020 3271 1129 3331 per
1178 3269 1316 3314 eam
1369 3268 1557 3330 quam
1590 3251 1658 3310 in

157 3341 244 3404 soro
273 3351 512 3406 externo
539 3351 602 3406 et
623 3345 916 3424 ⁸iudiciali
935 3343 1189 3406 habent.
1218 3343 1288 3404 In
1316 3343 1432 3404 hoc
1459 3343 1658 3422 placet

157 3437 360 3498 secunda
388 3435 732 3512 sententia,
779 3445 842 3500 et
885 3443 1050 3498 recte
1075 3437 1156 3498 ab
1197 3453 1276 3498 ea
1331 3437 1651 3516 probatur,

157 3529 255 3606 {uia
282 3548 350 3590 ex
381 3532 439 3590 vi
479 3532 576 3590 sui
620 3531 904 3590 muneris
931 3531 1058 3589 no'n
1087 3529 1321 3590 habent
1345 3529 1533 3590 aliam
1555 3528 1654 3606 ju-

157 3621 532 3698 isdictionem,
563 3641 686 3684 nec
734 3623 974 3683 ostendi
1012 3629 1212 3700 potest
1255 3621 1380 3682 alia
1419 3621 1526 3682 via
1547 3638 1657 3699 per

157 3731 286 3792 [uam
319 3716 392 3775 sit
421 3715 542 3776 illis
570 3732 888 3776 concessa.
925 3715 1230 3787 Secundo,
1275 3715 1517 3774 etiamsi
1545 3713 1654 3774 ali-

157 3823 208 3864 er
227 3825 491 3870 concessa
533 3809 782 3883 ruisset,
835 3825 946 3886 per
997 3807 1238 3868 Bullam
1272 3808 1474 3868 Coenae
1502 3812 1659 3867 esset

158 3906 390 3973 evocata,
411 3902 584 3980 quia,
605 3907 682 3960 ut
701 3906 868 3960 recte
892 3901 1624 3978 argumentatur-Navarr.
1637 3944 1655 3974 ,

157 4007 186 4048 a
207 3991 348 4052 dicto
377 3995 638 4054 consilio
671 3997 774 4068 11,
805 3992 882 4053 de
912 3992 1202 4070 Privileg.
1223 4037 1240 4062 ‚
1293 3991 1656 4054 incredibile

158 4089 206 4142 st
233 4103 326 4162 per
343 4087 584 4148 Bullam
617 4089 829 4149 Coenae
855 4088 1130 4148 revocari
1155 4085 1513 4146 facultatem
1542 4085 1649 4148 da-

157 4195 229 4236 am
245 4179 525 4259 Episcopo
554 4182 628 4242 in
658 4181 802 4242 foro
825 4179 1241 4262 conscientiae,
1274 4183 1338 4239 et
1363 4195 1489 4238 non
1523 4195 1654 4240 esse

158 4278 432 4332 evocatam
470 4273 523 4331 si
556 4272 712 4332 data
767 4277 928 4332 esset
955 4269 1425 4350 Inquisitoribus
1446 4317 1465 4344 ‚
1511 4284 1656 4329 cum

159 4362 280 4422 erba
303 4363 622 4443 generalia
667 4365 819 4438 sint,
869 4369 930 4424 et
958 4361 1037 4424 ad
1067 4379 1282 4424 omnes
1308 4363 1655 4442 cujuscum-

157 4471 224 4514 ue
262 4457 573 4535 dignitatis
627 4457 1070 4518 extendantur.
1116 4462 1320 4536 Atque
1358 4457 1446 4516 ita
1492 4455 1657 4515 inter

159 4547 524 4612 celerationes
555 4550 1016 4622 cardinalium,
1045 4565 1173 4608 tam
1209 4549 1656 4626 manuscriptas

161 4655 280 4699 uam
323 4644 482 4721 typis
533 4642 892 4715 mandatas,
948 4659 1141 4703 unam
1192 4641 1445 4702 invenio
1494 4641 1657 4700 circa

159 4731 320 4796 ictum
341 4743 530 4816 caput
575 4741 638 4811 6,
701 4737 958 4797 sessiou.
989 4739 1092 4809 24,
1124 4734 1378 4796 Concilii
1405 4734 1660 4794 Triden-

158 4826 218 4884 ,ιιι
241 4871 254 4898 ,
296 4829 360 4888 in
397 4847 526 4908 qua
567 4847 861 4908 expresse
907 4829 1132 4890 dicitnr
1168 4845 1370 4906 neque
1416 4827 1659 4906 Episco-

157 4937 226 4994 os,
247 4938 440 5000 neque
460 4923 872 5002 Inquisitores
895 4939 1068 5001 posse
1092 4921 1407 4982 absolvere
1434 4919 1516 4980 ab
1543 4920 1660 4980 hac

158 5027 362 5088 ensura,
395 5015 624 5093 utique
645 5016 720 5074 in
758 5013 892 5074 foro
919 5014 1306 5076 conscientiae
1333 5029 1351 5073 ι
1383 5029 1531 5091 ergo
1557 5013 1656 5073 ln-

157 5103 404 5167 uisitorcs
427 5107 640 5170 solum
673 5116 932 5186 possunt
958 5107 1278 5168 absolvere
1320 5123 1429 5185 per
1465 5107 1658 5185 juris-

157 5195 436 5276 ictionem,
468 5217 672 5280 quam
703 5199 770 5260 in
789 5200 1072 5280 judiciali
1093 5205 1229 5262 toro
1252 5217 1330 5260 ex
1355 5200 1413 5260 vi
1439 5217 1657 5260 mune·

158 5309 182 5348 s
201 5289 438 5353 habeut.

187 5384 275 5445 18.
320 5385 669 5450 Corollaria
701 5403 774 5449 ox
799 5389 1003 5455 dictis.
1023 5421 1098 5432 --
1117 5387 1206 5448 Ex
1235 5403 1357 5464 quo
1379 5383 1660 5462 sequitur

157 5476 305 5553 rimo,
339 5479 510 5541 illam
542 5479 1006 5544 absolutionem
1033 5479 1224 5542 talem
1251 5495 1400 5553 esse,
1435 5482 1506 5537 ιιι
1533 5495 1660 5537 non

3166 459 3281 518 547

1723 566 1981 622 externo
2013 567 2073 621 et
2101 561 2375 639 ,iudiciali
2408 561 2632 634 valeat,
2668 578 2812 620 cum
2842 579 2878 620 a
2916 561 3285 640 jurisdictio-

1723 670 1801 713 ne
1831 655 1897 714 in
1945 653 2053 714 illo
2100 653 2233 714 l'oro
2275 653 2583 731 procedat.
2635 653 2949 728 SecundO,
3008 656 3287 734 sequitur

1723 745 2171 807 confessionem
2214 746 2279 806 in
2308 764 2381 806 eo
2408 755 2551 806 casu
2594 763 2721 806 non
2742 763 2873 805 esse
2906 753 3032 806 tam
3056 756 3287 810 secrete

1723 841 2171 918 accipiendam,
2228 841 2380 919 quin
2434 841 2511 900 de
2551 839 2656 900 illa
2695 839 2961 918 juridice
3009 850 3285 902 constare

1723 933 1935 1012 possit,
1970 935 2058 992 ita
2098 940 2167 993 ut
2196 933 2417 994 saltem
2446 934 2721 993 notarius
2747 933 2927 1007 adsit,
2960 935 3068 1012 qui
3096 933 3283 995 fidem

1723 1025 2014 1086 adhibere
2042 1025 2253 1106 possit,
2280 1031 2351 1085 ut
2371 1032 2533 1085 recte
2564 1023 2722 1084 dixit
2746 1027 2974 1100 Penna,
3008 1032 3073 1086 et
3098 1027 3288 1104 sigui-

1723 1119 1932 1178 ficavit
1956 1118 2231 1193 Covarr„
2263 1123 2323 1178 et
2353 1123 2543 1196 patet,
2570 1118 2719 1199 quia
2746 1115 2897 1178 alias
2920 1135 3049 1178 non
3087 1125 3289 1196 posset

1725 1209 1801 1270 de
1858 1204 2243 1270 absolutione
2301 1209 2367 1270 in
2408 1208 2544 1270 foro
2594 1215 2852 1270 externo
2898 1216 2960 1271 et
3006 1210 3287 1288 judiciali

1727 1309 2029 1379 constare,
2078 1309 2155 1365 'ac
2204 1304 2461 1380 proinde
2502 1304 2569 1365 in
2620 1301 2725 1362 illo
2756 1303 2981 1364 valere.
3017 1303 3287 1382 Deinde,

1727 1395 1876 1474 quia
1903 1397 1957 1456 si
1984 1403 2075 1457 est
2120 1403 2293 1457 actus
2328 1395 2779 1476 Jurisdictionis
2820 1393 3155 1474 judicialis,
3185 1398 3289 1459 de-

1727 1488 1833 1548 bet
1867 1489 2081 1567 aliquo
2116 1489 2298 1550 modo
2324 1485 2802 1568 judi'ciali‘fieri,
2856 1489 2998 1550 licet
3041 1496 3290 1568 praeter-

1721 1580 2101 1658 ¹‘iudicialiter
2152 1581 2285 1657 fiat,
2331 1581 2393 1642 id
2446 1588 2576 1658 est,
2638 1588 2858 1662 praeter
2904 1582 3288 1644 ordinarium

1727 1670 2022 1751 'modum3
2055 1692 2201 1752 ergo
2227 1674 2443 1734 saltem
2477 1693 2722 1736 necesse
2772 1681 2863 1735 est
2900 1683 2968 1735 ut
3013 1677 3289 1738 notarius

1728 1767 1911 1828 adsit.
1937 1767 2149 1845 Neque
2186 1766 2303 1827 hoc
2337 1764 2522 1828 debet
2562 1768 2800 1830 censeri
2842 1767 3029 1828 nimis
3075 1787 3291 1831 onero-

1727 1877 1866 1920 sum
1911 1859 2380 1936 poenitentibus,
2412 1861 2465 1920 si
2492 1879 2569 1920 ex
2609 1860 2789 1922 corde
2826 1868 3287 1939 convertantur,
3388 1902 3393 1906 -

1727 1954 1876 2031 quia
1901 1971 1979 2014 ex
2019 1970 2146 2012 una
2174 1960 2347 2032 parte
2374 1951 2545 2014 fama
2584 1971 2800 2016 eorum
2848 1955 3037 2014 illaesa
3082 1964 3294 2018 manet

1726 2045 1854 2106 fere
1875 2040 2230 2124 (equaliter-3
2256 2053 2317 2106 et
2350 2064 2424 2108 ex
2448 2045 2592 2122 alia,
2619 2053 2691 2106 ut
2714 2052 2887 2106 notat
2902 2046 3290 2126 Campegius,

1727 2140 1850 2199 illis
1893 2139 2072 2200 valde
2108 2137 2259 2200 utile
2294 2133 2491 2200 estut
2532 2141 2618 2200 sic
2659 2139 3096 2215 absolvantur,
3147 2143 3295 2220 quia

1728 2231 1844 2292 hoc
1877 2231 2061 2292 modo
2091 2249 2214 2292 non
2244 2225 2500 2310 possunt
2519 2233 2774 2293 ulterius
2806 2233 3015 2312 puniri
3044 2251 3153 2312 pro
3188 2233 3297 2294 illo

1727 2324 1973 2410 delicto,
2007 2323 2247 2384 etiamsi
2282 2323 2357 2384 de
2390 2323 2498 2384 illo
2529 2332 2736 2404 postea
2761 2324 3112 2387 denuntiari
3149 2343 3294 2388 con-

1737 2419 1959 2494 tingat.
1999 2407 2234 2489 Tertio,
2286 2419 2567 2495 sequitur
2606 2418 3109 2496 praemittendam
3167 2437 3297 2480 csse

1739 2499 2197 2587 abjurationem
2225 2497 2547 2570 formalem
2579 2516 2641 2569 et
2662 2509 2993 2588 juridicam
3024 2517 3169 2571 ante
3204 2518 3298 2572 ta·

1741 2603 1862 2664 lem
1892 2600 2364 2675 absolutionem,
2393 2608 2461 2661 ut
2483 2597 2549 2662 in
2578 2602 2741 2662 dicta
2765 2601 2946 2664 Bulla
2968 2599 3300 2664 Clementis

1742 2701 2014 2768 cavetur,
2040 2695 2253 2774 estque
2295 2695 2710 2756 necessarium
2743 2695 2823 2756 ad
2851 2695 3085 2756 bonum
3128 2695 3295 2768 fidei,

1737 2794 1802 2847 et
1829 2793 1898 2848 ut
1944 2789 2291 2847 remedium
2335 2786 2552 2848 efficax
2600 2787 2986 2848 adhibeatur.
3038 2787 3293 2856 Ultimo,

1735 2882 2016 2961 sequitur
2042 2880 2401 2940 facultatem
2429 2879 2589 2940 hanc
2634 2897 2745 2958 per
2770 2897 2833 2940 se
2874 2883 3073 2960 primo
3116 2888 3177 2941 et
3205 2880 3300 2940 di-

1735 2981 1900 3033 recte
1951 2972 2217 3033 residere
2269 2973 2333 3033 iu
2377 2972 2699 3046 tribunali,
2748 2975 2855 3033 ‘seu
2908 2973 3296 3044 consistori0‚

1737 3083 1885 3126 nam
1919 3065 2011 3125 illi
2061 3065 2205 3126 data
2251 3071 2343 3125 est
2377 3061 2728 3142 jurisdictio
2781 3063 2947 3126 illins
2999 3068 3296 3128 muneris.

1737 3159 2036 3220 Existimo
2065 3164 2276 3219 tamen
2306 3159 2374 3217 in
2403 3175 2477 3218 eo
2515 3155 2662 3218 casu
2696 3175 2871 3237 posse
2900 3161 3165 3220 exerceri
3192 3179 3303 3238 per

1735 3267 1932 3312 unum
1964 3257 2207 3311 tantum
2240 3251 2699 3330 Inquisitorem,
2748 3271 2824 3312 ex
2870 3265 3169 3313 consensu
3208 3254 3303 3314 al-

1735 3345 1952 3419 terius,
1992 3345 2091 3404 vel
2130 3344 2431 3421 aliorum3
2483 3341 2651 3424 q'uia,
2698 3351 2768 3404 ut
2822 3345 2954 3405 dixi
2975 3367 2995 3420 ·,
3050 3353 3307 3424 possunt

1740 3438 2129 3498 committere
2160 3453 2335 3496 suam
2368 3433 2884 3515 jurisdictionem,
2930 3444 2991 3498 et
3036 3439 3184 3516 quia
3212 3457 3305 3499 re-

1737 3547 1884 3591 vera
1912 3531 2001 3591 ita
2025 3529 2293 3610 expedit,
2320 3538 2391 3590 ut
2415 3532 2787 3609 poenitentes
2806 3529 3051 3592 facilius
3078 3541 3302 3592 etcum

1738 3623 1969 3683 minori
2007 3639 2195 3684 onere
2236 3621 2335 3683 vel
2376 3622 2603 3683 rubore
2645 3623 2957 3684 accedant.
2990 3625 3064 3684 Et
3101 3644 3175 3684 ex
3208 3625 3305 3690 his

1741 3715 2057 3797 principiis
2084 3723 2341 3796 possunt
2383 3714 2563 3776 facile
2612 3715 2858 3776 definiri
2906 3718 3133 3790 multa,
3162 3735 3299 3797 quae

1737 3811 1812 3871 de
1841 3809 1959 3870 hac
1980 3804 2274 3870 facultate
2303 3809 2449 3868 dicti
2480 3815 2762 3869 auctores
2792 3817 3076 3872 tractant.

1824 3903 1922 3963 49.
1968 3901 2069 3962 An
2124 3907 2304 3964 cesset
2363 3901 2689 3964 reservatio
2732 3901 2979 3964 koeresis
3000 3947 3021 3976 ,
3070 3903 3305 3983 quando

1736 4002 1903 4074 facta
1939 3999 2031 4056 est
2052 3995 2200 4072 ficta
2228 3995 2514 4070 consessio
2553 3995 2716 4070 apud
2735 3994 3195 4073 Inquisitorem.
3222 4026 3304 4040 --

1739 4087 1946 4148 Unum
1978 4094 2187 4147 tamen
2229 4086 2413 4147 breve
2464 4083 2925 4165 dubium,.'quia
2968 4089 3303 4165 practicum

1739 4187 1853 4254 est,
1881 4192 2009 4240 non
2040 4177 2356 4254 omittam3
2386 4178 2692 4250 videlicet,
2732 4181 2784 4238 si
2824 4181 3147 4257 contingat
3176 4180 3302 4240 hae-

1737 4273 2002 4334 reticum
2032 4270 2343 4332 occultum
2378 4267 2521 4330 ficte
2567 4269 2855 4332 accedere
2882 4271 2959 4332 ad
3001 4280 3303 4334 secretam

1737 4365 2179 4426 confessionem
2206 4363 2373 4423 dicto
2406 4359 2591 4423 modo
2614 4361 2983 4439 faciendam,
3010 4371 3081 4425 ut
3103 4365 3305 4426 absol·

1733 4469 1918 4519 vatur
1958 4457 2249 4532 exterius,
2294 4457 2471 4516 etita
2496 4475 2536 4516 a
2568 4455 2765 4533 poenis
2791 4457 2860 4516 in
2887 4463 3143 4518 externo
3170 4459 3304 4518 foro

1735 4550 2057 4625 liberetur,
2096 4567 2236 4610 cum
2260 4555 2470 4609 tamen
2500 4567 2575 4608 ex
2605 4548 2788 4610 corde
2816 4567 2943 4608 non
2986 4559 3305 4611 converta-

1739 4651 1863 4719 tur,
1902 4643 2113 4703 anilla
2143 4641 2443 4704 absolutio
2466 4641 2673 4702 valida
2700 4642 2800 4716 sit,
2834 4646 2895 4702 et
2922 4659 3298 4722 consequen·

1738 4745 1834 4797 ter
1861 4755 1942 4797 an
1976 4735 2297 4796 auferatur
2324 4734 2659 4796 reservatio
2694 4734 2965 4813 peccati,
3014 4734 3103 4794 ita
3146 4748 3215 4794 ut
3252 4735 3308 4795 si

1736 4836 1946 4908 postea
1988 4829 2247 4888 interius
2284 4827 2680 4887 convertatur
2703 4872 2722 4901 ‚
2760 4833 2823 4886 et
2868 4845 3010 4887 vere
3056 4825 3302 4900 doleat,

1739 4923 1930 5004 possit
1954 4940 1995 4983 a
2028 4921 2306 5001 quolibet
2342 4919 2690 4980 confessore
2726 4919 2984 4981 absolvi.
3018 4919 3111 4980 Ad
3142 4919 3305 4999 quod

1736 5015 2077 5095 respondeo
2138 5013 2591 5074 absolutionem
2649 5010 2823 5072 illam
2881 5029 3007 5072 non
3070 5011 3300 5087 valere,

1735 5109 1882 5188 quia
1925 5106 2191 5167 intentio
2228 5103 2601 5167 absolventis
2630 5109 2879 5164 tantum
2910 5111 2999 5165 est
3026 5104 3304 5164 absolve-

1737 5219 1805 5261 re
1831 5200 2151 5261 hominem
2178 5197 2448 5273 fidelem,
2476 5203 2541 5257 et
2578 5213 2721 5256 vere
2763 5214 3149 5257 conversum.
3182 5197 3304 5257 Un-

1738 5293 1816 5354 de
1853 5293 2008 5354 solet
2040 5291 2231 5353 etiam
2256 5289 2527 5369 exprimi
2555 5289 2827 5350 conditio
2856 5310 2873 5348 ι
2923 5288 3007 5353 Si
3046 5290 3141 5352 ita
3184 5295 3297 5365 est,

1736 5393 1882 5462 etc„
1913 5392 1977 5448 et
2016 5385 2181 5460 ideo,
2212 5403 2336 5446 non
2372 5384 2739 5444 subsistente
2768 5383 3141 5457 conditione,
3172 5402 3303 5444 non

1739 5486 1833 5539 cst
1865 5479 2133 5539 intentio
2174 5475 2535 5538 absolvendi
2566 5497 2583 5550 ;
2623 5482 2685 5536 et
2724 5483 3169 5555 consequenter
3189 5493 3303 5536 ue-

157 5575 334 5631 mtum
361 5574 430 5632 in
459 5574 604 5636 soro
646 5576 1053 5653 poenitentiae,
1083 5573 1188 5636 sed
1215 5573 1404 5632 etiam
1433 5571 1500 5632 in
1529 5570 1663 5630 foro
1745 5589 1866 5653 que
1889 5571 2195 5633 absolutio
2222 5568 2429 5632 valida
2456 5575 2569 5630 est.
2600 5571 2923 5648 Potestque
2948 5588 2985 5629 a
3012 5570 3199 5630 simili
3226 5587 3305 5630 ex
