3900 6217
753 405 921 458 SECT.
960 407 1043 458 111.
1080 406 1140 458 IN
1174 405 1297 469 Quo
1329 406 1537 460 GnAuu
1573 402 2010 457 pann-:cuorus
2044 404 2140 458 sl'r
2175 404 2398 459 vlnTUs
2429 406 2898 459 MlstmmORmAE:

225 503 309 563 ad
362 503 719 581 habentem,
773 524 883 568 seu
922 508 1243 571 secundum
1288 524 1420 581 uos,
1466 503 1794 585 perfectior

226 598 311 657 sit
338 598 623 660 charitas,
675 601 745 660 In
796 618 919 679 qua
956 601 1238 661 doctrina
1278 598 1663 679 explicanda,
1699 598 1794 659 in·

224 692 367 771 quit
396 693 745 771 Cajetanus,
784 693 1171 755 considerare
1195 695 1489 755 virtutem
1518 692 1791 771 aliquam

226 786 573 847 sec-undum
622 804 709 860 se,
759 806 889 848 esse
926 788 1313 848 considerare
1350 784 1791 866 perfectionem

226 880 285 957 ej
296 897 367 937 us
396 878 807 941 abstrahendo
850 898 1100 941 omnem
1124 880 1553 941 habitudinem
1573 879 1651 939 ad
1684 876 1791 937 ob·

214 972 459 1049 jectum
490 978 551 1032 et
581 972 949 1051 subjeetum,
978 979 1039 1033 et
1076 974 1161 1033 sic
1202 972 1651 1033 consideratam
1678 970 1791 1029 mi-

222 1065 628 1127 sericordiam
651 1085 778 1127 esse
798 1066 1221 1146 perfectiorem
1247 1066 1564 1139 charitate,
1578 1083 1793 1144 quam-

222 1160 325 1219 vis
356 1157 424 1219 in
450 1160 575 1220 Deo
603 1160 844 1221 dicatur
866 1159 1107 1235 melior,
1139 1158 1287 1237 quia
1305 1158 1663 1220 charitatem
1698 1158 1795 1218 in·

222 1251 449 1313 cludit.
482 1254 627 1325 Quae
668 1272 871 1333 neque
899 1270 1067 1327 vere,
1116 1271 1317 1332 neque
1347 1258 1794 1331 cousequenter

223 1344 397 1404 dicta
426 1352 593 1405 sunt.
626 1346 905 1407 Primum
936 1346 1102 1406 enim
1132 1344 1505 1425 impossibile
1532 1351 1624 1405 est
1652 1363 1794 1405 con-

223 1439 505 1499 siderare
533 1437 979 1519 perfectionem
1014 1440 1257 1499 virtutis
1298 1438 1551 1518 praeciso
1576 1438 1794 1498 ordine

222 1532 310 1593 ad
339 1531 653 1611 objectum
688 1548 705 1591 ε
738 1532 855 1593 hoc
885 1534 1051 1593 enim
1094 1530 1324 1606 ablato,
1354 1549 1556 1610 neque
1585 1537 1797 1591 manet

222 1626 464 1703 species
517 1625 791 1697 virtutis,
819 1644 1021 1705 neque
1068 1626 1193 1687 ulla
1244 1624 1554 1685 distinctio
1572 1646 1590 1699 ;
1624 1622 1795 1683 nulla

223 1736 383 1795 ergo
428 1718 563 1780 fieri
614 1725 813 1799 potest
859 1720 1261 1799 comparatio.
1312 1719 1465 1779 Item
1499 1717 1795 1797 perfectio

222 1812 480 1871 virtutis
499 1830 573 1872 ex
612 1812 851 1873 actibus
874 1820 1189 1891 pensatur,
1222 1817 1391 1873 actus
1416 1828 1561 1873 vero
1588 1811 1655 1871 in
1684 1810 1794 1871 ali-

223 1923 355 1985 quo
404 1905 645 1985 objecto
675 1915 975 1967 versatur.
1008 1906 1183 1967 Unde
1220 1924 1423 1984 neque
1453 1906 1582 1984 ipse
1624 1905 1795 1984 Caje-

222 2004 417 2061 tanus
466 2000 665 2079 potuit
718 2000 1023 2079 explicare
1076 1999 1513 2078 perfectionem
1558 2000 1795 2059 miseri-

226 2094 633 2170 cordiae,nisi
691 2095 757 2155 in
804 2095 1021 2155 ordine
1064 2094 1144 2155 ad
1196 2101 1366 2155 actus
1426 2101 1488 2155 et
1523 2094 1787 2173 objecta.

224 2187 463 2249 Deinde
502 2188 555 2247 si
616 2188 1033 2249 misericordia
1085 2188 1335 2268 praecise
1384 2193 1653 2265 sumpta,
1686 2204 1794 2247 ne-

226 2299 351 2360 que
376 2280 443 2341 in
472 2281 594 2341 Deo
620 2298 821 2359 neque
850 2282 916 2341 in
946 2281 1123 2341 nobis
1152 2287 1243 2343 est
1290 2280 1639 2359 perfectior,
1684 2279 1791 2339 ubi

226 2374 467 2433 obtinet
522 2372 693 2435 illam
764 2374 1227 2435 excellentiam?
1284 2374 1561 2435 Tandem
1622 2373 1786 2453 quod

224 2466 451 2528 ultimo
485 2466 657 2543 dicit,
686 2486 815 2529 non
858 2469 1136 2530 defendit
1178 2471 1247 2530 D.
1286 2468 1583 2529 'rhomam
1592 2514 1613 2543 ,
1640 2486 1787 2527 nam

226 2560 448 2621 eadem
484 2561 726 2622 ratione
752 2563 821 2623 in
852 2562 1031 2623 nobis
1056 2561 1479 2623 misericordia
1507 2562 1626 2622 erit
1652 2580 1787 2640 per-

224 2652 446 2713 fectior
474 2652 795 2729 charitate,
820 2661 1123 2734 quatenus
1140 2673 1279 2715 eam
1304 2654 1589 2715 includit.

309 2748 371 2806 3.
412 2744 695 2809 Aliorum
740 2748 1189 2811 Thmui-starum
1230 2748 1645 2828 expositio.-—
1679 2744 1790 2809 Ob-

208 2837 473 2917 jectioni
496 2839 739 2918 satisfit.
753 2840 1021 2901 —Aliter
1034 2842 1227 2919 igitur
1254 2839 1599 2918 explicatur
1626 2842 1789 2901 dicta

226 2932 541 2992 distinctio
566 2978 584 3007 ,
618 2932 1101 2995 misericordiam
1130 2934 1467 2993 secundum
1496 2952 1559 2993 se
1588 2933 1787 2993 consi-

226 3025 529 3102 deratam,
552 3026 709 3086 nihil
738 3026 909 3087 aliud
935 3044 1062 3087 esse
1088 3044 1274 3104 quam
1302 3026 1786 3087 mIsericordiam

227 3116 600 3179 abstractam
637 3120 716 3179 ab
753 3120 924 3179 omni
954 3118 1416 3197 imperfectione
1458 3138 1643 3198 quam
1678 3119 1787 3180 ha·

222 3210 333 3271 bet
372 3228 449 3271 ex
499 3212 815 3287 creaturiS,
859 3219 920 3272 et
948 3212 1025 3271 ab
1060 3212 1232 3273 omni
1272 3212 1643 3289 perfectione
1673 3231 1784 3273 ex·

223 3306 532 3379 trinseca,
585 3306 689 3365 sed
738 3306 937 3365 solum
997 3304 1331 3365 secundum
1385 3304 1557 3365 illam
1596 3322 1782 3382 quam

224 3395 416 3457 habet
443 3416 521 3457 ex
540 3399 791 3477 propria
826 3398 1065 3458 ratione
1096 3396 1375 3471 formali3
1409 3405 1472 3457 et
1510 3397 1627 3457 hoc
1650 3416 1787 3457 sen-

228 3509 303 3550 su
328 3492 569 3552 videtur
596 3492 752 3553 velle
792 3492 973 3552 divus
1014 3492 1282 3553 Thomas
1305 3491 1787 3553 misericordiam

228 3604 359 3647 esse
416 3584 733 3645 meliorem
775 3585 1105 3659 charitate3
1167 3586 1316 3665 quia
1370 3586 1789 3647 misericordia

228 3678 569 3739 secundum
602 3697 667 3738 se
692 3678 843 3739 dicit
883 3680 1173 3739 virtutem
1206 3678 1648 3739 sublevativam
1674 3677 1789 3737 mi-

229 3772 405 3831 seriae
428 3788 447 3847 ;
472 3788 618 3849 ergo
673 3771 1099 3831 misericordia
1152 3789 1394 3832 summa
1422 3772 1488 3831 in
1530 3788 1640 3831 sua
1690 3789 1787 3829 ra-

230 3865 403 3925 tione
450 3864 601 3924 dicit
627 3864 922 3923 virtutem
952 3863 1393 3924 sublevativam
1431 3864 1635 3925 omnis
1674 3864 1789 3923 mi-

228 3958 405 4018 seriae
420 3974 441 4034 ;
474 3974 621 4035 ergo
669 3968 878 4017 actum
907 3975 1135 4036 purum
1188 3956 1427 4017 infinite
1452 3956 1787 4035 perfectum

228 4068 303 4109 ac
346 4056 679 4127 potentem.
731 4050 1119 4129 Quapropter
1173 4049 1301 4110 hoec
1328 4049 1527 4109 virtus
1564 4049 1790 4107 dicitur

228 4143 503 4203 maxime
534 4144 783 4222 propria
830 4143 960 4217 Dei,
1007 4152 1069 4203 et
1124 4160 1312 4221 opera
1350 4141 1787 4201 misericordiae

229 4236 523 4296 dicuntur
538 4254 827 4313 superare
850 4236 1113 4315 reliqua,
1136 4234 1289 4297 Psal.
1320 4237 1456 4295 114.
1484 4235 1654 4295 Dices
1681 4254 1789 4295 ne—

226 4347 354 4407 que
378 4328 855 4389 misericordiam
878 4330 984 4389 Dei
1001 4346 1172 4408 posse
1192 4328 1509 4388 sublevare
1534 4346 1786 4389 omnem

225 4422 571 4495 miseriam,
597 4422 745 4499 quia
785 4440 908 4482 non
940 4428 1136 4501 potest
1164 4440 1201 4481 a
1228 4430 1511 4481 creatura
1543 4420 1788 4481 auferre

226 4534 483 4576 omnem
502 4517 586 4575 im
594 4514 1175 4593 perfectionemRes
1180 4514 1486 4592 pendetur
1498 4514 1789 4593 simplic-i·

225 4616 330 4669 ter
380 4626 548 4687 posse
588 4608 832 4669 auferre
879 4625 1131 4667 omnem
1151 4607 1488 4681 miseriam,
1512 4625 1647 4685 quae
1682 4625 1789 4666 au-

3313 406 3432 469 663

1874 503 2059 565 modo
2087 523 2210 583 quo
2241 524 2278 565 a
2303 506 2479 567 nobis
2514 506 3002 587 distinguuntur,
3031 508 3430 571 excellentius

1872 598 2245 659 attributum
2288 618 2417 660 esse
2449 599 2834 662 charitatem.
2877 601 3110 677 Primo,
3159 603 3306 681 quia
3347 608 3440 665 est

1874 691 2011 751 fons
2064 691 2524 753 misericordiae.
2568 694 2876 767 Secunde,
2913 695 3061 772 quia
3091 696 3277 756 etiam
3323 697 3440 777 ipsi

1877 787 2002 846 Deo
2035 786 2256 847 melius
2303 795 2394 847 est
2435 805 2677 848 summo
2713 806 2922 851 amore
2955 790 3072 850 sibi
3117 791 3435 869 conjungi,

1872 899 2061 960 quam
2103 881 2366 943 aliorum
2407 882 2704 944 misereri.
2753 884 2984 960 Tei-tie,
3027 886 3173 965 quia
3217 886 3435 946 melius

1874 980 1965 1035 est
2006 975 2312 1053 objectum
2345 976 2686 1050 charitatis,
2709 984 2772 1037 et
2806 978 2942 1053 ejus
2963 985 3155 1039 actus,
3177 979 3433 1053 Quarto,

1874 1067 2021 1147 quia
2041 1068 2105 1128 id
2151 1068 2549 1145 excellentiae,
2591 1070 2757 1149 quod
2788 1070 3032 1132 videtur
3059 1090 3192 1133 esse
3223 1072 3288 1133 in
3321 1074 3440 1131 mi-

1872 1161 2230 1235 sericordia,
2265 1162 2662 1222 eminentiori
2687 1162 2870 1223 modo
2895 1170 2992 1225 est
3020 1164 3087 1223 in
3103 1165 3402 1227 charitate
3415 1181 3436 1241 ;

1873 1272 2022 1315 nam
2061 1254 2218 1315 sicut
2249 1255 2669 1315 misericordia
2711 1262 2800 1316 est
2845 1256 3220 1318 sublevativa
3258 1260 3438 1319 mise·

1872 1349 2002 1419 riae,
2029 1347 2118 1407 ita
2144 1347 2409 1409 charitas
2436 1347 2856 1424 benefactiva;
2888 1350 3050 1411 unde
3075 1350 3338 1411 charitas
3371 1352 3435 1411 in

1872 1457 1984 1499 suo
2027 1450 2324 1519 conceptu
2355 1458 2598 1501 summe
2641 1441 2914 1520 perfecta
2961 1449 3075 1517 est,
3123 1448 3188 1505 et
3233 1442 3440 1503 infini-

1874 1538 1935 1593 te
1985 1535 2502 1594 communicativa
2549 1535 2752 1597 omnis
2793 1535 3229 1613 perfectionis;
3272 1536 3434 1615 quod

1876 1627 2064 1687 etiam
2089 1628 2354 1705 requirit
2375 1636 2584 1688 actum
2629 1646 2857 1707 purum
2894 1636 2958 1689 et
2994 1630 3308 1691 infinitam
3337 1648 3442 1708 po-

1876 1721 2164 1781 tentiam.
2212 1721 2516 1781 Praeterea
2568 1721 2635 1781 in
2687 1721 2803 1781 hoe
2851 1722 3098 1783 excellit
3150 1723 3438 1797 charitas,

1876 1812 2022 1891 quia
2055 1831 2182 1872 non
2233 1814 2437 1873 solum
2471 1814 2544 1874 ad
2579 1820 2895 1873 externam
2930 1815 3444 1875 communicatio-

1874 1924 2043 1977 nem,
2071 1904 2177 1965 scd
2223 1904 2300 1965 ad
2339 1924 2476 1965 eam
2518 1906 2707 1967 etiam
2744 1923 2884 1986 quae
2916 1908 3079 1967 intra
3105 1908 3298 1967 Dcnm
3323 1912 3435 1981 est,

1876 1998 2156 2059 inclinat.
2214 1998 2392 2059 Unde
2441 2016 2568 2059 non
2607 1998 2803 2058 solum
2847 1999 3264 2059 communicat
3305 2016 3441 2077 per-

1872 2090 2203 2151 fectionem
2255 2090 2496 2152 finitam
2567 2092 2634 2151 iu
2683 2091 3036 2167 infinitum,
3091 2091 3198 2153 sed
3249 2091 3436 2152 etiam

1873 2184 2314 2266 perfectionem
2363 2185 2725 2265 simpliciter
2775 2185 3086 2246 infinitam
3133 2204 3240 2264 per
3300 2203 3437 2263 pro-

1874 2279 2175 2341 cessiones
2203 2281 2284 2341 ad
2331 2280 2497 2340 intra
2513 2296 2532 2356 3
2567 2298 2740 2353 nam,
2771 2279 2917 2340 licet
2945 2279 3066 2339 illae
3095 2297 3222 2339 non
3251 2279 3374 2338 sint
3401 2296 3440 2339 a

1873 2372 2192 2443 voluntate
2234 2374 2452 2449 libera,
2483 2379 2629 2435 sunt
2675 2380 2885 2433 tamen
2925 2372 3318 2453 propensioni
3344 2372 3438 2451 ip-

1867 2466 1994 2529 sius
2041 2466 2374 2528 voluntatis
2425 2472 2848 2527 consentaneas
2865 2482 2886 2543 ;
2937 2472 2998 2526 et
3044 2484 3117 2527 ea
3163 2483 3300 2545 quae
3345 2470 3437 2525 est

1866 2578 1978 2639 per
2003 2577 2306 2637 amorem,
2336 2567 2427 2621 est
2450 2580 2488 2621 a
2511 2559 2834 2633 charitate,
2862 2560 3147 2640 quamvis
3173 2577 3282 2637 per
3305 2577 3434 2619 mo-

1867 2653 2018 2713 dum
2047 2660 2284 2715 naturoe
2307 2654 2626 2715 influente.

1946 2749 2010 2822 5.
2049 2748 2171 2821 Quo
2194 2750 2466 2811 sensuD.
2491 2748 2752 2811 Tho-mas
2779 2747 3256 2809 misericordiam
3273 2764 3434 2827 proe-

1866 2845 2027 2921 serat
2069 2841 2379 2904 charitati.
2413 2872 2494 2887 —-
2530 2841 2624 2901 Ad
2654 2841 2868 2901 divum
2909 2840 3100 2919 igitur
3127 2839 3431 2899 Thomam

1866 2933 2292 3011 respondetur,
2341 2952 2467 2995 non
2503 2934 2880 3015 simpliciter,
2929 2932 3035 2993 sed
3091 2932 3429 2993 secundum

1868 3027 2014 3106 quid
2060 3026 2401 3105 praetulisse
2449 3027 2924 3088 misericordiam
2966 3024 3279 3098 charitati,
3327 3040 3430 3083 eas

1866 3120 2204 3179 secundum
2267 3137 2329 3179 se
2397 3119 2884 3193 considerando;
2949 3120 3098 3197 quia
3165 3117 3429 3177 charitas

1865 3231 1977 3292 per
2025 3231 2090 3273 se
2149 3230 2276 3273 non
2325 3212 2480 3273 dicit
2532 3214 2838 3274 rationem
2889 3212 3219 3293 superioris
3246 3256 3267 3286 ,
3323 3210 3430 3271 sed

1867 3312 1958 3367 est
2015 3306 2178 3366 inter
2237 3306 2504 3386 aequales
2534 3328 2552 3379 ,²
2614 3312 2679 3366 at
2740 3303 3156 3367 misericordia
3192 3349 3212 3379 ,
3281 3304 3430 3381 quia

1867 3398 2118 3478 respicit
2179 3400 2490 3460 miseriam
2523 3443 2543 3473 ,
2609 3398 2948 3459 secundum
3005 3414 3070 3457 se
3134 3397 3430 3475 importat

1869 3493 2206 3571 quamdam
2271 3492 2736 3566 excellentiam,
2788 3492 3097 3571 praecipue
3145 3490 3198 3550 si
3251 3488 3432 3548 intel-

1868 3584 2101 3663 ligatur
2149 3586 2451 3665 perfecta,
2509 3593 2570 3646 et
2610 3592 2826 3665 potens
2879 3584 3170 3665 perficere
3221 3596 3429 3643 actum

1870 3697 2055 3739 suum
2073 3694 2092 3755 3
2133 3686 2194 3739 et
2227 3680 2374 3759 quia
2406 3679 2524 3739 hoc
2555 3697 2681 3739 non
2722 3679 2984 3759 requirit
3009 3674 3430 3737 misericordia

1868 3772 2209 3832 secundum
2229 3792 2364 3847 neS,
2394 3778 2504 3832 aut
2531 3779 2717 3853 prout
2739 3772 2806 3832 in
2826 3771 3004 3832 nobis
3033 3776 3146 3845 est,
3169 3768 3329 3841 iden,
3361 3773 3432 3827 ut

1868 3865 1976 3937 sic,
2007 3864 2178 3924 nullo
2206 3864 2388 3925 modo
2411 3865 2561 3925 dicit
2589 3883 2878 3944 superare
2905 3862 3288 3925 charitatem.
3320 3862 3430 3921 At-

1868 3975 1989 4035 que
2031 3956 2176 4016 hinc
2212 3958 2400 4018 etiam
2443 3956 2514 4017 fit
2546 3963 2616 4017 ut
2659 3976 2768 4037 per
2806 3976 2870 4017 se
2911 3958 3036 4017 Deo
3079 3954 3427 4028 conveniat,

1868 4051 2006 4111 aliis
2046 4051 2217 4130 quasi
2248 4069 2357 4130 per
2383 4051 2704 4127 accidens;
2755 4057 2817 4111 et
2842 4050 3151 4131 praecipue
3181 4049 3242 4108 id
3281 4048 3432 4107 dici-

1868 4151 1971 4205 tur
2005 4144 2418 4223 comparando
2465 4146 2946 4206 misericordiam
2995 4143 3073 4203 ad
3107 4142 3428 4203 interitum

1869 4243 1932 4297 et
1957 4238 2366 4315 punitionem,
2389 4238 2535 4316 quia
2565 4238 2840 4298 misereri
2869 4236 3066 4297 oritur
3095 4235 3174 4295 ab
3199 4234 3424 4297 intrin-

1870 4348 2004 4390 seco
2032 4349 2107 4391 ex
2139 4329 2471 4391 visceribus
2500 4331 2630 4403 Dei,
2663 4330 2883 4409 punire
2919 4348 3065 4389 vero
3095 4328 3174 4388 ab
3199 4331 3432 4389 extrin-

1869 4440 2010 4483 seco
2036 4440 2109 4484 ex
2147 4423 2474 4483 hominum
2505 4424 2760 4484 meritis,
2789 4422 2908 4483 Sed
2937 4438 3177 4502 quaeres
3201 4439 3280 4481 an
3315 4419 3432 4480 sal-

1868 4523 1996 4577 tem
2025 4522 2303 4595 respectu
2345 4515 2490 4576 fidei
2514 4522 2578 4578 et
2612 4516 2740 4593 spei
2769 4514 3188 4575 misericordia
3219 4528 3436 4574 secun-

1872 4608 2018 4669 dum
2042 4627 2104 4669 se
2124 4609 2245 4669 dici
2269 4610 2455 4689 possit
2481 4608 2821 4689 perfectior.
2846 4608 3272 4688 Respondetur
3299 4608 3434 4667 sine

226 4702 385 4763 ferri
414 4707 637 4780 potest,
668 4708 731 4762 et
757 4702 875 4762 hoc
900 4700 1047 4761 satis
1074 4706 1163 4760 est
1192 4706 1261 4760 ut
1289 4699 1429 4759 talis
1451 4699 1820 4807 misericor·
1872 4702 2062 4763 dubio
2109 4720 2398 4781 superare
2435 4702 2570 4763 illas
2598 4703 2662 4763 in
2706 4702 2844 4777 hoc,
2883 4699 3051 4779 quod
3087 4700 3154 4759 in
3185 4700 3432 4779 proprio

228 4796 339 4857 dia
384 4795 657 4874 requirat
701 4792 1013 4855 infinitam
1070 4793 1514 4873 perfectionem
1558 4792 1793 4871 simpli-

228 4889 406 4952 citer.

315 4985 375 5043 4.
420 4982 725 5061 Rejicitur
742 4980 1023 5063 prociona
1048 4980 1360 5061 expositio,
1378 4982 1438 5042 et
1458 4978 1790 5042 ostenditur

227 5074 656 5155 multiplieiter
674 5076 1029 5138 charitatem
1063 5072 1423 5154 simpliciter
1448 5072 1791 5150 praecellere

228 5170 781 5232 misericordioe.——-
808 5169 950 5229 Haec
994 5165 1299 5227 sententia
1354 5164 1709 5225 defenditur
1754 5183 1791 5223 a

230 5262 448 5323 multis
474 5260 826 5336 ThemistiS,
842 5260 945 5321 sed
976 5277 1103 5319 non
1130 5259 1344 5339 placet.
1378 5256 1551 5319 Unde
1577 5274 1793 5317 censeo

232 5354 637 5429 charitatem,
680 5359 1099 5432 comparatam
1155 5352 1495 5412 secundum
1545 5369 1609 5409 se
1652 5369 1790 5411 cum

232 5446 676 5521 misericordia,
708 5465 836 5507 esse
887 5445 1249 5524 simpliciter
1298 5444 1644 5517 meliorem,
1703 5449 1794 5503 at-

234 5559 357 5621 que
400 5539 555 5601 adeo
596 5541 663 5601 in
714 5540 837 5599 Deo
900 5537 1315 5617 comparando
1378 5535 1677 5597 attributa
1720 5554 1795 5599 60

1872 4801 2172 4873 conceptu
2220 4814 2346 4855 non
2394 4794 2660 4855 includit
2705 4786 3276 4872 imperfectionem,
3330 4791 3436 4853 sed

1875 4886 2314 4966 perfectionem
2359 4887 2720 4965 simpliciter
2740 4909 2756 4960 ;
2803 4885 2955 4947 fides
2987 4903 3132 4945 vero
3171 4902 3234 4945 6ι
3275 4902 3433 4965 speS‚

1868 4985 2120 5059 propter
2150 4980 2402 5039 modum
2427 4978 2718 5041 tendendi
2751 4981 2818 5039 in
2850 4978 3184 5057 objectum,
3223 4978 3438 5037 dicunt

1871 5070 2403 5149 imperfectionem
2425 5116 2446 5147 ,
2489 5078 2552 5133 et
2577 5090 2703 5132 non
2741 5077 2997 5151 possunt
3031 5088 3161 5130 esse
3205 5072 3271 5130 in
3311 5071 3436 5131 Deo

1871 5165 2233 5239 formaliter,
2269 5166 2336 5225 in
2376 5182 2498 5243 quo
2537 5182 2662 5225 non
2693 5165 2890 5225 solnm
2921 5182 2957 5223 a
2991 5162 3433 5237 misericordia,

1874 5258 1978 5317 sed
2003 5256 2190 5317 etiam
2222 5275 2260 5317 a
2280 5258 2517 5335 justitia
2549 5262 2612 5317 et
2639 5257 2929 5317 omnibus
2957 5254 3436 5335 perfectionibus

1874 5350 2238 5428 simpliciter
2258 5355 2627 5429 superantur
2643 5365 2662 5426 3
2698 5349 3104 5409 nihilominus
3131 5348 3438 5407 tamenin

1874 5442 2052 5503 nobis
2091 5442 2475 5521 perfectiores
2503 5448 2649 5502 sunt
2691 5440 2840 5503 fides
2861 5448 2922 5501 et
2965 5459 3124 5520 speS,
3157 5440 3304 5519 quia
3332 5439 3441 5501 illa

1875 5535 2314 5598 misericordiae
2344 5534 2504 5597 ratio
2533 5541 2848 5596 contracta
2877 5540 2967 5595 est
2993 5532 3074 5594 ad
3117 5532 3440 5613 imperfec-
