<?xml version="1.0" encoding="UTF-8"?>
<!DOCTYPE html PUBLIC "-//W3C//DTD XHTML 1.0 Transitional//EN"
    "http://www.w3.org/TR/xhtml1/DTD/xhtml1-transitional.dtd">
<html xmlns="http://www.w3.org/1999/xhtml" xml:lang="en" lang="en">
 <head>
  <title>
</title>
<meta http-equiv="Content-Type" content="text/html;charset=utf-8" />
  <meta name='ocr-system' content='tesseract 3.04.00' />
  <meta name='ocr-capabilities' content='ocr_page ocr_carea ocr_par ocr_line ocrx_word'/>
</head>
<body>
  <div class='ocr_page' id='page_1' title='image "./rpfranciscisuar00duvagoog_0477.png"; bbox 0 0 3900 6217; ppageno 0'>
   <div class='ocr_carea' id='block_1_1' title="bbox 652 374 3008 440">
    <p class='ocr_par' dir='ltr' id='par_1_1' title="bbox 652 374 3008 440">
     <span class='ocr_line' id='line_1_1' title="bbox 652 374 3008 440; baseline -0.002 -5"><span class='ocrx_word' id='word_1_1' title='bbox 652 381 822 436; x_wconf 81' lang='lat' dir='ltr'>SECT.</span> <span class='ocrx_word' id='word_1_2' title='bbox 857 380 938 434; x_wconf 74' lang='lat' dir='ltr'>Vl.</span> <span class='ocrx_word' id='word_1_3' title='bbox 973 380 1056 433; x_wconf 72' lang='lat' dir='ltr'>AN</span> <span class='ocrx_word' id='word_1_4' title='bbox 1089 380 1274 434; x_wconf 70' lang='lat' dir='ltr'>OMNIS</span> <span class='ocrx_word' id='word_1_5' title='bbox 1302 380 1446 431; x_wconf 69' lang='lat' dir='ltr'>ALIA</span> <span class='ocrx_word' id='word_1_6' title='bbox 1479 374 1940 431; x_wconf 62' lang='lat' dir='ltr'>consumente</span> <span class='ocrx_word' id='word_1_7' title='bbox 1973 378 2326 431; x_wconf 65' lang='lat' dir='ltr'>tufini-:Luni</span> <span class='ocrx_word' id='word_1_8' title='bbox 2362 376 2689 431; x_wconf 70' lang='lat' dir='ltr'>Pnommu</span> <span class='ocrx_word' id='word_1_9' title='bbox 2722 376 2835 440; x_wconf 76' lang='lat' dir='ltr'>SIT,</span> <span class='ocrx_word' id='word_1_10' title='bbox 2870 375 3008 431; x_wconf 73' lang='lat' dir='ltr'>mc,</span> 
     </span>
    </p>
   </div>
   <div class='ocr_carea' id='block_1_2' title="bbox 3303 372 3423 435">
    <p class='ocr_par' dir='ltr' id='par_1_2' title="bbox 3303 372 3423 435">
     <span class='ocr_line' id='line_1_2' title="bbox 3303 372 3423 435; baseline -0.017 0"><span class='ocrx_word' id='word_1_11' title='bbox 3303 372 3423 435; x_wconf 75' lang='lat'>459</span> 
     </span>
    </p>
   </div>
   <div class='ocr_carea' id='block_1_3' title="bbox 231 474 3427 654">
    <p class='ocr_par' dir='ltr' id='par_1_3' title="bbox 231 474 3427 654">
     <span class='ocr_line' id='line_1_3' title="bbox 231 474 3427 559; baseline -0.001 -18"><span class='ocrx_word' id='word_1_12' title='bbox 231 478 420 541; x_wconf 80' lang='lat' dir='ltr'>fidelis</span> <span class='ocrx_word' id='word_1_13' title='bbox 457 497 600 542; x_wconf 90' lang='lat' dir='ltr'>cum</span> <span class='ocrx_word' id='word_1_14' title='bbox 631 496 807 541; x_wconf 86' lang='lat' dir='ltr'>servo</span> <span class='ocrx_word' id='word_1_15' title='bbox 836 478 1096 554; x_wconf 82' lang='lat' dir='ltr'>infideli,</span> <span class='ocrx_word' id='word_1_16' title='bbox 1120 480 1302 559; x_wconf 79' lang='lat' dir='ltr'>juxta</span> <span class='ocrx_word' id='word_1_17' title='bbox 1343 478 1468 539; x_wconf 91' lang='lat' dir='ltr'>alia</span> <span class='ocrx_word' id='word_1_18' title='bbox 1496 493 1681 555; x_wconf 86' lang='lat' dir='ltr'>supra</span> <span class='ocrx_word' id='word_1_19' title='bbox 1701 474 1783 535; x_wconf 87' lang='lat' dir='ltr'>ci·</span> <span class='ocrx_word' id='word_1_20' title='bbox 1868 476 2255 541; x_wconf 89' lang='lat' dir='ltr'>bitationem.</span> <span class='ocrx_word' id='word_1_21' title='bbox 2288 478 2463 540; x_wconf 82' lang='lat' dir='ltr'>Unde</span> <span class='ocrx_word' id='word_1_22' title='bbox 2490 477 2695 555; x_wconf 83' lang='lat' dir='ltr'>colligi</span> <span class='ocrx_word' id='word_1_23' title='bbox 2732 480 2935 555; x_wconf 88' lang='lat' dir='ltr'>potest</span> <span class='ocrx_word' id='word_1_24' title='bbox 2964 493 3091 537; x_wconf 89' lang='lat' dir='ltr'>non</span> <span class='ocrx_word' id='word_1_25' title='bbox 3116 494 3245 537; x_wconf 88' lang='lat' dir='ltr'>esse</span> <span class='ocrx_word' id='word_1_26' title='bbox 3286 495 3427 555; x_wconf 88' lang='lat' dir='ltr'>pro-</span> 
     </span>
     <span class='ocr_line' id='line_1_4' title="bbox 233 567 3425 654; baseline -0.001 -21"><span class='ocrx_word' id='word_1_27' title='bbox 233 580 351 635; x_wconf 80' lang='lat' dir='ltr'>tata</span> <span class='ocrx_word' id='word_1_28' title='bbox 365 576 532 654; x_wconf 87' lang='lat' dir='ltr'>jura.</span> <span class='ocrx_word' id='word_1_29' title='bbox 560 573 793 648; x_wconf 87' lang='lat' dir='ltr'>Terti0,</span> <span class='ocrx_word' id='word_1_30' title='bbox 818 571 1180 653; x_wconf 81' lang='lat' dir='ltr'>prohibetur</span> <span class='ocrx_word' id='word_1_31' title='bbox 1205 570 1490 633; x_wconf 87' lang='lat' dir='ltr'>fidelibus</span> <span class='ocrx_word' id='word_1_32' title='bbox 1508 569 1606 638; x_wconf 82' lang='lat' dir='ltr'>vel</span> <span class='ocrx_word' id='word_1_33' title='bbox 1633 567 1789 627; x_wconf 87' lang='lat' dir='ltr'>invi·</span> <span class='ocrx_word' id='word_1_34' title='bbox 1868 567 2137 629; x_wconf 85' lang='lat' dir='ltr'>bibitum</span> <span class='ocrx_word' id='word_1_35' title='bbox 2181 570 2531 631; x_wconf 83' lang='lat' dir='ltr'>christianae</span> <span class='ocrx_word' id='word_1_36' title='bbox 2566 569 2815 631; x_wconf 77' lang='lat' dir='ltr'>feminae</span> <span class='ocrx_word' id='word_1_37' title='bbox 2857 570 3095 631; x_wconf 88' lang='lat' dir='ltr'>nutrire</span> <span class='ocrx_word' id='word_1_38' title='bbox 3129 569 3197 629; x_wconf 92' lang='lat' dir='ltr'>in</span> <span class='ocrx_word' id='word_1_39' title='bbox 3240 569 3425 629; x_wconf 91' lang='lat' dir='ltr'>domo</span> 
     </span>
    </p>
   </div>
   <div class='ocr_carea' id='block_1_4' title="bbox 213 662 1819 5603">
    <p class='ocr_par' dir='ltr' id='par_1_4' title="bbox 213 662 1819 5603">
     <span class='ocr_line' id='line_1_5' title="bbox 229 662 1792 746; baseline -0.003 -18"><span class='ocrx_word' id='word_1_40' title='bbox 229 676 356 728; x_wconf 79' lang='lat' dir='ltr'>tare</span> <span class='ocrx_word' id='word_1_41' title='bbox 392 665 734 739; x_wconf 84' lang='lat' dir='ltr'>infidelem,</span> <span class='ocrx_word' id='word_1_42' title='bbox 759 666 856 727; x_wconf 80' lang='lat' dir='ltr'>vel</span> <span class='ocrx_word' id='word_1_43' title='bbox 889 666 970 729; x_wconf 85' lang='lat' dir='ltr'>ad</span> <span class='ocrx_word' id='word_1_44' title='bbox 1005 666 1138 746; x_wconf 68' lang='lat' dir='ltr'>eius</span> <span class='ocrx_word' id='word_1_45' title='bbox 1162 664 1514 737; x_wconf 80' lang='lat' dir='ltr'>convivium</span> <span class='ocrx_word' id='word_1_46' title='bbox 1545 662 1792 723; x_wconf 89' lang='lat' dir='ltr'>accede-</span> 
     </span>
     <span class='ocr_line' id='line_1_6' title="bbox 229 756 1788 841; baseline -0.005 -20"><span class='ocrx_word' id='word_1_47' title='bbox 229 780 316 834; x_wconf 89' lang='lat' dir='ltr'>re,</span> <span class='ocrx_word' id='word_1_48' title='bbox 343 762 493 841; x_wconf 90' lang='lat' dir='ltr'>quia</span> <span class='ocrx_word' id='word_1_49' title='bbox 521 760 653 821; x_wconf 64' lang='lat' dir='ltr'>baec</span> <span class='ocrx_word' id='word_1_50' title='bbox 682 760 867 820; x_wconf 88' lang='lat' dir='ltr'>etiam</span> <span class='ocrx_word' id='word_1_51' title='bbox 891 766 981 821; x_wconf 90' lang='lat' dir='ltr'>est</span> <span class='ocrx_word' id='word_1_52' title='bbox 1007 759 1349 839; x_wconf 86' lang='lat' dir='ltr'>periculosa</span> <span class='ocrx_word' id='word_1_53' title='bbox 1373 756 1788 830; x_wconf 72' lang='lat' dir='ltr'>familiaritaS,</span> 
     </span>
     <span class='ocr_line' id='line_1_7' title="bbox 231 850 1793 935; baseline -0.004 -20"><span class='ocrx_word' id='word_1_54' title='bbox 231 862 288 915; x_wconf 88' lang='lat' dir='ltr'>et</span> <span class='ocrx_word' id='word_1_55' title='bbox 315 854 664 935; x_wconf 82' lang='lat' dir='ltr'><strong>specialiter</strong></span> <span class='ocrx_word' id='word_1_56' title='bbox 705 854 778 915; x_wconf 83' lang='lat' dir='ltr'>fit</span> <span class='ocrx_word' id='word_1_57' title='bbox 801 854 936 915; x_wconf 82' lang='lat' dir='ltr'>haec</span> <span class='ocrx_word' id='word_1_58' title='bbox 979 853 1314 933; x_wconf 83' lang='lat' dir='ltr'>prohibitio</span> <span class='ocrx_word' id='word_1_59' title='bbox 1364 853 1438 913; x_wconf 91' lang='lat' dir='ltr'>de</span> <span class='ocrx_word' id='word_1_60' title='bbox 1465 850 1696 913; x_wconf 82' lang='lat' dir='ltr'>Judaeis</span> <span class='ocrx_word' id='word_1_61' title='bbox 1726 850 1793 910; x_wconf 86' lang='lat' dir='ltr'>ia</span> 
     </span>
     <span class='ocr_line' id='line_1_8' title="bbox 234 941 1795 1023; baseline -0.006 -14"><span class='ocrx_word' id='word_1_62' title='bbox 234 947 499 1009; x_wconf 71' lang='lat' dir='ltr'>Concilio</span> <span class='ocrx_word' id='word_1_63' title='bbox 543 948 876 1010; x_wconf 88' lang='lat' dir='ltr'>Aureliano</span> <span class='ocrx_word' id='word_1_64' title='bbox 925 948 1027 1023; x_wconf 87' lang='lat' dir='ltr'>Ill,</span> <span class='ocrx_word' id='word_1_65' title='bbox 1075 965 1128 1007; x_wconf 89' lang='lat' dir='ltr'>c.</span> <span class='ocrx_word' id='word_1_66' title='bbox 1173 949 1279 1022; x_wconf 76' lang='lat'>23,</span> <span class='ocrx_word' id='word_1_67' title='bbox 1321 953 1385 1010; x_wconf 91' lang='lat' dir='ltr'>et</span> <span class='ocrx_word' id='word_1_68' title='bbox 1429 947 1498 1007; x_wconf 89' lang='lat' dir='ltr'>in</span> <span class='ocrx_word' id='word_1_69' title='bbox 1527 941 1795 1005; x_wconf 81' lang='lat' dir='ltr'>Concilio</span> 
     </span>
     <span class='ocr_line' id='line_1_9' title="bbox 227 1039 1798 1122; baseline 0 -20"><span class='ocrx_word' id='word_1_70' title='bbox 227 1039 594 1118; x_wconf 86' lang='lat' dir='ltr'>Agathensi‚</span> <span class='ocrx_word' id='word_1_71' title='bbox 626 1060 760 1121; x_wconf 83' lang='lat' dir='ltr'>cap.</span> <span class='ocrx_word' id='word_1_72' title='bbox 797 1042 910 1115; x_wconf 75' lang='lat'>40,</span> <span class='ocrx_word' id='word_1_73' title='bbox 939 1058 1074 1121; x_wconf 90' lang='lat' dir='ltr'>cap.</span> <span class='ocrx_word' id='word_1_74' title='bbox 1133 1041 1364 1115; x_wconf 74' lang='lat' dir='ltr'>Omnis,</span> <span class='ocrx_word' id='word_1_75' title='bbox 1410 1042 1512 1118; x_wconf 76' lang='lat'>28,</span> <span class='ocrx_word' id='word_1_76' title='bbox 1539 1061 1600 1122; x_wconf 88' lang='lat' dir='ltr'>q.</span> <span class='ocrx_word' id='word_1_77' title='bbox 1639 1044 1697 1118; x_wconf 79' lang='grc'>1,</span> <span class='ocrx_word' id='word_1_78' title='bbox 1735 1046 1798 1107; x_wconf 86' lang='lat' dir='ltr'>et</span> 
     </span>
     <span class='ocr_line' id='line_1_10' title="bbox 226 1133 1800 1215; baseline 0.001 -20"><span class='ocrx_word' id='word_1_79' title='bbox 226 1134 508 1195; x_wconf 85' lang='lat' dir='ltr'>redditur</span> <span class='ocrx_word' id='word_1_80' title='bbox 533 1133 815 1215; x_wconf 85' lang='lat' dir='ltr'>specialis</span> <span class='ocrx_word' id='word_1_81' title='bbox 842 1135 1026 1208; x_wconf 86' lang='lat' dir='ltr'>ratio,</span> <span class='ocrx_word' id='word_1_82' title='bbox 1053 1135 1200 1213; x_wconf 88' lang='lat' dir='ltr'>quia</span> <span class='ocrx_word' id='word_1_83' title='bbox 1221 1134 1420 1197; x_wconf 81' lang='lat' dir='ltr'>Judaei</span> <span class='ocrx_word' id='word_1_84' title='bbox 1438 1137 1800 1197; x_wconf 88' lang='lat' dir='ltr'>discernunt</span> 
     </span>
     <span class='ocr_line' id='line_1_11' title="bbox 226 1226 1798 1307; baseline 0.001 -20"><span class='ocrx_word' id='word_1_85' title='bbox 226 1226 416 1301; x_wconf 80' lang='lat' dir='ltr'>cibos,</span> <span class='ocrx_word' id='word_1_86' title='bbox 441 1228 612 1307; x_wconf 88' lang='lat' dir='ltr'>quod</span> <span class='ocrx_word' id='word_1_87' title='bbox 642 1247 768 1289; x_wconf 89' lang='lat' dir='ltr'>non</span> <span class='ocrx_word' id='word_1_88' title='bbox 793 1227 936 1289; x_wconf 84' lang='lat' dir='ltr'>licet</span> <span class='ocrx_word' id='word_1_89' title='bbox 961 1227 1322 1292; x_wconf 82' lang='lat' dir='ltr'>Christianis</span> <span class='ocrx_word' id='word_1_90' title='bbox 1338 1244 1358 1306; x_wconf 93' lang='lat'>;</span> <span class='ocrx_word' id='word_1_91' title='bbox 1407 1228 1539 1290; x_wconf 68' lang='lat' dir='ltr'>haec</span> <span class='ocrx_word' id='word_1_92' title='bbox 1585 1234 1798 1289; x_wconf 86' lang='lat' dir='ltr'>autem</span> 
     </span>
     <span class='ocr_line' id='line_1_12' title="bbox 223 1321 1796 1401; baseline 0.001 -19"><span class='ocrx_word' id='word_1_93' title='bbox 223 1322 520 1383; x_wconf 78' lang='lat' dir='ltr'>convivia</span> <span class='ocrx_word' id='word_1_94' title='bbox 547 1321 895 1401; x_wconf 70' lang='lat' dir='ltr'>specialiter</span> <span class='ocrx_word' id='word_1_95' title='bbox 924 1324 1366 1401; x_wconf 89' lang='lat' dir='ltr'>permittuntur</span> <span class='ocrx_word' id='word_1_96' title='bbox 1384 1322 1796 1401; x_wconf 64' lang='lat' dir='ltr'>praedicatori-</span> 
     </span>
     <span class='ocr_line' id='line_1_13' title="bbox 221 1414 1791 1496; baseline 0.003 -24"><span class='ocrx_word' id='word_1_97' title='bbox 221 1414 337 1473; x_wconf 89' lang='lat' dir='ltr'>bus</span> <span class='ocrx_word' id='word_1_98' title='bbox 389 1415 600 1475; x_wconf 86' lang='lat' dir='ltr'>missis</span> <span class='ocrx_word' id='word_1_99' title='bbox 639 1414 719 1477; x_wconf 93' lang='lat' dir='ltr'>ad</span> <span class='ocrx_word' id='word_1_100' title='bbox 759 1415 1106 1477; x_wconf 83' lang='lat' dir='ltr'>infidelium</span> <span class='ocrx_word' id='word_1_101' title='bbox 1136 1416 1627 1492; x_wconf 85' lang='lat' dir='ltr'>conversionem,</span> <span class='ocrx_word' id='word_1_102' title='bbox 1654 1434 1791 1496; x_wconf 87' lang='lat' dir='ltr'>cap.</span> 
     </span>
     <span class='ocr_line' id='line_1_14' title="bbox 225 1498 1798 1602; baseline 0.001 -33"><span class='ocrx_word' id='word_1_103' title='bbox 225 1506 424 1581; x_wconf 72' lang='lat' dir='ltr'>Quam</span> <span class='ocrx_word' id='word_1_104' title='bbox 449 1506 558 1582; x_wconf 74' lang='lat' dir='ltr'>sit,</span> <span class='ocrx_word' id='word_1_105' title='bbox 592 1508 666 1568; x_wconf 89' lang='lat' dir='ltr'>de</span> <span class='ocrx_word' id='word_1_106' title='bbox 695 1507 947 1570; x_wconf 76' lang='lat' dir='ltr'>JudaeiS.</span> <span class='ocrx_word' id='word_1_107' title='bbox 980 1498 1234 1602; x_wconf 57' lang='lat' dir='ltr'>QuartO,</span> <span class='ocrx_word' id='word_1_108' title='bbox 1271 1508 1616 1589; x_wconf 71' lang='lat' dir='ltr'>specialiter</span> <span class='ocrx_word' id='word_1_109' title='bbox 1655 1528 1798 1589; x_wconf 84' lang='lat' dir='ltr'>pro-</span> 
     </span>
     <span class='ocr_line' id='line_1_15' title="bbox 219 1600 1796 1682; baseline 0.003 -22"><span class='ocrx_word' id='word_1_110' title='bbox 219 1600 482 1661; x_wconf 86' lang='lat' dir='ltr'>hibetur</span> <span class='ocrx_word' id='word_1_111' title='bbox 512 1602 875 1666; x_wconf 88' lang='lat' dir='ltr'>Christianis</span> <span class='ocrx_word' id='word_1_112' title='bbox 897 1603 962 1663; x_wconf 91' lang='lat' dir='ltr'>in</span> <span class='ocrx_word' id='word_1_113' title='bbox 986 1604 1204 1665; x_wconf 85' lang='lat' dir='ltr'>iisdem</span> <span class='ocrx_word' id='word_1_114' title='bbox 1228 1602 1491 1682; x_wconf 89' lang='lat' dir='ltr'>juribus,</span> <span class='ocrx_word' id='word_1_115' title='bbox 1519 1603 1666 1663; x_wconf 89' lang='lat' dir='ltr'>etin</span> <span class='ocrx_word' id='word_1_116' title='bbox 1696 1622 1796 1664; x_wconf 87' lang='lat' dir='ltr'>ca·</span> 
     </span>
     <span class='ocr_line' id='line_1_16' title="bbox 221 1693 1796 1777; baseline 0.001 -24"><span class='ocrx_word' id='word_1_117' title='bbox 221 1694 504 1755; x_wconf 77' lang='lat' dir='ltr'>nauibus</span> <span class='ocrx_word' id='word_1_118' title='bbox 534 1693 964 1773; x_wconf 84' lang='lat' dir='ltr'>Apostolorum</span> <span class='ocrx_word' id='word_1_119' title='bbox 989 1713 1176 1777; x_wconf 88' lang='lat' dir='ltr'>supra</span> <span class='ocrx_word' id='word_1_120' title='bbox 1202 1696 1427 1771; x_wconf 81' lang='lat' dir='ltr'>citatiS,</span> <span class='ocrx_word' id='word_1_121' title='bbox 1458 1713 1676 1775; x_wconf 83' lang='lat' dir='ltr'>azyma</span> <span class='ocrx_word' id='word_1_122' title='bbox 1691 1696 1796 1759; x_wconf 82' lang='lat' dir='ltr'>Ju-</span> 
     </span>
     <span class='ocr_line' id='line_1_17' title="bbox 223 1786 1794 1868; baseline 0.003 -24"><span class='ocrx_word' id='word_1_123' title='bbox 223 1786 514 1850; x_wconf 83' lang='lat' dir='ltr'>daeorum</span> <span class='ocrx_word' id='word_1_124' title='bbox 543 1788 942 1865; x_wconf 85' lang='lat' dir='ltr'>manducare,</span> <span class='ocrx_word' id='word_1_125' title='bbox 968 1790 1134 1868; x_wconf 90' lang='lat' dir='ltr'>quod</span> <span class='ocrx_word' id='word_1_126' title='bbox 1178 1807 1290 1868; x_wconf 79' lang='lat' dir='ltr'>per</span> <span class='ocrx_word' id='word_1_127' title='bbox 1316 1806 1378 1849; x_wconf 84' lang='lat' dir='ltr'>se</span> <span class='ocrx_word' id='word_1_128' title='bbox 1411 1789 1645 1851; x_wconf 90' lang='lat' dir='ltr'>malum</span> <span class='ocrx_word' id='word_1_129' title='bbox 1681 1794 1794 1864; x_wconf 88' lang='lat' dir='ltr'>est,</span> 
     </span>
     <span class='ocr_line' id='line_1_18' title="bbox 215 1880 1793 1959; baseline 0.003 -20"><span class='ocrx_word' id='word_1_130' title='bbox 215 1881 264 1939; x_wconf 90' lang='lat' dir='ltr'>si</span> <span class='ocrx_word' id='word_1_131' title='bbox 295 1880 704 1959; x_wconf 83' lang='lat' dir='ltr'>intelligatur</span> <span class='ocrx_word' id='word_1_132' title='bbox 729 1882 806 1943; x_wconf 90' lang='lat' dir='ltr'>de</span> <span class='ocrx_word' id='word_1_133' title='bbox 839 1882 1309 1945; x_wconf 77' lang='lat' dir='ltr'>manducatione</span> <span class='ocrx_word' id='word_1_134' title='bbox 1352 1884 1474 1945; x_wconf 90' lang='lat' dir='ltr'>ritu</span> <span class='ocrx_word' id='word_1_135' title='bbox 1499 1884 1793 1957; x_wconf 84' lang='lat' dir='ltr'>Judaico;</span> 
     </span>
     <span class='ocr_line' id='line_1_19' title="bbox 213 1976 1792 2057; baseline 0.002 -23"><span class='ocrx_word' id='word_1_136' title='bbox 213 1983 450 2035; x_wconf 87' lang='lat' dir='ltr'>tamen</span> <span class='ocrx_word' id='word_1_137' title='bbox 507 1981 762 2055; x_wconf 89' lang='lat' dir='ltr'>propter</span> <span class='ocrx_word' id='word_1_138' title='bbox 805 1976 1215 2055; x_wconf 83' lang='lat' dir='ltr'>suspicionem</span> <span class='ocrx_word' id='word_1_139' title='bbox 1281 1983 1343 2037; x_wconf 91' lang='lat' dir='ltr'>et</span> <span class='ocrx_word' id='word_1_140' title='bbox 1401 1978 1743 2057; x_wconf 89' lang='lat' dir='ltr'>periculum</span> <span class='ocrx_word' id='word_1_141' title='bbox 1771 2022 1792 2053; x_wconf 93' lang='lat'>,</span> 
     </span>
     <span class='ocr_line' id='line_1_20' title="bbox 215 2068 1796 2149; baseline 0.001 -22"><span class='ocrx_word' id='word_1_142' title='bbox 215 2069 416 2129; x_wconf 90' lang='lat' dir='ltr'>etiam</span> <span class='ocrx_word' id='word_1_143' title='bbox 451 2068 831 2147; x_wconf 84' lang='lat' dir='ltr'>intelligitur</span> <span class='ocrx_word' id='word_1_144' title='bbox 863 2069 998 2130; x_wconf 80' lang='lat' dir='ltr'>haec</span> <span class='ocrx_word' id='word_1_145' title='bbox 1027 2069 1360 2149; x_wconf 87' lang='lat' dir='ltr'>prohibitio</span> <span class='ocrx_word' id='word_1_146' title='bbox 1389 2070 1466 2130; x_wconf 91' lang='lat' dir='ltr'>de</span> <span class='ocrx_word' id='word_1_147' title='bbox 1500 2088 1796 2149; x_wconf 87' lang='lat' dir='ltr'>quacum-</span> 
     </span>
     <span class='ocr_line' id='line_1_21' title="bbox 215 2162 1802 2245; baseline 0.003 -24"><span class='ocrx_word' id='word_1_148' title='bbox 215 2180 344 2241; x_wconf 87' lang='lat' dir='ltr'>que</span> <span class='ocrx_word' id='word_1_149' title='bbox 391 2162 883 2225; x_wconf 82' lang='lat' dir='ltr'>manducatione</span> <span class='ocrx_word' id='word_1_150' title='bbox 919 2183 1284 2244; x_wconf 80' lang='lat' dir='ltr'>azymorum</span> <span class='ocrx_word' id='word_1_151' title='bbox 1327 2183 1470 2226; x_wconf 86' lang='lat' dir='ltr'>cum</span> <span class='ocrx_word' id='word_1_152' title='bbox 1507 2166 1656 2245; x_wconf 88' lang='lat' dir='ltr'>ipsis</span> <span class='ocrx_word' id='word_1_153' title='bbox 1695 2165 1802 2227; x_wconf 87' lang='lat' dir='ltr'>Ju-</span> 
     </span>
     <span class='ocr_line' id='line_1_22' title="bbox 219 2257 1802 2339; baseline 0.002 -23"><span class='ocrx_word' id='word_1_154' title='bbox 219 2257 402 2331; x_wconf 85' lang='lat' dir='ltr'>daeis,</span> <span class='ocrx_word' id='word_1_155' title='bbox 459 2257 562 2317; x_wconf 82' lang='lat' dir='ltr'>vel</span> <span class='ocrx_word' id='word_1_156' title='bbox 599 2258 958 2337; x_wconf 86' lang='lat' dir='ltr'>accipiendo</span> <span class='ocrx_word' id='word_1_157' title='bbox 1011 2258 1164 2319; x_wconf 89' lang='lat' dir='ltr'>illud</span> <span class='ocrx_word' id='word_1_158' title='bbox 1207 2257 1286 2320; x_wconf 90' lang='lat' dir='ltr'>ab</span> <span class='ocrx_word' id='word_1_159' title='bbox 1341 2258 1527 2339; x_wconf 84' lang='lat' dir='ltr'>ipsis:</span> <span class='ocrx_word' id='word_1_160' title='bbox 1565 2258 1802 2320; x_wconf 88' lang='lat' dir='ltr'>secluso</span> 
     </span>
     <span class='ocr_line' id='line_1_23' title="bbox 220 2351 1802 2431; baseline 0.003 -22"><span class='ocrx_word' id='word_1_161' title='bbox 220 2356 444 2411; x_wconf 88' lang='lat' dir='ltr'>autem</span> <span class='ocrx_word' id='word_1_162' title='bbox 485 2351 816 2426; x_wconf 73' lang='lat' dir='ltr'>scandale,</span> <span class='ocrx_word' id='word_1_163' title='bbox 869 2358 930 2414; x_wconf 82' lang='lat' dir='ltr'>ct</span> <span class='ocrx_word' id='word_1_164' title='bbox 973 2353 1315 2431; x_wconf 75' lang='lat' dir='ltr'>praesertim</span> <span class='ocrx_word' id='word_1_165' title='bbox 1348 2352 1802 2413; x_wconf 87' lang='lat' dir='ltr'>interveniente</span> 
     </span>
     <span class='ocr_line' id='line_1_24' title="bbox 225 2443 1804 2525; baseline 0.002 -23"><span class='ocrx_word' id='word_1_166' title='bbox 225 2443 626 2520; x_wconf 80' lang='lat' dir='ltr'>necessitate,</span> <span class='ocrx_word' id='word_1_167' title='bbox 662 2462 786 2505; x_wconf 90' lang='lat' dir='ltr'>non</span> <span class='ocrx_word' id='word_1_168' title='bbox 807 2449 899 2506; x_wconf 90' lang='lat' dir='ltr'>est</span> <span class='ocrx_word' id='word_1_169' title='bbox 917 2445 1298 2525; x_wconf 89' lang='lat' dir='ltr'>prohibitum</span> <span class='ocrx_word' id='word_1_170' title='bbox 1322 2444 1489 2506; x_wconf 91' lang='lat' dir='ltr'>hunc</span> <span class='ocrx_word' id='word_1_171' title='bbox 1509 2451 1804 2525; x_wconf 87' lang='lat' dir='ltr'>tanquam</span> 
     </span>
     <span class='ocr_line' id='line_1_25' title="bbox 225 2538 1805 2617; baseline 0.002 -22"><span class='ocrx_word' id='word_1_172' title='bbox 225 2554 636 2597; x_wconf 85' lang='lat' dir='ltr'>communem</span> <span class='ocrx_word' id='word_1_173' title='bbox 668 2554 892 2617; x_wconf 86' lang='lat' dir='ltr'>panem</span> <span class='ocrx_word' id='word_1_174' title='bbox 945 2539 1342 2613; x_wconf 85' lang='lat' dir='ltr'>manducare,</span> <span class='ocrx_word' id='word_1_175' title='bbox 1379 2539 1535 2599; x_wconf 85' lang='lat' dir='ltr'>sicut</span> <span class='ocrx_word' id='word_1_176' title='bbox 1564 2539 1640 2601; x_wconf 87' lang='lat' dir='ltr'>de</span> <span class='ocrx_word' id='word_1_177' title='bbox 1669 2538 1805 2598; x_wconf 91' lang='lat' dir='ltr'>ido-</span> 
     </span>
     <span class='ocr_line' id='line_1_26' title="bbox 221 2629 1800 2711; baseline 0.003 -23"><span class='ocrx_word' id='word_1_178' title='bbox 221 2629 424 2690; x_wconf 88' lang='lat' dir='ltr'>lotitis</span> <span class='ocrx_word' id='word_1_179' title='bbox 456 2629 711 2705; x_wconf 87' lang='lat' dir='ltr'>dicitur,</span> <span class='ocrx_word' id='word_1_180' title='bbox 751 2630 820 2690; x_wconf 92' lang='lat' dir='ltr'>in</span> <span class='ocrx_word' id='word_1_181' title='bbox 852 2648 986 2709; x_wconf 83' lang='lat' dir='ltr'>cap.</span> <span class='ocrx_word' id='word_1_182' title='bbox 1027 2630 1211 2694; x_wconf 76' lang='lat' dir='ltr'>Sicut</span> <span class='ocrx_word' id='word_1_183' title='bbox 1245 2631 1469 2709; x_wconf 69' lang='lat' dir='ltr'>satim,</span> <span class='ocrx_word' id='word_1_184' title='bbox 1503 2635 1604 2707; x_wconf 81' lang='lat'>32,</span> <span class='ocrx_word' id='word_1_185' title='bbox 1652 2651 1712 2711; x_wconf 91' lang='lat' dir='ltr'>q.</span> <span class='ocrx_word' id='word_1_186' title='bbox 1740 2635 1800 2693; x_wconf 69' lang='lat'>4.</span> 
     </span>
     <span class='ocr_line' id='line_1_27' title="bbox 310 2724 1806 2805; baseline 0.004 -22"><span class='ocrx_word' id='word_1_187' title='bbox 310 2724 370 2783; x_wconf 88' lang='grc'>8.</span> <span class='ocrx_word' id='word_1_188' title='bbox 420 2724 593 2785; x_wconf 79' lang='lat' dir='ltr'>Item</span> <span class='ocrx_word' id='word_1_189' title='bbox 623 2724 765 2787; x_wconf 82' lang='lat' dir='ltr'>illos</span> <span class='ocrx_word' id='word_1_190' title='bbox 784 2725 852 2785; x_wconf 80' lang='lat' dir='ltr'>in</span> <span class='ocrx_word' id='word_1_191' title='bbox 870 2724 1225 2805; x_wconf 75' lang='lat' dir='ltr'>infirmitate</span> <span class='ocrx_word' id='word_1_192' title='bbox 1249 2726 1806 2789; x_wconf 67' lang='lat' dir='ltr'>advocare.—Item</span> 
     </span>
     <span class='ocr_line' id='line_1_28' title="bbox 233 2818 1806 2893; baseline 0 -14"><span class='ocrx_word' id='word_1_193' title='bbox 233 2836 306 2879; x_wconf 70' lang='lat' dir='ltr'>eo:</span> <span class='ocrx_word' id='word_1_194' title='bbox 325 2818 600 2881; x_wconf 70' lang='lat' dir='ltr'>condicto</span> <span class='ocrx_word' id='word_1_195' title='bbox 621 2819 706 2881; x_wconf 81' lang='lat' dir='ltr'>ad</span> <span class='ocrx_word' id='word_1_196' title='bbox 726 2819 998 2881; x_wconf 78' lang='lat' dir='ltr'>balneum</span> <span class='ocrx_word' id='word_1_197' title='bbox 1014 2818 1806 2893; x_wconf 69' lang='lat' dir='ltr'>convenire.-It01ninfan-</span> 
     </span>
     <span class='ocr_line' id='line_1_29' title="bbox 245 2909 1810 2991; baseline -0.001 -18"><span class='ocrx_word' id='word_1_198' title='bbox 245 2919 332 2973; x_wconf 73' lang='lat' dir='ltr'>tes</span> <span class='ocrx_word' id='word_1_199' title='bbox 373 2912 734 2975; x_wconf 67' lang='lat' dir='ltr'>Judoeorum</span> <span class='ocrx_word' id='word_1_200' title='bbox 782 2909 1036 2975; x_wconf 76' lang='lat' dir='ltr'>nutrire.</span> <span class='ocrx_word' id='word_1_201' title='bbox 1055 2944 1136 2957; x_wconf 91' lang='lat'>-</span> <span class='ocrx_word' id='word_1_202' title='bbox 1155 2912 1404 2987; x_wconf 90' lang='lat' dir='ltr'>Quint0,</span> <span class='ocrx_word' id='word_1_203' title='bbox 1449 2912 1810 2991; x_wconf 84' lang='lat' dir='ltr'>prohibetur</span> 
     </span>
     <span class='ocr_line' id='line_1_30' title="bbox 255 3004 1805 3081; baseline 0.001 -16"><span class='ocrx_word' id='word_1_204' title='bbox 255 3004 608 3065; x_wconf 86' lang='lat' dir='ltr'>Christianis</span> <span class='ocrx_word' id='word_1_205' title='bbox 638 3023 718 3065; x_wconf 90' lang='lat' dir='ltr'>ne</span> <span class='ocrx_word' id='word_1_206' title='bbox 745 3004 805 3065; x_wconf 87' lang='lat' dir='ltr'>in</span> <span class='ocrx_word' id='word_1_207' title='bbox 839 3004 1202 3067; x_wconf 86' lang='lat' dir='ltr'>infirmitate</span> <span class='ocrx_word' id='word_1_208' title='bbox 1223 3005 1465 3067; x_wconf 84' lang='lat' dir='ltr'>Judaeos</span> <span class='ocrx_word' id='word_1_209' title='bbox 1485 3006 1805 3081; x_wconf 84' lang='lat' dir='ltr'>advocent,</span> 
     </span>
     <span class='ocr_line' id='line_1_31' title="bbox 251 3098 1805 3181; baseline 0.003 -27"><span class='ocrx_word' id='word_1_210' title='bbox 251 3098 456 3175; x_wconf 82' lang='lat' dir='ltr'>utique</span> <span class='ocrx_word' id='word_1_211' title='bbox 479 3098 820 3158; x_wconf 84' lang='lat' dir='ltr'>curationis</span> <span class='ocrx_word' id='word_1_212' title='bbox 848 3116 1049 3181; x_wconf 86' lang='lat' dir='ltr'>causa,</span> <span class='ocrx_word' id='word_1_213' title='bbox 1075 3099 1142 3159; x_wconf 89' lang='lat' dir='ltr'>in</span> <span class='ocrx_word' id='word_1_214' title='bbox 1171 3104 1342 3159; x_wconf 83' lang='lat' dir='ltr'>sexta</span> <span class='ocrx_word' id='word_1_215' title='bbox 1371 3100 1640 3179; x_wconf 81' lang='lat' dir='ltr'>Synodo,</span> <span class='ocrx_word' id='word_1_216' title='bbox 1669 3118 1805 3180; x_wconf 89' lang='lat' dir='ltr'>cap.</span> 
     </span>
     <span class='ocr_line' id='line_1_32' title="bbox 253 3190 1812 3273; baseline 0.001 -23"><span class='ocrx_word' id='word_1_217' title='bbox 253 3191 350 3263; x_wconf 80' lang='lat' dir='ltr'>ss,</span> <span class='ocrx_word' id='word_1_218' title='bbox 379 3208 516 3267; x_wconf 86' lang='lat' dir='ltr'>cap.</span> <span class='ocrx_word' id='word_1_219' title='bbox 551 3190 813 3267; x_wconf 77' lang='lat' dir='ltr'>Nullus,</span> <span class='ocrx_word' id='word_1_220' title='bbox 849 3192 950 3266; x_wconf 78' lang='lat'>28,</span> <span class='ocrx_word' id='word_1_221' title='bbox 977 3210 1039 3271; x_wconf 83' lang='lat' dir='ltr'>q.</span> <span class='ocrx_word' id='word_1_222' title='bbox 1084 3193 1141 3268; x_wconf 82' lang='lat'>1,</span> <span class='ocrx_word' id='word_1_223' title='bbox 1173 3194 1335 3271; x_wconf 89' lang='lat' dir='ltr'>quod</span> <span class='ocrx_word' id='word_1_224' title='bbox 1367 3194 1568 3273; x_wconf 89' lang='lat' dir='ltr'>potuit</span> <span class='ocrx_word' id='word_1_225' title='bbox 1599 3192 1812 3273; x_wconf 90' lang='lat' dir='ltr'>prohi-</span> 
     </span>
     <span class='ocr_line' id='line_1_33' title="bbox 253 3282 1812 3365; baseline 0.003 -23"><span class='ocrx_word' id='word_1_226' title='bbox 253 3282 382 3343; x_wconf 86' lang='lat' dir='ltr'>beri</span> <span class='ocrx_word' id='word_1_227' title='bbox 409 3300 542 3343; x_wconf 91' lang='lat' dir='ltr'>non</span> <span class='ocrx_word' id='word_1_228' title='bbox 571 3282 772 3344; x_wconf 90' lang='lat' dir='ltr'>solum</span> <span class='ocrx_word' id='word_1_229' title='bbox 810 3285 1050 3346; x_wconf 89' lang='lat' dir='ltr'>ratione</span> <span class='ocrx_word' id='word_1_230' title='bbox 1079 3284 1359 3365; x_wconf 86' lang='lat' dir='ltr'>specialis</span> <span class='ocrx_word' id='word_1_231' title='bbox 1385 3286 1610 3347; x_wconf 83' lang='lat' dir='ltr'>animae</span> <span class='ocrx_word' id='word_1_232' title='bbox 1650 3286 1812 3365; x_wconf 88' lang='lat' dir='ltr'>peri-</span> 
     </span>
     <span class='ocr_line' id='line_1_34' title="bbox 259 3374 1811 3459; baseline 0.003 -25"><span class='ocrx_word' id='word_1_233' title='bbox 259 3374 396 3449; x_wconf 82' lang='lat' dir='ltr'>culi,</span> <span class='ocrx_word' id='word_1_234' title='bbox 425 3376 534 3436; x_wconf 88' lang='lat' dir='ltr'>sed</span> <span class='ocrx_word' id='word_1_235' title='bbox 565 3378 752 3437; x_wconf 86' lang='lat' dir='ltr'>etiam</span> <span class='ocrx_word' id='word_1_236' title='bbox 785 3377 864 3438; x_wconf 90' lang='lat' dir='ltr'>ob</span> <span class='ocrx_word' id='word_1_237' title='bbox 885 3378 1198 3459; x_wconf 87' lang='lat' dir='ltr'>corporale</span> <span class='ocrx_word' id='word_1_238' title='bbox 1226 3378 1571 3453; x_wconf 88' lang='lat' dir='ltr'>vitandum,</span> <span class='ocrx_word' id='word_1_239' title='bbox 1592 3386 1654 3439; x_wconf 89' lang='lat' dir='ltr'>et</span> <span class='ocrx_word' id='word_1_240' title='bbox 1674 3380 1811 3440; x_wconf 90' lang='lat' dir='ltr'>ideo</span> 
     </span>
     <span class='ocr_line' id='line_1_35' title="bbox 267 3468 1812 3534; baseline 0.005 -8"><span class='ocrx_word' id='word_1_241' title='bbox 267 3468 438 3529; x_wconf 87' lang='lat' dir='ltr'>etiam</span> <span class='ocrx_word' id='word_1_242' title='bbox 468 3469 721 3530; x_wconf 89' lang='lat' dir='ltr'>additur</span> <span class='ocrx_word' id='word_1_243' title='bbox 747 3477 819 3530; x_wconf 90' lang='lat' dir='ltr'>ut</span> <span class='ocrx_word' id='word_1_244' title='bbox 849 3470 928 3531; x_wconf 88' lang='lat' dir='ltr'>ab</span> <span class='ocrx_word' id='word_1_245' title='bbox 958 3472 1046 3533; x_wconf 90' lang='lat' dir='ltr'>eis</span> <span class='ocrx_word' id='word_1_246' title='bbox 1079 3472 1448 3533; x_wconf 86' lang='lat' dir='ltr'>medicinam</span> <span class='ocrx_word' id='word_1_247' title='bbox 1485 3490 1610 3533; x_wconf 91' lang='lat' dir='ltr'>non</span> <span class='ocrx_word' id='word_1_248' title='bbox 1658 3472 1812 3534; x_wconf 88' lang='lat' dir='ltr'>reci·</span> 
     </span>
     <span class='ocr_line' id='line_1_36' title="bbox 271 3559 1812 3643; baseline 0.004 -23"><span class='ocrx_word' id='word_1_249' title='bbox 271 3559 454 3638; x_wconf 84' lang='lat' dir='ltr'>piant,</span> <span class='ocrx_word' id='word_1_250' title='bbox 483 3562 648 3641; x_wconf 90' lang='lat' dir='ltr'>quod</span> <span class='ocrx_word' id='word_1_251' title='bbox 669 3564 972 3643; x_wconf 84' lang='lat' dir='ltr'>praecipue</span> <span class='ocrx_word' id='word_1_252' title='bbox 1001 3564 1373 3643; x_wconf 84' lang='lat' dir='ltr'>intelligitur</span> <span class='ocrx_word' id='word_1_253' title='bbox 1399 3570 1468 3624; x_wconf 90' lang='lat' dir='ltr'>ut</span> <span class='ocrx_word' id='word_1_254' title='bbox 1504 3584 1630 3626; x_wconf 92' lang='lat' dir='ltr'>non</span> <span class='ocrx_word' id='word_1_255' title='bbox 1656 3566 1812 3628; x_wconf 88' lang='lat' dir='ltr'>reci·</span> 
     </span>
     <span class='ocr_line' id='line_1_37' title="bbox 283 3653 1816 3740; baseline 0.006 -29"><span class='ocrx_word' id='word_1_256' title='bbox 283 3653 432 3730; x_wconf 81' lang='lat' dir='ltr'>piant</span> <span class='ocrx_word' id='word_1_257' title='bbox 457 3674 570 3734; x_wconf 82' lang='lat' dir='ltr'>per</span> <span class='ocrx_word' id='word_1_258' title='bbox 597 3674 820 3719; x_wconf 85' lang='lat' dir='ltr'>manus</span> <span class='ocrx_word' id='word_1_259' title='bbox 852 3665 914 3718; x_wconf 77' lang='lat' dir='ltr'>&#39;et</span> <span class='ocrx_word' id='word_1_260' title='bbox 950 3659 1364 3719; x_wconf 88' lang='lat' dir='ltr'>ministerium</span> <span class='ocrx_word' id='word_1_261' title='bbox 1406 3675 1644 3735; x_wconf 87' lang='lat' dir='ltr'>eorum,</span> <span class='ocrx_word' id='word_1_262' title='bbox 1675 3678 1816 3740; x_wconf 86' lang='lat' dir='ltr'>pro·</span> 
     </span>
     <span class='ocr_line' id='line_1_38' title="bbox 289 3750 1808 3831; baseline 0.005 -24"><span class='ocrx_word' id='word_1_263' title='bbox 289 3753 397 3825; x_wconf 85' lang='lat' dir='ltr'>pter</span> <span class='ocrx_word' id='word_1_264' title='bbox 420 3751 740 3812; x_wconf 84' lang='lat' dir='ltr'>vitandam</span> <span class='ocrx_word' id='word_1_265' title='bbox 775 3750 1288 3814; x_wconf 80' lang='lat' dir='ltr'>familitaritatem</span> <span class='ocrx_word' id='word_1_266' title='bbox 1335 3758 1396 3813; x_wconf 88' lang='lat' dir='ltr'>et</span> <span class='ocrx_word' id='word_1_267' title='bbox 1429 3753 1808 3831; x_wconf 84' lang='lat' dir='ltr'>periculum3</span> 
     </span>
     <span class='ocr_line' id='line_1_39' title="bbox 290 3839 1809 3909; baseline 0.005 -11"><span class='ocrx_word' id='word_1_268' title='bbox 290 3839 394 3903; x_wconf 87' lang='lat' dir='ltr'>haec</span> <span class='ocrx_word' id='word_1_269' title='bbox 417 3849 622 3904; x_wconf 89' lang='lat' dir='ltr'>autem</span> <span class='ocrx_word' id='word_1_270' title='bbox 655 3849 718 3905; x_wconf 89' lang='lat' dir='ltr'>et</span> <span class='ocrx_word' id='word_1_271' title='bbox 740 3845 966 3905; x_wconf 88' lang='lat' dir='ltr'>similia</span> <span class='ocrx_word' id='word_1_272' title='bbox 985 3852 1160 3907; x_wconf 86' lang='lat' dir='ltr'>extra</span> <span class='ocrx_word' id='word_1_273' title='bbox 1181 3847 1603 3909; x_wconf 87' lang='lat' dir='ltr'>necessitatem</span> <span class='ocrx_word' id='word_1_274' title='bbox 1631 3847 1809 3908; x_wconf 87' lang='lat' dir='ltr'>intel-</span> 
     </span>
     <span class='ocr_line' id='line_1_40' title="bbox 289 3930 1812 4018; baseline 0.009 -29"><span class='ocrx_word' id='word_1_275' title='bbox 289 3930 504 4011; x_wconf 83' lang='lat' dir='ltr'>ligenda</span> <span class='ocrx_word' id='word_1_276' title='bbox 557 3944 728 4010; x_wconf 87' lang='lat' dir='ltr'>sunt,</span> <span class='ocrx_word' id='word_1_277' title='bbox 779 3938 924 4017; x_wconf 87' lang='lat' dir='ltr'>quia</span> <span class='ocrx_word' id='word_1_278' title='bbox 946 3939 1274 3999; x_wconf 80' lang='lat' dir='ltr'>necessitas</span> <span class='ocrx_word' id='word_1_279' title='bbox 1304 3946 1468 4000; x_wconf 88' lang='lat' dir='ltr'>caret</span> <span class='ocrx_word' id='word_1_280' title='bbox 1497 3940 1653 4018; x_wconf 84' lang='lat' dir='ltr'>lege.</span> <span class='ocrx_word' id='word_1_281' title='bbox 1691 3940 1812 4002; x_wconf 87' lang='lat' dir='ltr'>Ad-</span> 
     </span>
     <span class='ocr_line' id='line_1_41' title="bbox 295 4024 1811 4093; baseline 0.007 -11"><span class='ocrx_word' id='word_1_282' title='bbox 295 4024 430 4087; x_wconf 87' lang='lat' dir='ltr'>ditur</span> <span class='ocrx_word' id='word_1_283' title='bbox 455 4034 628 4089; x_wconf 83' lang='lat' dir='ltr'>sexto</span> <span class='ocrx_word' id='word_1_284' title='bbox 656 4036 728 4089; x_wconf 86' lang='lat' dir='ltr'>ut</span> <span class='ocrx_word' id='word_1_285' title='bbox 749 4030 1080 4091; x_wconf 89' lang='lat' dir='ltr'>Christiani</span> <span class='ocrx_word' id='word_1_286' title='bbox 1108 4050 1250 4092; x_wconf 89' lang='lat' dir='ltr'>cum</span> <span class='ocrx_word' id='word_1_287' title='bbox 1275 4031 1508 4093; x_wconf 82' lang='lat' dir='ltr'>Judaeis</span> <span class='ocrx_word' id='word_1_288' title='bbox 1535 4031 1723 4093; x_wconf 86' lang='lat' dir='ltr'>simul</span> <span class='ocrx_word' id='word_1_289' title='bbox 1745 4034 1811 4093; x_wconf 89' lang='lat' dir='ltr'>in</span> 
     </span>
     <span class='ocr_line' id='line_1_42' title="bbox 296 4120 1812 4202; baseline 0.003 -22"><span class='ocrx_word' id='word_1_290' title='bbox 296 4120 473 4181; x_wconf 80' lang='lat' dir='ltr'>eodem</span> <span class='ocrx_word' id='word_1_291' title='bbox 495 4122 720 4183; x_wconf 89' lang='lat' dir='ltr'>balneo</span> <span class='ocrx_word' id='word_1_292' title='bbox 740 4141 866 4184; x_wconf 91' lang='lat' dir='ltr'>non</span> <span class='ocrx_word' id='word_1_293' title='bbox 895 4123 1203 4202; x_wconf 81' lang='lat' dir='ltr'>laventur,</span> <span class='ocrx_word' id='word_1_294' title='bbox 1227 4131 1298 4185; x_wconf 89' lang='lat' dir='ltr'>ut</span> <span class='ocrx_word' id='word_1_295' title='bbox 1319 4125 1544 4185; x_wconf 90' lang='lat' dir='ltr'>dicitur</span> <span class='ocrx_word' id='word_1_296' title='bbox 1562 4127 1629 4187; x_wconf 89' lang='lat' dir='ltr'>in</span> <span class='ocrx_word' id='word_1_297' title='bbox 1649 4125 1812 4186; x_wconf 88' lang='lat' dir='ltr'>dicto</span> 
     </span>
     <span class='ocr_line' id='line_1_43' title="bbox 290 4213 1810 4297; baseline 0.005 -27"><span class='ocrx_word' id='word_1_298' title='bbox 290 4228 398 4291; x_wconf 84' lang='lat' dir='ltr'>cap.</span> <span class='ocrx_word' id='word_1_299' title='bbox 436 4213 696 4289; x_wconf 75' lang='lat' dir='ltr'>Nullus,</span> <span class='ocrx_word' id='word_1_300' title='bbox 749 4215 909 4294; x_wconf 90' lang='lat' dir='ltr'>quod</span> <span class='ocrx_word' id='word_1_301' title='bbox 962 4215 1439 4295; x_wconf 88' lang='lat' dir='ltr'>intelligendum</span> <span class='ocrx_word' id='word_1_302' title='bbox 1465 4225 1554 4277; x_wconf 89' lang='lat' dir='ltr'>est</span> <span class='ocrx_word' id='word_1_303' title='bbox 1591 4236 1701 4297; x_wconf 88' lang='lat' dir='ltr'>per</span> <span class='ocrx_word' id='word_1_304' title='bbox 1722 4236 1810 4293; x_wconf 90' lang='lat' dir='ltr'>se,</span> 
     </span>
     <span class='ocr_line' id='line_1_44' title="bbox 287 4303 1817 4385; baseline 0.007 -23"><span class='ocrx_word' id='word_1_305' title='bbox 287 4303 336 4363; x_wconf 90' lang='lat' dir='ltr'>id</span> <span class='ocrx_word' id='word_1_306' title='bbox 362 4312 464 4382; x_wconf 67' lang='lat' dir='ltr'>est,</span> <span class='ocrx_word' id='word_1_307' title='bbox 493 4326 622 4368; x_wconf 90' lang='lat' dir='ltr'>una</span> <span class='ocrx_word' id='word_1_308' title='bbox 645 4326 788 4368; x_wconf 91' lang='lat' dir='ltr'>cum</span> <span class='ocrx_word' id='word_1_309' title='bbox 818 4308 936 4370; x_wconf 89' lang='lat' dir='ltr'>illis</span> <span class='ocrx_word' id='word_1_310' title='bbox 967 4310 1332 4385; x_wconf 82' lang='lat' dir='ltr'>incedendO,</span> <span class='ocrx_word' id='word_1_311' title='bbox 1371 4328 1480 4371; x_wconf 90' lang='lat' dir='ltr'>seu</span> <span class='ocrx_word' id='word_1_312' title='bbox 1510 4328 1587 4370; x_wconf 84' lang='lat' dir='ltr'>ex</span> <span class='ocrx_word' id='word_1_313' title='bbox 1610 4312 1817 4372; x_wconf 85' lang='lat' dir='ltr'>inten-</span> 
     </span>
     <span class='ocr_line' id='line_1_45' title="bbox 284 4399 1815 4481; baseline 0.006 -25"><span class='ocrx_word' id='word_1_314' title='bbox 284 4399 428 4460; x_wconf 87' lang='lat' dir='ltr'>tione</span> <span class='ocrx_word' id='word_1_315' title='bbox 454 4401 834 4481; x_wconf 86' lang='lat' dir='ltr'>conjunctim</span> <span class='ocrx_word' id='word_1_316' title='bbox 861 4402 922 4462; x_wconf 90' lang='lat' dir='ltr'>id</span> <span class='ocrx_word' id='word_1_317' title='bbox 949 4402 1252 4477; x_wconf 88' lang='lat' dir='ltr'>faciendo,</span> <span class='ocrx_word' id='word_1_318' title='bbox 1278 4403 1425 4481; x_wconf 89' lang='lat' dir='ltr'>quia</span> <span class='ocrx_word' id='word_1_319' title='bbox 1451 4408 1602 4463; x_wconf 90' lang='lat' dir='ltr'>tunc</span> <span class='ocrx_word' id='word_1_320' title='bbox 1627 4403 1815 4465; x_wconf 89' lang='lat' dir='ltr'>inter-</span> 
     </span>
     <span class='ocr_line' id='line_1_46' title="bbox 283 4495 1814 4577; baseline 0.006 -29"><span class='ocrx_word' id='word_1_321' title='bbox 283 4495 431 4553; x_wconf 76' lang='lat' dir='ltr'>venit</span> <span class='ocrx_word' id='word_1_322' title='bbox 459 4495 712 4575; x_wconf 84' lang='lat' dir='ltr'>propria</span> <span class='ocrx_word' id='word_1_323' title='bbox 755 4496 1012 4556; x_wconf 89' lang='lat' dir='ltr'>societas</span> <span class='ocrx_word' id='word_1_324' title='bbox 1049 4502 1111 4557; x_wconf 90' lang='lat' dir='ltr'>et</span> <span class='ocrx_word' id='word_1_325' title='bbox 1145 4495 1534 4557; x_wconf 82' lang='lat' dir='ltr'>familiaritas</span> <span class='ocrx_word' id='word_1_326' title='bbox 1574 4515 1712 4577; x_wconf 85' lang='lat' dir='ltr'>quae</span> <span class='ocrx_word' id='word_1_327' title='bbox 1749 4496 1814 4557; x_wconf 90' lang='lat' dir='ltr'>in</span> 
     </span>
     <span class='ocr_line' id='line_1_47' title="bbox 281 4583 1816 4669; baseline 0.003 -25"><span class='ocrx_word' id='word_1_328' title='bbox 281 4583 363 4644; x_wconf 84' lang='lat' dir='ltr'>his</span> <span class='ocrx_word' id='word_1_329' title='bbox 390 4587 673 4649; x_wconf 89' lang='lat' dir='ltr'>omnibus</span> <span class='ocrx_word' id='word_1_330' title='bbox 715 4588 986 4649; x_wconf 83' lang='lat' dir='ltr'>maxime</span> <span class='ocrx_word' id='word_1_331' title='bbox 1023 4588 1405 4669; x_wconf 88' lang='lat' dir='ltr'>prohibetur,</span> <span class='ocrx_word' id='word_1_332' title='bbox 1437 4596 1685 4669; x_wconf 88' lang='lat' dir='ltr'>propter</span> <span class='ocrx_word' id='word_1_333' title='bbox 1711 4608 1816 4668; x_wconf 88' lang='lat' dir='ltr'>pe-</span> 
     </span>
     <span class='ocr_line' id='line_1_48' title="bbox 281 4677 1815 4761; baseline 0.006 -26"><span class='ocrx_word' id='word_1_334' title='bbox 281 4677 518 4740; x_wconf 73' lang='lat' dir='ltr'>ric-ulum</span> <span class='ocrx_word' id='word_1_335' title='bbox 535 4697 560 4759; x_wconf 80' lang='lat'>3</span> <span class='ocrx_word' id='word_1_336' title='bbox 603 4688 666 4741; x_wconf 88' lang='lat' dir='ltr'>et</span> <span class='ocrx_word' id='word_1_337' title='bbox 703 4682 843 4743; x_wconf 86' lang='lat' dir='ltr'>ideo</span> <span class='ocrx_word' id='word_1_338' title='bbox 871 4682 919 4741; x_wconf 89' lang='lat' dir='ltr'>si</span> <span class='ocrx_word' id='word_1_339' title='bbox 954 4698 1057 4759; x_wconf 86' lang='lat' dir='ltr'>per</span> <span class='ocrx_word' id='word_1_340' title='bbox 1084 4681 1361 4743; x_wconf 86' lang='lat' dir='ltr'>accidens</span> <span class='ocrx_word' id='word_1_341' title='bbox 1395 4684 1709 4761; x_wconf 87' lang='lat' dir='ltr'>contingat</span> <span class='ocrx_word' id='word_1_342' title='bbox 1735 4683 1815 4744; x_wconf 90' lang='lat' dir='ltr'>ad</span> 
     </span>
     <span class='ocr_line' id='line_1_49' title="bbox 283 4768 1816 4855; baseline 0.003 -27"><span class='ocrx_word' id='word_1_343' title='bbox 283 4768 612 4850; x_wconf 87' lang='lat' dir='ltr'>hujusmodi</span> <span class='ocrx_word' id='word_1_344' title='bbox 644 4774 846 4836; x_wconf 88' lang='lat' dir='ltr'>locum</span> <span class='ocrx_word' id='word_1_345' title='bbox 900 4775 1211 4852; x_wconf 88' lang='lat' dir='ltr'>accedere,</span> <span class='ocrx_word' id='word_1_346' title='bbox 1250 4775 1498 4855; x_wconf 88' lang='lat' dir='ltr'>quando</span> <span class='ocrx_word' id='word_1_347' title='bbox 1535 4774 1693 4835; x_wconf 91' lang='lat' dir='ltr'>alius</span> <span class='ocrx_word' id='word_1_348' title='bbox 1729 4774 1816 4835; x_wconf 90' lang='lat' dir='ltr'>ibi</span> 
     </span>
     <span class='ocr_line' id='line_1_50' title="bbox 281 4862 1817 4949; baseline 0.005 -28"><span class='ocrx_word' id='word_1_349' title='bbox 281 4862 524 4941; x_wconf 79' lang='lat' dir='ltr'>lavatur,</span> <span class='ocrx_word' id='word_1_350' title='bbox 555 4886 686 4932; x_wconf 87' lang='lat' dir='ltr'>non</span> <span class='ocrx_word' id='word_1_351' title='bbox 736 4869 1010 4949; x_wconf 83' lang='lat' dir='ltr'>procedit</span> <span class='ocrx_word' id='word_1_352' title='bbox 1047 4868 1406 4949; x_wconf 83' lang='lat' dir='ltr'>prohibitio,</span> <span class='ocrx_word' id='word_1_353' title='bbox 1437 4886 1641 4946; x_wconf 88' lang='lat' dir='ltr'>neque</span> <span class='ocrx_word' id='word_1_354' title='bbox 1667 4874 1817 4928; x_wconf 88' lang='lat' dir='ltr'>tuuc</span> 
     </span>
     <span class='ocr_line' id='line_1_51' title="bbox 279 4956 1818 5023; baseline 0.003 -7"><span class='ocrx_word' id='word_1_355' title='bbox 279 4956 642 5023; x_wconf 80' lang='lat' dir='ltr'>Christianus</span> <span class='ocrx_word' id='word_1_356' title='bbox 669 4961 1170 5023; x_wconf 85' lang='lat' dir='ltr'>commoditatem</span> <span class='ocrx_word' id='word_1_357' title='bbox 1196 4979 1368 5023; x_wconf 89' lang='lat' dir='ltr'>suam</span> <span class='ocrx_word' id='word_1_358' title='bbox 1391 4962 1675 5021; x_wconf 85' lang='lat' dir='ltr'>omittere</span> <span class='ocrx_word' id='word_1_359' title='bbox 1709 4966 1818 5021; x_wconf 92' lang='lat' dir='ltr'>aut</span> 
     </span>
     <span class='ocr_line' id='line_1_52' title="bbox 277 5050 1816 5135; baseline 0.003 -27"><span class='ocrx_word' id='word_1_360' title='bbox 277 5050 504 5114; x_wconf 82' lang='lat' dir='ltr'>differre</span> <span class='ocrx_word' id='word_1_361' title='bbox 550 5056 815 5133; x_wconf 86' lang='lat' dir='ltr'>cogitur.</span> <span class='ocrx_word' id='word_1_362' title='bbox 869 5056 1166 5135; x_wconf 89' lang='lat' dir='ltr'>Septim0,</span> <span class='ocrx_word' id='word_1_363' title='bbox 1210 5055 1414 5117; x_wconf 89' lang='lat' dir='ltr'>notari</span> <span class='ocrx_word' id='word_1_364' title='bbox 1457 5061 1654 5134; x_wconf 84' lang='lat' dir='ltr'>potest</span> <span class='ocrx_word' id='word_1_365' title='bbox 1675 5073 1816 5133; x_wconf 89' lang='lat' dir='ltr'>spe-</span> 
     </span>
     <span class='ocr_line' id='line_1_53' title="bbox 275 5143 1816 5227; baseline 0.003 -26"><span class='ocrx_word' id='word_1_366' title='bbox 275 5143 494 5207; x_wconf 84' lang='lat' dir='ltr'>cialiter</span> <span class='ocrx_word' id='word_1_367' title='bbox 522 5146 834 5227; x_wconf 86' lang='lat' dir='ltr'>prohiberi</span> <span class='ocrx_word' id='word_1_368' title='bbox 885 5147 1132 5208; x_wconf 78' lang='lat' dir='ltr'>seminis</span> <span class='ocrx_word' id='word_1_369' title='bbox 1181 5147 1528 5209; x_wconf 85' lang='lat' dir='ltr'>christianis</span> <span class='ocrx_word' id='word_1_370' title='bbox 1569 5164 1647 5205; x_wconf 89' lang='lat' dir='ltr'>ne</span> <span class='ocrx_word' id='word_1_371' title='bbox 1691 5146 1816 5206; x_wconf 88' lang='lat' dir='ltr'>sint</span> 
     </span>
     <span class='ocr_line' id='line_1_54' title="bbox 275 5238 1810 5317; baseline 0.005 -24"><span class='ocrx_word' id='word_1_372' title='bbox 275 5242 524 5299; x_wconf 87' lang='lat' dir='ltr'>nutrices</span> <span class='ocrx_word' id='word_1_373' title='bbox 564 5239 900 5301; x_wconf 84' lang='lat' dir='ltr'>infantium</span> <span class='ocrx_word' id='word_1_374' title='bbox 941 5240 1323 5315; x_wconf 81' lang='lat' dir='ltr'>Judaeorum,</span> <span class='ocrx_word' id='word_1_375' title='bbox 1371 5258 1506 5317; x_wconf 87' lang='lat' dir='ltr'>cap.</span> <span class='ocrx_word' id='word_1_376' title='bbox 1535 5238 1810 5314; x_wconf 68' lang='lat' dir='ltr'>AdlcoeO,</span> 
     </span>
     <span class='ocr_line' id='line_1_55' title="bbox 276 5328 1817 5395; baseline 0.003 -9"><span class='ocrx_word' id='word_1_377' title='bbox 276 5328 342 5389; x_wconf 90' lang='lat' dir='ltr'>de</span> <span class='ocrx_word' id='word_1_378' title='bbox 357 5330 602 5393; x_wconf 82' lang='lat' dir='ltr'>Judaeis.</span> <span class='ocrx_word' id='word_1_379' title='bbox 630 5332 962 5393; x_wconf 87' lang='lat' dir='ltr'>Adduntur</span> <span class='ocrx_word' id='word_1_380' title='bbox 979 5339 1187 5395; x_wconf 85' lang='lat' dir='ltr'>autem</span> <span class='ocrx_word' id='word_1_381' title='bbox 1215 5330 1345 5393; x_wconf 83' lang='lat' dir='ltr'>haec</span> <span class='ocrx_word' id='word_1_382' title='bbox 1369 5331 1587 5392; x_wconf 83' lang='lat' dir='ltr'>verba:</span> <span class='ocrx_word' id='word_1_383' title='bbox 1613 5333 1693 5394; x_wconf 74' lang='lat' dir='ltr'>In</span> <span class='ocrx_word' id='word_1_384' title='bbox 1721 5333 1817 5393; x_wconf 86' lang='lat' dir='ltr'>do-</span> 
     </span>
     <span class='ocr_line' id='line_1_56' title="bbox 277 5422 1818 5503; baseline 0.003 -24"><span class='ocrx_word' id='word_1_385' title='bbox 277 5422 448 5487; x_wconf 70' lang='lat' dir='ltr'>mibus</span> <span class='ocrx_word' id='word_1_386' title='bbox 485 5442 714 5500; x_wconf 69' lang='lat' dir='ltr'>eorm,</span> <span class='ocrx_word' id='word_1_387' title='bbox 739 5424 970 5486; x_wconf 83' lang='lat' dir='ltr'>scilicet</span> <span class='ocrx_word' id='word_1_388' title='bbox 997 5425 1376 5501; x_wconf 83' lang='lat' dir='ltr'>Judoeorum,</span> <span class='ocrx_word' id='word_1_389' title='bbox 1401 5430 1586 5503; x_wconf 86' lang='lat' dir='ltr'>atque</span> <span class='ocrx_word' id='word_1_390' title='bbox 1618 5423 1706 5485; x_wconf 88' lang='lat' dir='ltr'>ita</span> <span class='ocrx_word' id='word_1_391' title='bbox 1723 5441 1818 5484; x_wconf 92' lang='lat' dir='ltr'>so-</span> 
     </span>
     <span class='ocr_line' id='line_1_57' title="bbox 278 5511 1819 5603; baseline 0.004 -30"><span class='ocrx_word' id='word_1_392' title='bbox 278 5511 392 5576; x_wconf 87' lang='lat' dir='ltr'>lum</span> <span class='ocrx_word' id='word_1_393' title='bbox 415 5518 660 5579; x_wconf 77' lang='lat' dir='ltr'>videtur</span> <span class='ocrx_word' id='word_1_394' title='bbox 688 5518 822 5579; x_wconf 82' lang='lat' dir='ltr'>haec</span> <span class='ocrx_word' id='word_1_395' title='bbox 849 5518 1185 5603; x_wconf 86' lang='lat' dir='ltr'>prohibitio</span> <span class='ocrx_word' id='word_1_396' title='bbox 1200 5516 1337 5579; x_wconf 86' lang='lat' dir='ltr'>fieri</span> <span class='ocrx_word' id='word_1_397' title='bbox 1363 5527 1614 5602; x_wconf 83' lang='lat' dir='ltr'>propter</span> <span class='ocrx_word' id='word_1_398' title='bbox 1633 5516 1819 5579; x_wconf 77' lang='lat' dir='ltr'>coha-</span> 
     </span>
    </p>
   </div>
   <div class='ocr_carea' id='block_1_5' title="bbox 1871 662 3456 5597">
    <p class='ocr_par' dir='ltr' id='par_1_5' title="bbox 1871 662 3433 1289">
     <span class='ocr_line' id='line_1_58' title="bbox 1871 662 3430 743; baseline 0 -20"><span class='ocrx_word' id='word_1_399' title='bbox 1871 681 1981 723; x_wconf 90' lang='lat' dir='ltr'>sua</span> <span class='ocrx_word' id='word_1_400' title='bbox 2001 666 2247 743; x_wconf 87' lang='lat' dir='ltr'>propria</span> <span class='ocrx_word' id='word_1_401' title='bbox 2282 664 2587 725; x_wconf 84' lang='lat' dir='ltr'>infantem</span> <span class='ocrx_word' id='word_1_402' title='bbox 2621 662 2930 738; x_wconf 72' lang='lat' dir='ltr'>Judaeum,</span> <span class='ocrx_word' id='word_1_403' title='bbox 2963 663 3107 742; x_wconf 86' lang='lat' dir='ltr'>quia</span> <span class='ocrx_word' id='word_1_404' title='bbox 3130 662 3316 723; x_wconf 83' lang='lat' dir='ltr'>verba</span> <span class='ocrx_word' id='word_1_405' title='bbox 3342 663 3430 723; x_wconf 90' lang='lat' dir='ltr'>le-</span> 
     </span>
     <span class='ocr_line' id='line_1_59' title="bbox 1872 756 3431 837; baseline -0.001 -21"><span class='ocrx_word' id='word_1_406' title='bbox 1872 758 1967 837; x_wconf 88' lang='lat' dir='ltr'>gis</span> <span class='ocrx_word' id='word_1_407' title='bbox 1999 756 2117 818; x_wconf 90' lang='lat' dir='ltr'>hoc</span> <span class='ocrx_word' id='word_1_408' title='bbox 2146 776 2273 817; x_wconf 89' lang='lat' dir='ltr'>non</span> <span class='ocrx_word' id='word_1_409' title='bbox 2301 756 2847 837; x_wconf 88' lang='lat' dir='ltr'>comprehendunt,</span> <span class='ocrx_word' id='word_1_410' title='bbox 2895 762 2956 816; x_wconf 90' lang='lat' dir='ltr'>et</span> <span class='ocrx_word' id='word_1_411' title='bbox 2984 774 3110 817; x_wconf 91' lang='lat' dir='ltr'>non</span> <span class='ocrx_word' id='word_1_412' title='bbox 3141 756 3431 817; x_wconf 82' lang='lat' dir='ltr'>videntur</span> 
     </span>
     <span class='ocr_line' id='line_1_60' title="bbox 1875 850 3429 928; baseline -0.003 -14"><span class='ocrx_word' id='word_1_413' title='bbox 1875 852 2280 914; x_wconf 84' lang='lat' dir='ltr'>extendenda.</span> <span class='ocrx_word' id='word_1_414' title='bbox 2311 852 2455 928; x_wconf 89' lang='lat' dir='ltr'>Sed,</span> <span class='ocrx_word' id='word_1_415' title='bbox 2486 852 2628 913; x_wconf 88' lang='lat' dir='ltr'>licet</span> <span class='ocrx_word' id='word_1_416' title='bbox 2660 850 2775 912; x_wconf 89' lang='lat' dir='ltr'>hoc</span> <span class='ocrx_word' id='word_1_417' title='bbox 2804 868 2879 911; x_wconf 82' lang='lat' dir='ltr'>ex</span> <span class='ocrx_word' id='word_1_418' title='bbox 2908 850 3236 911; x_wconf 81' lang='lat' dir='ltr'>verborum</span> <span class='ocrx_word' id='word_1_419' title='bbox 3266 850 3429 927; x_wconf 89' lang='lat' dir='ltr'>rigo-</span> 
     </span>
     <span class='ocr_line' id='line_1_61' title="bbox 1875 944 3427 1024; baseline -0.002 -18"><span class='ocrx_word' id='word_1_420' title='bbox 1875 964 1942 1006; x_wconf 86' lang='lat' dir='ltr'>re</span> <span class='ocrx_word' id='word_1_421' title='bbox 1962 946 2051 1006; x_wconf 89' lang='lat' dir='ltr'>ita</span> <span class='ocrx_word' id='word_1_422' title='bbox 2082 947 2181 1023; x_wconf 89' lang='lat' dir='ltr'>sit,</span> <span class='ocrx_word' id='word_1_423' title='bbox 2210 946 2615 1007; x_wconf 87' lang='lat' dir='ltr'>nihilominus</span> <span class='ocrx_word' id='word_1_424' title='bbox 2642 952 2893 1024; x_wconf 86' lang='lat' dir='ltr'>propter</span> <span class='ocrx_word' id='word_1_425' title='bbox 2918 944 3427 1014; x_wconf 79' lang='lat' dir='ltr'>familiaritatem,</span> 
     </span>
     <span class='ocr_line' id='line_1_62' title="bbox 1879 1036 3433 1119; baseline -0.003 -18"><span class='ocrx_word' id='word_1_426' title='bbox 1879 1050 1941 1102; x_wconf 87' lang='lat' dir='ltr'>et</span> <span class='ocrx_word' id='word_1_427' title='bbox 1990 1040 2317 1119; x_wconf 74' lang='lat' dir='ltr'>specialem</span> <span class='ocrx_word' id='word_1_428' title='bbox 2358 1039 2749 1101; x_wconf 81' lang='lat' dir='ltr'>affectionem</span> <span class='ocrx_word' id='word_1_429' title='bbox 2780 1056 2943 1116; x_wconf 82' lang='lat' dir='ltr'>quae,</span> <span class='ocrx_word' id='word_1_430' title='bbox 2992 1036 3307 1100; x_wconf 87' lang='lat' dir='ltr'>moraliter</span> <span class='ocrx_word' id='word_1_431' title='bbox 3342 1036 3433 1097; x_wconf 93' lang='lat' dir='ltr'>lo-</span> 
     </span>
     <span class='ocr_line' id='line_1_63' title="bbox 1880 1131 3433 1213; baseline 0 -20"><span class='ocrx_word' id='word_1_432' title='bbox 1880 1133 2149 1213; x_wconf 90' lang='lat' dir='ltr'>quend0,</span> <span class='ocrx_word' id='word_1_433' title='bbox 2192 1132 2337 1195; x_wconf 90' lang='lat' dir='ltr'>inde</span> <span class='ocrx_word' id='word_1_434' title='bbox 2366 1132 2648 1194; x_wconf 86' lang='lat' dir='ltr'>contrahi</span> <span class='ocrx_word' id='word_1_435' title='bbox 2670 1131 2847 1208; x_wconf 88' lang='lat' dir='ltr'>solet,</span> <span class='ocrx_word' id='word_1_436' title='bbox 2872 1131 2989 1193; x_wconf 88' lang='lat' dir='ltr'>hoc</span> <span class='ocrx_word' id='word_1_437' title='bbox 3018 1132 3205 1195; x_wconf 84' lang='lat' dir='ltr'>etiam</span> <span class='ocrx_word' id='word_1_438' title='bbox 3231 1132 3433 1193; x_wconf 79' lang='lat' dir='ltr'>vitan·</span> 
     </span>
     <span class='ocr_line' id='line_1_64' title="bbox 1879 1228 2165 1289; baseline 0 0"><span class='ocrx_word' id='word_1_439' title='bbox 1879 1228 2029 1289; x_wconf 89' lang='lat' dir='ltr'>dum</span> <span class='ocrx_word' id='word_1_440' title='bbox 2052 1234 2165 1289; x_wconf 87' lang='lat' dir='ltr'>est.</span> 
     </span>
    </p>

    <p class='ocr_par' dir='ltr' id='par_1_6' title="bbox 1874 1318 3451 4387">
     <span class='ocr_line' id='line_1_65' title="bbox 1958 1318 3433 1403; baseline -0.003 -18"><span class='ocrx_word' id='word_1_441' title='bbox 1958 1325 2020 1385; x_wconf 83' lang='lat'>9.</span> <span class='ocrx_word' id='word_1_442' title='bbox 2065 1324 2225 1385; x_wconf 73' lang='lat' dir='ltr'>Item</span> <span class='ocrx_word' id='word_1_443' title='bbox 2252 1324 2498 1386; x_wconf 72' lang='lat' dir='ltr'>Judoeos</span> <span class='ocrx_word' id='word_1_444' title='bbox 2524 1322 2783 1385; x_wconf 74' lang='lat' dir='ltr'>Itoeredes</span> <span class='ocrx_word' id='word_1_445' title='bbox 2802 1320 2893 1383; x_wconf 73' lang='lat' dir='ltr'>vel</span> <span class='ocrx_word' id='word_1_446' title='bbox 2914 1319 3239 1403; x_wconf 71' lang='lat' dir='ltr'>leyatarios</span> <span class='ocrx_word' id='word_1_447' title='bbox 3254 1318 3433 1383; x_wconf 75' lang='lat' dir='ltr'>insti-</span> 
     </span>
     <span class='ocr_line' id='line_1_66' title="bbox 1879 1414 3435 1495; baseline -0.002 -17"><span class='ocrx_word' id='word_1_448' title='bbox 1879 1416 2400 1489; x_wconf 74' lang='lat' dir='ltr'>tuere.-00tavo,</span> <span class='ocrx_word' id='word_1_449' title='bbox 2416 1415 2825 1495; x_wconf 86' lang='lat' dir='ltr'>prohibentur</span> <span class='ocrx_word' id='word_1_450' title='bbox 2841 1414 3051 1475; x_wconf 87' lang='lat' dir='ltr'>fideles</span> <span class='ocrx_word' id='word_1_451' title='bbox 3072 1434 3149 1477; x_wconf 92' lang='lat' dir='ltr'>ne</span> <span class='ocrx_word' id='word_1_452' title='bbox 3165 1414 3233 1475; x_wconf 89' lang='lat' dir='ltr'>in</span> <span class='ocrx_word' id='word_1_453' title='bbox 3247 1420 3435 1476; x_wconf 87' lang='lat' dir='ltr'>testa-</span> 
     </span>
     <span class='ocr_line' id='line_1_67' title="bbox 1877 1508 3435 1585; baseline -0.001 -14"><span class='ocrx_word' id='word_1_454' title='bbox 1877 1511 2102 1571; x_wconf 86' lang='lat' dir='ltr'>mentis</span> <span class='ocrx_word' id='word_1_455' title='bbox 2126 1511 2252 1571; x_wconf 89' lang='lat' dir='ltr'>suis</span> <span class='ocrx_word' id='word_1_456' title='bbox 2264 1510 2299 1570; x_wconf 85' lang='lat' dir='ltr'><strong>J</strong></span> <span class='ocrx_word' id='word_1_457' title='bbox 2306 1509 2513 1571; x_wconf 80' lang='lat' dir='ltr'>udaeos</span> <span class='ocrx_word' id='word_1_458' title='bbox 2532 1508 2805 1570; x_wconf 62' lang='lat' dir='ltr'>haeredes</span> <span class='ocrx_word' id='word_1_459' title='bbox 2821 1509 2919 1570; x_wconf 81' lang='lat' dir='ltr'>vel</span> <span class='ocrx_word' id='word_1_460' title='bbox 2942 1508 3267 1585; x_wconf 83' lang='lat' dir='ltr'>legatarios</span> <span class='ocrx_word' id='word_1_461' title='bbox 3294 1526 3435 1569; x_wconf 89' lang='lat' dir='ltr'>suos</span> 
     </span>
     <span class='ocr_line' id='line_1_68' title="bbox 1874 1602 3435 1681; baseline 0.001 -17"><span class='ocrx_word' id='word_1_462' title='bbox 1874 1602 2226 1664; x_wconf 82' lang='lat' dir='ltr'>instituant.</span> <span class='ocrx_word' id='word_1_463' title='bbox 2262 1604 2352 1664; x_wconf 86' lang='lat' dir='ltr'>lta</span> <span class='ocrx_word' id='word_1_464' title='bbox 2380 1602 2599 1665; x_wconf 85' lang='lat' dir='ltr'>docent</span> <span class='ocrx_word' id='word_1_465' title='bbox 2630 1602 2999 1677; x_wconf 80' lang='lat' dir='ltr'>Canonistae,</span> <span class='ocrx_word' id='word_1_466' title='bbox 3032 1603 3099 1663; x_wconf 89' lang='lat' dir='ltr'>in</span> <span class='ocrx_word' id='word_1_467' title='bbox 3146 1620 3277 1681; x_wconf 84' lang='lat' dir='ltr'>cap.</span> <span class='ocrx_word' id='word_1_468' title='bbox 3313 1603 3366 1665; x_wconf 90' lang='lat' dir='ltr'><strong><em>J</em></strong></span> <span class='ocrx_word' id='word_1_469' title='bbox 3366 1622 3435 1665; x_wconf 86' lang='lat' dir='ltr'>u-</span> 
     </span>
     <span class='ocr_line' id='line_1_69' title="bbox 1877 1696 3439 1777; baseline -0.001 -18"><span class='ocrx_word' id='word_1_470' title='bbox 1877 1698 2017 1771; x_wconf 81' lang='lat' dir='ltr'>doei,</span> <span class='ocrx_word' id='word_1_471' title='bbox 2033 1700 2095 1773; x_wconf 63' lang='grc' dir='ltr'>Ξ,</span> <span class='ocrx_word' id='word_1_472' title='bbox 2118 1696 2195 1759; x_wconf 86' lang='grc'>(10</span> <span class='ocrx_word' id='word_1_473' title='bbox 2213 1696 2463 1766; x_wconf 66' lang='lat' dir='ltr'>sadonis,</span> <span class='ocrx_word' id='word_1_474' title='bbox 2484 1696 2829 1777; x_wconf 84' lang='lat' dir='ltr'>specialiter</span> <span class='ocrx_word' id='word_1_475' title='bbox 2854 1696 3075 1773; x_wconf 90' lang='lat' dir='ltr'>Felin.,</span> <span class='ocrx_word' id='word_1_476' title='bbox 3092 1715 3158 1757; x_wconf 88' lang='lat' dir='ltr'>n.</span> <span class='ocrx_word' id='word_1_477' title='bbox 3185 1698 3246 1772; x_wconf 80' lang='lat'>3,</span> <span class='ocrx_word' id='word_1_478' title='bbox 3268 1696 3439 1757; x_wconf 86' lang='lat' dir='ltr'>Glos-</span> 
     </span>
     <span class='ocr_line' id='line_1_70' title="bbox 1877 1789 3438 1870; baseline 0.001 -18"><span class='ocrx_word' id='word_1_479' title='bbox 1877 1810 1945 1852; x_wconf 90' lang='lat' dir='ltr'>sa</span> <span class='ocrx_word' id='word_1_480' title='bbox 1973 1790 2083 1866; x_wconf 90' lang='lat' dir='ltr'>ibi,</span> <span class='ocrx_word' id='word_1_481' title='bbox 2114 1796 2179 1851; x_wconf 88' lang='lat' dir='ltr'>et</span> <span class='ocrx_word' id='word_1_482' title='bbox 2196 1789 2483 1869; x_wconf 68' lang='lat' dir='ltr'>Sylvest„</span> <span class='ocrx_word' id='word_1_483' title='bbox 2509 1789 2697 1852; x_wconf 86' lang='lat' dir='ltr'>verbo</span> <span class='ocrx_word' id='word_1_484' title='bbox 2712 1790 2990 1867; x_wconf 74' lang='lat' dir='ltr'>Judoeus,</span> <span class='ocrx_word' id='word_1_485' title='bbox 3012 1809 3073 1870; x_wconf 86' lang='lat' dir='ltr'>q.</span> <span class='ocrx_word' id='word_1_486' title='bbox 3110 1794 3137 1851; x_wconf 84' lang='grc'><strong>1</strong></span> <span class='ocrx_word' id='word_1_487' title='bbox 3166 1807 3185 1868; x_wconf 86' lang='lat'><em>3</em></span> <span class='ocrx_word' id='word_1_488' title='bbox 3214 1791 3438 1853; x_wconf 87' lang='lat' dir='ltr'>citatur</span> 
     </span>
     <span class='ocr_line' id='line_1_71' title="bbox 1876 1883 3439 1962; baseline -0.001 -17"><span class='ocrx_word' id='word_1_489' title='bbox 1876 1885 1918 1945; x_wconf 94' lang='lat' dir='ltr'>l.</span> <span class='ocrx_word' id='word_1_490' title='bbox 1956 1887 1980 1944; x_wconf 81' lang='lat'>¹</span> <span class='ocrx_word' id='word_1_491' title='bbox 2019 1883 2167 1947; x_wconf 89' lang='lat' dir='ltr'>Cod.</span> <span class='ocrx_word' id='word_1_492' title='bbox 2208 1884 2285 1944; x_wconf 91' lang='lat' dir='ltr'>de</span> <span class='ocrx_word' id='word_1_493' title='bbox 2324 1883 2590 1959; x_wconf 78' lang='lat' dir='ltr'>Judaeis3</span> <span class='ocrx_word' id='word_1_494' title='bbox 2617 1883 2702 1944; x_wconf 92' lang='lat' dir='ltr'>ibi</span> <span class='ocrx_word' id='word_1_495' title='bbox 2730 1890 2944 1945; x_wconf 87' lang='lat' dir='ltr'>tamen</span> <span class='ocrx_word' id='word_1_496' title='bbox 2972 1883 3173 1946; x_wconf 91' lang='lat' dir='ltr'>solum</span> <span class='ocrx_word' id='word_1_497' title='bbox 3201 1883 3271 1944; x_wconf 85' lang='lat' dir='ltr'>fit</span> <span class='ocrx_word' id='word_1_498' title='bbox 3298 1901 3439 1962; x_wconf 90' lang='lat' dir='ltr'>pro-</span> 
     </span>
     <span class='ocr_line' id='line_1_72' title="bbox 1875 1976 3440 2057; baseline 0.001 -19"><span class='ocrx_word' id='word_1_499' title='bbox 1875 1976 2097 2038; x_wconf 89' lang='lat' dir='ltr'>hibitio</span> <span class='ocrx_word' id='word_1_500' title='bbox 2115 1983 2391 2057; x_wconf 88' lang='lat' dir='ltr'>respectu</span> <span class='ocrx_word' id='word_1_501' title='bbox 2409 1976 2870 2041; x_wconf 85' lang='lat' dir='ltr'>universitatisJ</span> <span class='ocrx_word' id='word_1_502' title='bbox 2878 1977 3218 2051; x_wconf 80' lang='lat' dir='ltr'>udaeorum,</span> <span class='ocrx_word' id='word_1_503' title='bbox 3242 1978 3307 2039; x_wconf 88' lang='lat' dir='ltr'>id</span> <span class='ocrx_word' id='word_1_504' title='bbox 3320 1985 3440 2054; x_wconf 86' lang='lat' dir='ltr'>est,</span> 
     </span>
     <span class='ocr_line' id='line_1_73' title="bbox 1881 2070 3439 2151; baseline 0.001 -19"><span class='ocrx_word' id='word_1_505' title='bbox 1881 2070 2371 2148; x_wconf 83' lang='lat' dir='ltr'>communitatis3</span> <span class='ocrx_word' id='word_1_506' title='bbox 2390 2090 2529 2151; x_wconf 81' lang='lat' dir='ltr'>quae</span> <span class='ocrx_word' id='word_1_507' title='bbox 2552 2077 2761 2133; x_wconf 87' lang='lat' dir='ltr'>autem</span> <span class='ocrx_word' id='word_1_508' title='bbox 2785 2071 2870 2133; x_wconf 85' lang='lat' dir='ltr'>sic</span> <span class='ocrx_word' id='word_1_509' title='bbox 2892 2070 3299 2149; x_wconf 89' lang='lat' dir='ltr'>prohibentur</span> <span class='ocrx_word' id='word_1_510' title='bbox 3312 2091 3439 2134; x_wconf 89' lang='lat' dir='ltr'>non</span> 
     </span>
     <span class='ocr_line' id='line_1_74' title="bbox 1883 2164 3435 2243; baseline 0.001 -17"><span class='ocrx_word' id='word_1_511' title='bbox 1883 2165 2080 2226; x_wconf 88' lang='lat' dir='ltr'>solent</span> <span class='ocrx_word' id='word_1_512' title='bbox 2108 2166 2355 2227; x_wconf 85' lang='lat' dir='ltr'>extendi</span> <span class='ocrx_word' id='word_1_513' title='bbox 2374 2164 2453 2225; x_wconf 90' lang='lat' dir='ltr'>ad</span> <span class='ocrx_word' id='word_1_514' title='bbox 2474 2164 2770 2243; x_wconf 86' lang='lat' dir='ltr'>singulos,</span> <span class='ocrx_word' id='word_1_515' title='bbox 2798 2170 2868 2225; x_wconf 86' lang='lat' dir='ltr'>ut</span> <span class='ocrx_word' id='word_1_516' title='bbox 2895 2165 2981 2226; x_wconf 91' lang='lat' dir='ltr'>ibi</span> <span class='ocrx_word' id='word_1_517' title='bbox 3008 2164 3216 2225; x_wconf 88' lang='lat' dir='ltr'>Glossa</span> <span class='ocrx_word' id='word_1_518' title='bbox 3242 2172 3435 2229; x_wconf 88' lang='lat' dir='ltr'>notat.</span> 
     </span>
     <span class='ocr_line' id='line_1_75' title="bbox 1883 2256 3439 2320; baseline -0.001 0"><span class='ocrx_word' id='word_1_519' title='bbox 1883 2260 2118 2320; x_wconf 88' lang='lat' dir='ltr'>Tamen</span> <span class='ocrx_word' id='word_1_520' title='bbox 2156 2257 2223 2317; x_wconf 88' lang='lat' dir='ltr'>in</span> <span class='ocrx_word' id='word_1_521' title='bbox 2262 2256 2377 2319; x_wconf 87' lang='lat' dir='ltr'>hac</span> <span class='ocrx_word' id='word_1_522' title='bbox 2406 2257 2669 2318; x_wconf 88' lang='lat' dir='ltr'>materia</span> <span class='ocrx_word' id='word_1_523' title='bbox 2696 2259 2970 2319; x_wconf 83' lang='lat' dir='ltr'>extensio</span> <span class='ocrx_word' id='word_1_524' title='bbox 2998 2257 3348 2319; x_wconf 86' lang='lat' dir='ltr'>admittitur</span> <span class='ocrx_word' id='word_1_525' title='bbox 3371 2258 3439 2319; x_wconf 92' lang='lat' dir='ltr'>in</span> 
     </span>
     <span class='ocr_line' id='line_1_76' title="bbox 1883 2349 3443 2431; baseline 0.001 -20"><span class='ocrx_word' id='word_1_526' title='bbox 1883 2352 2157 2411; x_wconf 85' lang='lat' dir='ltr'>favorem</span> <span class='ocrx_word' id='word_1_527' title='bbox 2182 2349 2327 2411; x_wconf 85' lang='lat' dir='ltr'>fidei</span> <span class='ocrx_word' id='word_1_528' title='bbox 2356 2356 2416 2410; x_wconf 88' lang='lat' dir='ltr'>et</span> <span class='ocrx_word' id='word_1_529' title='bbox 2431 2350 2764 2429; x_wconf 88' lang='lat' dir='ltr'>religionis.</span> <span class='ocrx_word' id='word_1_530' title='bbox 2788 2351 3025 2413; x_wconf 89' lang='lat' dir='ltr'>Citatur</span> <span class='ocrx_word' id='word_1_531' title='bbox 3046 2354 3234 2413; x_wconf 88' lang='lat' dir='ltr'>etiam</span> <span class='ocrx_word' id='word_1_532' title='bbox 3258 2357 3443 2431; x_wconf 87' lang='lat' dir='ltr'>caput</span> 
     </span>
     <span class='ocr_line' id='line_1_77' title="bbox 1889 2443 3439 2525; baseline -0.002 -18"><span class='ocrx_word' id='word_1_533' title='bbox 1889 2443 1972 2508; x_wconf 78' lang='lat' dir='ltr'>Si</span> <span class='ocrx_word' id='word_1_534' title='bbox 1998 2444 2137 2525; x_wconf 75' lang='lat' dir='ltr'>quis</span> <span class='ocrx_word' id='word_1_535' title='bbox 2170 2444 2524 2524; x_wconf 66' lang='lat' dir='ltr'>Episcopus,</span> <span class='ocrx_word' id='word_1_536' title='bbox 2568 2443 2645 2505; x_wconf 89' lang='lat' dir='ltr'>de</span> <span class='ocrx_word' id='word_1_537' title='bbox 2674 2445 3007 2519; x_wconf 78' lang='lat' dir='ltr'>HaereticiS,</span> <span class='ocrx_word' id='word_1_538' title='bbox 3038 2450 3101 2505; x_wconf 88' lang='lat' dir='ltr'>et</span> <span class='ocrx_word' id='word_1_539' title='bbox 3128 2462 3263 2524; x_wconf 87' lang='lat' dir='ltr'>cap.</span> <span class='ocrx_word' id='word_1_540' title='bbox 3296 2443 3439 2519; x_wconf 90' lang='lat' dir='ltr'>ult.,</span> 
     </span>
     <span class='ocr_line' id='line_1_78' title="bbox 1886 2536 3443 2617; baseline -0.001 -19"><span class='ocrx_word' id='word_1_541' title='bbox 1886 2539 1989 2613; x_wconf 66' lang='lat'>24,</span> <span class='ocrx_word' id='word_1_542' title='bbox 2016 2554 2079 2615; x_wconf 90' lang='lat' dir='ltr'>q.</span> <span class='ocrx_word' id='word_1_543' title='bbox 2109 2539 2170 2612; x_wconf 74' lang='lat'>2,</span> <span class='ocrx_word' id='word_1_544' title='bbox 2201 2538 2266 2597; x_wconf 89' lang='lat' dir='ltr'>in</span> <span class='ocrx_word' id='word_1_545' title='bbox 2296 2536 2521 2615; x_wconf 86' lang='lat' dir='ltr'>quibus</span> <span class='ocrx_word' id='word_1_546' title='bbox 2547 2537 2895 2616; x_wconf 88' lang='lat' dir='ltr'>specialiter</span> <span class='ocrx_word' id='word_1_547' title='bbox 2918 2537 3037 2599; x_wconf 88' lang='lat' dir='ltr'>hoc</span> <span class='ocrx_word' id='word_1_548' title='bbox 3068 2542 3443 2617; x_wconf 79' lang='lat' dir='ltr'>praeceptum</span> 
     </span>
     <span class='ocr_line' id='line_1_79' title="bbox 1887 2630 3442 2710; baseline 0.001 -19"><span class='ocrx_word' id='word_1_549' title='bbox 1887 2630 2229 2710; x_wconf 90' lang='lat' dir='ltr'>imponitur</span> <span class='ocrx_word' id='word_1_550' title='bbox 2264 2630 2599 2709; x_wconf 89' lang='lat' dir='ltr'>Episcopis,</span> <span class='ocrx_word' id='word_1_551' title='bbox 2640 2636 2702 2691; x_wconf 91' lang='lat' dir='ltr'>et</span> <span class='ocrx_word' id='word_1_552' title='bbox 2740 2630 2807 2691; x_wconf 87' lang='lat' dir='ltr'>in</span> <span class='ocrx_word' id='word_1_553' title='bbox 2838 2649 2973 2710; x_wconf 85' lang='lat' dir='ltr'>cap.</span> <span class='ocrx_word' id='word_1_554' title='bbox 3018 2632 3195 2694; x_wconf 74' lang='lat' dir='ltr'>Inter</span> <span class='ocrx_word' id='word_1_555' title='bbox 3218 2650 3335 2705; x_wconf 74' lang='lat' dir='ltr'>eos,</span> <span class='ocrx_word' id='word_1_556' title='bbox 3366 2632 3442 2693; x_wconf 92' lang='lat' dir='ltr'>de</span> 
     </span>
     <span class='ocr_line' id='line_1_80' title="bbox 1885 2723 3443 2800; baseline 0 -15"><span class='ocrx_word' id='word_1_557' title='bbox 1885 2723 2220 2795; x_wconf 83' lang='lat' dir='ltr'>Haeretieis‚</span> <span class='ocrx_word' id='word_1_558' title='bbox 2272 2723 2624 2786; x_wconf 82' lang='lat' dir='ltr'>extenditur</span> <span class='ocrx_word' id='word_1_559' title='bbox 2676 2724 2755 2787; x_wconf 87' lang='lat' dir='ltr'>ad</span> <span class='ocrx_word' id='word_1_560' title='bbox 2808 2725 3060 2787; x_wconf 88' lang='lat' dir='ltr'>clericos</span> <span class='ocrx_word' id='word_1_561' title='bbox 3077 2740 3097 2800; x_wconf 91' lang='lat'>;</span> <span class='ocrx_word' id='word_1_562' title='bbox 3160 2726 3443 2786; x_wconf 88' lang='lat' dir='ltr'>Doctores</span> 
     </span>
     <span class='ocr_line' id='line_1_81' title="bbox 1887 2816 3445 2879; baseline 0 -2"><span class='ocrx_word' id='word_1_563' title='bbox 1887 2822 2098 2878; x_wconf 89' lang='lat' dir='ltr'>autem</span> <span class='ocrx_word' id='word_1_564' title='bbox 2128 2817 2555 2877; x_wconf 83' lang='lat' dir='ltr'>extensionem</span> <span class='ocrx_word' id='word_1_565' title='bbox 2584 2818 2821 2879; x_wconf 84' lang='lat' dir='ltr'>faciunt</span> <span class='ocrx_word' id='word_1_566' title='bbox 2868 2818 2945 2877; x_wconf 91' lang='lat' dir='ltr'>ad</span> <span class='ocrx_word' id='word_1_567' title='bbox 2975 2833 3189 2878; x_wconf 89' lang='lat' dir='ltr'>omnes</span> <span class='ocrx_word' id='word_1_568' title='bbox 3225 2816 3445 2878; x_wconf 85' lang='lat' dir='ltr'>Catho-</span> 
     </span>
     <span class='ocr_line' id='line_1_82' title="bbox 1890 2909 3449 2989; baseline -0.001 -19"><span class='ocrx_word' id='word_1_569' title='bbox 1890 2909 2054 2984; x_wconf 86' lang='lat' dir='ltr'>licos,</span> <span class='ocrx_word' id='word_1_570' title='bbox 2088 2910 2186 2970; x_wconf 91' lang='lat' dir='ltr'>vel</span> <span class='ocrx_word' id='word_1_571' title='bbox 2216 2928 2253 2971; x_wconf 85' lang='lat' dir='ltr'>a</span> <span class='ocrx_word' id='word_1_572' title='bbox 2282 2910 2545 2989; x_wconf 87' lang='lat' dir='ltr'>paritate</span> <span class='ocrx_word' id='word_1_573' title='bbox 2582 2910 2863 2984; x_wconf 87' lang='lat' dir='ltr'>rationis,</span> <span class='ocrx_word' id='word_1_574' title='bbox 2903 2909 3003 2971; x_wconf 83' lang='lat' dir='ltr'>vel</span> <span class='ocrx_word' id='word_1_575' title='bbox 3030 2915 3192 2971; x_wconf 89' lang='lat' dir='ltr'>certe</span> <span class='ocrx_word' id='word_1_576' title='bbox 3238 2928 3277 2970; x_wconf 89' lang='lat' dir='ltr'>a</span> <span class='ocrx_word' id='word_1_577' title='bbox 3322 2910 3449 2970; x_wconf 86' lang='lat' dir='ltr'>for·</span> 
     </span>
     <span class='ocr_line' id='line_1_83' title="bbox 1889 3002 3445 3081; baseline -0.001 -19"><span class='ocrx_word' id='word_1_578' title='bbox 1889 3003 2071 3078; x_wconf 84' lang='lat' dir='ltr'>tiori3</span> <span class='ocrx_word' id='word_1_579' title='bbox 2103 3008 2165 3064; x_wconf 89' lang='lat' dir='ltr'>et</span> <span class='ocrx_word' id='word_1_580' title='bbox 2191 3004 2278 3064; x_wconf 91' lang='lat' dir='ltr'>ita</span> <span class='ocrx_word' id='word_1_581' title='bbox 2302 3003 2752 3065; x_wconf 87' lang='lat' dir='ltr'>observandum</span> <span class='ocrx_word' id='word_1_582' title='bbox 2786 3010 2899 3080; x_wconf 87' lang='lat' dir='ltr'>est,</span> <span class='ocrx_word' id='word_1_583' title='bbox 2929 3003 3269 3081; x_wconf 81' lang='lat' dir='ltr'>proesertim</span> <span class='ocrx_word' id='word_1_584' title='bbox 3294 3002 3445 3081; x_wconf 89' lang='lat' dir='ltr'>quia</span> 
     </span>
     <span class='ocr_line' id='line_1_84' title="bbox 1889 3094 3445 3173; baseline 0 -18"><span class='ocrx_word' id='word_1_585' title='bbox 1889 3096 2262 3173; x_wconf 82' lang='lat' dir='ltr'>generaliter</span> <span class='ocrx_word' id='word_1_586' title='bbox 2289 3101 2539 3158; x_wconf 88' lang='lat' dir='ltr'>cautum</span> <span class='ocrx_word' id='word_1_587' title='bbox 2585 3102 2677 3158; x_wconf 90' lang='lat' dir='ltr'>est</span> <span class='ocrx_word' id='word_1_588' title='bbox 2724 3116 2805 3158; x_wconf 89' lang='lat' dir='ltr'>ne</span> <span class='ocrx_word' id='word_1_589' title='bbox 2856 3096 3186 3159; x_wconf 88' lang='lat' dir='ltr'>Christiani</span> <span class='ocrx_word' id='word_1_590' title='bbox 3226 3094 3445 3155; x_wconf 84' lang='lat' dir='ltr'>suffra·</span> 
     </span>
     <span class='ocr_line' id='line_1_85' title="bbox 1890 3187 3437 3269; baseline 0.001 -22"><span class='ocrx_word' id='word_1_591' title='bbox 1890 3189 2064 3265; x_wconf 86' lang='lat' dir='ltr'>gium</span> <span class='ocrx_word' id='word_1_592' title='bbox 2093 3187 2190 3249; x_wconf 87' lang='lat' dir='ltr'>vel</span> <span class='ocrx_word' id='word_1_593' title='bbox 2232 3189 2505 3249; x_wconf 82' lang='lat' dir='ltr'>favorem</span> <span class='ocrx_word' id='word_1_594' title='bbox 2539 3188 2900 3269; x_wconf 87' lang='lat' dir='ltr'>hujusmodi</span> <span class='ocrx_word' id='word_1_595' title='bbox 2930 3189 3156 3251; x_wconf 81' lang='lat' dir='ltr'>Judaeis</span> <span class='ocrx_word' id='word_1_596' title='bbox 3188 3188 3437 3249; x_wconf 88' lang='lat' dir='ltr'>faciant.</span> 
     </span>
     <span class='ocr_line' id='line_1_86' title="bbox 1890 3282 3445 3363; baseline -0.001 -20"><span class='ocrx_word' id='word_1_597' title='bbox 1890 3284 1982 3343; x_wconf 83' lang='lat' dir='ltr'>Ita</span> <span class='ocrx_word' id='word_1_598' title='bbox 2014 3282 2356 3345; x_wconf 89' lang='lat' dir='ltr'>Concilium</span> <span class='ocrx_word' id='word_1_599' title='bbox 2381 3284 2747 3345; x_wconf 89' lang='lat' dir='ltr'>Toletanum</span> <span class='ocrx_word' id='word_1_600' title='bbox 2768 3285 2873 3353; x_wconf 85' lang='lat' dir='ltr'>IV.</span> <span class='ocrx_word' id='word_1_601' title='bbox 2905 3302 3037 3363; x_wconf 86' lang='lat' dir='ltr'>cap.</span> <span class='ocrx_word' id='word_1_602' title='bbox 3066 3285 3165 3345; x_wconf 80' lang='lat'>57.</span> <span class='ocrx_word' id='word_1_603' title='bbox 3199 3284 3281 3343; x_wconf 86' lang='lat' dir='ltr'>De</span> <span class='ocrx_word' id='word_1_604' title='bbox 3310 3282 3445 3361; x_wconf 89' lang='lat' dir='ltr'>qui·</span> 
     </span>
     <span class='ocr_line' id='line_1_87' title="bbox 1891 3375 3445 3455; baseline -0.001 -20"><span class='ocrx_word' id='word_1_605' title='bbox 1891 3375 2009 3435; x_wconf 91' lang='lat' dir='ltr'>bus</span> <span class='ocrx_word' id='word_1_606' title='bbox 2053 3383 2115 3436; x_wconf 90' lang='lat' dir='ltr'>et</span> <span class='ocrx_word' id='word_1_607' title='bbox 2146 3375 2283 3435; x_wconf 89' lang='lat' dir='ltr'>aliis</span> <span class='ocrx_word' id='word_1_608' title='bbox 2331 3375 2635 3437; x_wconf 83' lang='lat' dir='ltr'>similibus</span> <span class='ocrx_word' id='word_1_609' title='bbox 2678 3376 3003 3438; x_wconf 82' lang='lat' dir='ltr'>observare</span> <span class='ocrx_word' id='word_1_610' title='bbox 3044 3381 3286 3455; x_wconf 88' lang='lat' dir='ltr'>oportet</span> <span class='ocrx_word' id='word_1_611' title='bbox 3316 3381 3445 3435; x_wconf 87' lang='lat' dir='ltr'>tam</span> 
     </span>
     <span class='ocr_line' id='line_1_88' title="bbox 1891 3468 3447 3551; baseline -0.003 -20"><span class='ocrx_word' id='word_1_612' title='bbox 1891 3468 1971 3531; x_wconf 86' lang='lat' dir='ltr'>ex</span> <span class='ocrx_word' id='word_1_613' title='bbox 2000 3470 2280 3541; x_wconf 83' lang='lat' dir='ltr'>materia,</span> <span class='ocrx_word' id='word_1_614' title='bbox 2328 3490 2516 3551; x_wconf 87' lang='lat' dir='ltr'>quam</span> <span class='ocrx_word' id='word_1_615' title='bbox 2571 3490 2648 3533; x_wconf 84' lang='lat' dir='ltr'>ex</span> <span class='ocrx_word' id='word_1_616' title='bbox 2675 3470 2824 3543; x_wconf 88' lang='lat' dir='ltr'>fine,</span> <span class='ocrx_word' id='word_1_617' title='bbox 2854 3471 2967 3531; x_wconf 87' lang='lat' dir='ltr'>has</span> <span class='ocrx_word' id='word_1_618' title='bbox 3003 3468 3447 3549; x_wconf 85' lang='lat' dir='ltr'>prohibitiones</span> 
     </span>
     <span class='ocr_line' id='line_1_89' title="bbox 1893 3562 3449 3641; baseline -0.001 -18"><span class='ocrx_word' id='word_1_619' title='bbox 1893 3579 2021 3623; x_wconf 89' lang='lat' dir='ltr'>esse</span> <span class='ocrx_word' id='word_1_620' title='bbox 2049 3580 2288 3641; x_wconf 75' lang='lat' dir='ltr'>graveS,</span> <span class='ocrx_word' id='word_1_621' title='bbox 2316 3570 2379 3625; x_wconf 90' lang='lat' dir='ltr'>et</span> <span class='ocrx_word' id='word_1_622' title='bbox 2410 3562 2683 3641; x_wconf 88' lang='lat' dir='ltr'>obligare</span> <span class='ocrx_word' id='word_1_623' title='bbox 2706 3562 2823 3623; x_wconf 89' lang='lat' dir='ltr'>sub</span> <span class='ocrx_word' id='word_1_624' title='bbox 2850 3562 3095 3623; x_wconf 88' lang='lat' dir='ltr'>mortali</span> <span class='ocrx_word' id='word_1_625' title='bbox 3122 3580 3198 3624; x_wconf 82' lang='lat' dir='ltr'>ex</span> <span class='ocrx_word' id='word_1_626' title='bbox 3222 3578 3449 3639; x_wconf 84' lang='lat' dir='ltr'>genere</span> 
     </span>
     <span class='ocr_line' id='line_1_90' title="bbox 1893 3656 3446 3736; baseline -0.001 -19"><span class='ocrx_word' id='word_1_627' title='bbox 1893 3674 2029 3731; x_wconf 89' lang='lat' dir='ltr'>suo,</span> <span class='ocrx_word' id='word_1_628' title='bbox 2052 3658 2334 3735; x_wconf 88' lang='lat' dir='ltr'>quamvis</span> <span class='ocrx_word' id='word_1_629' title='bbox 2361 3674 2438 3718; x_wconf 84' lang='lat' dir='ltr'>ex</span> <span class='ocrx_word' id='word_1_630' title='bbox 2464 3656 2713 3717; x_wconf 83' lang='lat' dir='ltr'>levitate</span> <span class='ocrx_word' id='word_1_631' title='bbox 2742 3656 3016 3718; x_wconf 79' lang='lat' dir='ltr'>materiae</span> <span class='ocrx_word' id='word_1_632' title='bbox 3044 3656 3229 3736; x_wconf 88' lang='lat' dir='ltr'>possit</span> <span class='ocrx_word' id='word_1_633' title='bbox 3254 3656 3446 3715; x_wconf 86' lang='lat' dir='ltr'>inter-</span> 
     </span>
     <span class='ocr_line' id='line_1_91' title="bbox 1893 3748 3449 3829; baseline -0.001 -19"><span class='ocrx_word' id='word_1_634' title='bbox 1893 3751 2043 3811; x_wconf 90' lang='lat' dir='ltr'>dum</span> <span class='ocrx_word' id='word_1_635' title='bbox 2070 3752 2443 3828; x_wconf 86' lang='lat' dir='ltr'>trangressio</span> <span class='ocrx_word' id='word_1_636' title='bbox 2470 3768 2597 3813; x_wconf 89' lang='lat' dir='ltr'>esse</span> <span class='ocrx_word' id='word_1_637' title='bbox 2617 3750 2897 3813; x_wconf 87' lang='lat' dir='ltr'>venialis.</span> <span class='ocrx_word' id='word_1_638' title='bbox 2928 3751 3205 3829; x_wconf 88' lang='lat' dir='ltr'>Cumque</span> <span class='ocrx_word' id='word_1_639' title='bbox 3230 3748 3449 3827; x_wconf 73' lang='lat' dir='ltr'>liuJus-</span> 
     </span>
     <span class='ocr_line' id='line_1_92' title="bbox 1891 3840 3449 3923; baseline -0.001 -21"><span class='ocrx_word' id='word_1_640' title='bbox 1891 3842 2057 3903; x_wconf 90' lang='lat' dir='ltr'>modi</span> <span class='ocrx_word' id='word_1_641' title='bbox 2081 3842 2416 3922; x_wconf 89' lang='lat' dir='ltr'>prohibitio</span> <span class='ocrx_word' id='word_1_642' title='bbox 2455 3844 2537 3904; x_wconf 87' lang='lat' dir='ltr'>sit</span> <span class='ocrx_word' id='word_1_643' title='bbox 2567 3843 2641 3904; x_wconf 89' lang='lat' dir='ltr'>de</span> <span class='ocrx_word' id='word_1_644' title='bbox 2667 3844 2807 3923; x_wconf 88' lang='lat' dir='ltr'>jure</span> <span class='ocrx_word' id='word_1_645' title='bbox 2834 3841 3174 3913; x_wconf 88' lang='lat' dir='ltr'>communi,</span> <span class='ocrx_word' id='word_1_646' title='bbox 3206 3840 3449 3919; x_wconf 86' lang='lat' dir='ltr'>regula-</span> 
     </span>
     <span class='ocr_line' id='line_1_93' title="bbox 1896 3932 3446 4016; baseline -0.001 -21"><span class='ocrx_word' id='word_1_647' title='bbox 1896 3936 2047 3996; x_wconf 88' lang='lat' dir='ltr'>riter</span> <span class='ocrx_word' id='word_1_648' title='bbox 2074 3954 2200 3997; x_wconf 88' lang='lat' dir='ltr'>non</span> <span class='ocrx_word' id='word_1_649' title='bbox 2230 3942 2489 4016; x_wconf 86' lang='lat' dir='ltr'>possunt</span> <span class='ocrx_word' id='word_1_650' title='bbox 2521 3937 2587 3997; x_wconf 92' lang='lat' dir='ltr'>in</span> <span class='ocrx_word' id='word_1_651' title='bbox 2625 3954 2699 3997; x_wconf 88' lang='lat' dir='ltr'>ea</span> <span class='ocrx_word' id='word_1_652' title='bbox 2744 3936 3095 4015; x_wconf 87' lang='lat' dir='ltr'>dispensare</span> <span class='ocrx_word' id='word_1_653' title='bbox 3143 3932 3446 4014; x_wconf 85' lang='lat' dir='ltr'>Episcopi.</span> 
     </span>
     <span class='ocr_line' id='line_1_94' title="bbox 1897 4027 3451 4109; baseline -0.001 -20"><span class='ocrx_word' id='word_1_654' title='bbox 1897 4030 1967 4089; x_wconf 88' lang='lat' dir='ltr'>In</span> <span class='ocrx_word' id='word_1_655' title='bbox 1997 4028 2203 4108; x_wconf 89' lang='lat' dir='ltr'>aliquo</span> <span class='ocrx_word' id='word_1_656' title='bbox 2228 4034 2438 4090; x_wconf 87' lang='lat' dir='ltr'>autem</span> <span class='ocrx_word' id='word_1_657' title='bbox 2466 4029 2823 4109; x_wconf 85' lang='lat' dir='ltr'>particulari</span> <span class='ocrx_word' id='word_1_658' title='bbox 2852 4046 3021 4103; x_wconf 87' lang='lat' dir='ltr'>casu,</span> <span class='ocrx_word' id='word_1_659' title='bbox 3047 4027 3152 4089; x_wconf 88' lang='lat' dir='ltr'>ubi</span> <span class='ocrx_word' id='word_1_660' title='bbox 3192 4028 3451 4089; x_wconf 85' lang='lat' dir='ltr'>necessi·</span> 
     </span>
     <span class='ocr_line' id='line_1_95' title="bbox 1895 4121 3451 4202; baseline -0.002 -19"><span class='ocrx_word' id='word_1_661' title='bbox 1895 4128 1991 4183; x_wconf 88' lang='lat' dir='ltr'>tas</span> <span class='ocrx_word' id='word_1_662' title='bbox 2015 4123 2293 4197; x_wconf 83' lang='lat' dir='ltr'>instaret,</span> <span class='ocrx_word' id='word_1_663' title='bbox 2318 4128 2596 4202; x_wconf 86' lang='lat' dir='ltr'>essetque</span> <span class='ocrx_word' id='word_1_664' title='bbox 2618 4121 2958 4201; x_wconf 89' lang='lat' dir='ltr'>periculum</span> <span class='ocrx_word' id='word_1_665' title='bbox 2987 4121 3054 4181; x_wconf 92' lang='lat' dir='ltr'>in</span> <span class='ocrx_word' id='word_1_666' title='bbox 3084 4138 3279 4197; x_wconf 87' lang='lat' dir='ltr'>mora,</span> <span class='ocrx_word' id='word_1_667' title='bbox 3314 4136 3451 4199; x_wconf 90' lang='lat' dir='ltr'>pos-</span> 
     </span>
     <span class='ocr_line' id='line_1_96' title="bbox 1896 4212 3450 4296; baseline -0.001 -20"><span class='ocrx_word' id='word_1_668' title='bbox 1896 4222 1989 4276; x_wconf 88' lang='lat' dir='ltr'>set</span> <span class='ocrx_word' id='word_1_669' title='bbox 2015 4215 2079 4276; x_wconf 92' lang='lat' dir='ltr'>id</span> <span class='ocrx_word' id='word_1_670' title='bbox 2104 4215 2303 4277; x_wconf 86' lang='lat' dir='ltr'>facere</span> <span class='ocrx_word' id='word_1_671' title='bbox 2334 4216 2683 4296; x_wconf 86' lang='lat' dir='ltr'>Episcopus,</span> <span class='ocrx_word' id='word_1_672' title='bbox 2701 4215 2883 4293; x_wconf 86' lang='lat' dir='ltr'>juxta</span> <span class='ocrx_word' id='word_1_673' title='bbox 2906 4212 3257 4293; x_wconf 85' lang='lat' dir='ltr'>generalem</span> <span class='ocrx_word' id='word_1_674' title='bbox 3300 4213 3450 4275; x_wconf 88' lang='lat' dir='ltr'>doc-</span> 
     </span>
     <span class='ocr_line' id='line_1_97' title="bbox 1892 4308 2527 4387; baseline 0.003 -18"><span class='ocrx_word' id='word_1_675' title='bbox 1892 4308 2125 4370; x_wconf 86' lang='lat' dir='ltr'>trinam</span> <span class='ocrx_word' id='word_1_676' title='bbox 2154 4318 2230 4369; x_wconf 87' lang='lat' dir='ltr'>de</span> <span class='ocrx_word' id='word_1_677' title='bbox 2265 4308 2527 4387; x_wconf 73' lang='lat' dir='ltr'>legibue.</span> 
     </span>
    </p>

    <p class='ocr_par' dir='ltr' id='par_1_7' title="bbox 1892 4398 3456 5597">
     <span class='ocr_line' id='line_1_98' title="bbox 1978 4398 3453 4483; baseline 0 -20"><span class='ocrx_word' id='word_1_678' title='bbox 1978 4405 2074 4464; x_wconf 76' lang='grc'><strong>10.</strong></span> <span class='ocrx_word' id='word_1_679' title='bbox 2118 4401 2223 4464; x_wconf 76' lang='lat' dir='ltr'>An</span> <span class='ocrx_word' id='word_1_680' title='bbox 2242 4404 2331 4465; x_wconf 65' lang='lat' dir='ltr'>72oe</span> <span class='ocrx_word' id='word_1_681' title='bbox 2358 4401 2797 4483; x_wconf 72' lang='lat' dir='ltr'>prohibitiones</span> <span class='ocrx_word' id='word_1_682' title='bbox 2831 4402 2915 4465; x_wconf 82' lang='lat' dir='ltr'>ad</span> <span class='ocrx_word' id='word_1_683' title='bbox 2948 4418 3149 4463; x_wconf 75' lang='lat' dir='ltr'>omnes</span> <span class='ocrx_word' id='word_1_684' title='bbox 3186 4398 3453 4481; x_wconf 65' lang='lat' dir='ltr'>infideles</span> 
     </span>
     <span class='ocr_line' id='line_1_99' title="bbox 1892 4492 3452 4569; baseline -0.003 -14"><span class='ocrx_word' id='word_1_685' title='bbox 1892 4497 2311 4559; x_wconf 72' lang='lat' dir='ltr'>extendantur.</span> <span class='ocrx_word' id='word_1_686' title='bbox 2334 4529 2413 4539; x_wconf 90' lang='lat'><strong>—</strong></span> <span class='ocrx_word' id='word_1_687' title='bbox 2440 4494 2672 4557; x_wconf 90' lang='lat' dir='ltr'>Ultimo</span> <span class='ocrx_word' id='word_1_688' title='bbox 2716 4494 2875 4555; x_wconf 84' lang='lat' dir='ltr'>circa</span> <span class='ocrx_word' id='word_1_689' title='bbox 2903 4494 3015 4555; x_wconf 88' lang='lat' dir='ltr'>has</span> <span class='ocrx_word' id='word_1_690' title='bbox 3054 4493 3221 4569; x_wconf 85' lang='lat' dir='ltr'>leges</span> <span class='ocrx_word' id='word_1_691' title='bbox 3262 4492 3452 4553; x_wconf 88' lang='lat' dir='ltr'>inter-</span> 
     </span>
     <span class='ocr_line' id='line_1_100' title="bbox 1892 4586 3455 4667; baseline -0.001 -18"><span class='ocrx_word' id='word_1_692' title='bbox 1892 4589 2098 4666; x_wconf 84' lang='lat' dir='ltr'>rogari</span> <span class='ocrx_word' id='word_1_693' title='bbox 2132 4594 2329 4667; x_wconf 81' lang='lat' dir='ltr'>potest</span> <span class='ocrx_word' id='word_1_694' title='bbox 2371 4606 2452 4648; x_wconf 88' lang='lat' dir='ltr'>an</span> <span class='ocrx_word' id='word_1_695' title='bbox 2479 4588 2605 4649; x_wconf 88' lang='lat' dir='ltr'>sint</span> <span class='ocrx_word' id='word_1_696' title='bbox 2646 4587 3079 4649; x_wconf 87' lang='lat' dir='ltr'>universaliter</span> <span class='ocrx_word' id='word_1_697' title='bbox 3102 4586 3455 4663; x_wconf 82' lang='lat' dir='ltr'>intelligen-</span> 
     </span>
     <span class='ocr_line' id='line_1_101' title="bbox 1895 4678 3455 4756; baseline 0 -16"><span class='ocrx_word' id='word_1_698' title='bbox 1895 4681 1989 4741; x_wconf 83' lang='lat' dir='ltr'>dae</span> <span class='ocrx_word' id='word_1_699' title='bbox 2028 4682 2104 4742; x_wconf 88' lang='lat' dir='ltr'>de</span> <span class='ocrx_word' id='word_1_700' title='bbox 2154 4680 2445 4741; x_wconf 87' lang='lat' dir='ltr'>omnibus</span> <span class='ocrx_word' id='word_1_701' title='bbox 2501 4680 2854 4741; x_wconf 81' lang='lat' dir='ltr'>infidelibus</span> <span class='ocrx_word' id='word_1_702' title='bbox 2874 4726 2895 4756; x_wconf 95' lang='lat'>,</span> <span class='ocrx_word' id='word_1_703' title='bbox 2937 4680 3038 4741; x_wconf 86' lang='lat' dir='ltr'>vel</span> <span class='ocrx_word' id='word_1_704' title='bbox 3093 4684 3335 4739; x_wconf 86' lang='lat' dir='ltr'>tantum</span> <span class='ocrx_word' id='word_1_705' title='bbox 3377 4678 3455 4740; x_wconf 89' lang='lat' dir='ltr'>de</span> 
     </span>
     <span class='ocr_line' id='line_1_102' title="bbox 1894 4756 3455 4851; baseline -0.003 -15"><span class='ocrx_word' id='word_1_706' title='bbox 1894 4774 2146 4836; x_wconf 85' lang='lat' dir='ltr'>Judaeis.</span> <span class='ocrx_word' id='word_1_707' title='bbox 2190 4776 2267 4835; x_wconf 87' lang='lat' dir='ltr'>Et</span> <span class='ocrx_word' id='word_1_708' title='bbox 2297 4775 2454 4835; x_wconf 72' lang='lat' dir='ltr'>ratio</span> <span class='ocrx_word' id='word_1_709' title='bbox 2485 4774 2809 4835; x_wconf 82' lang='lat' dir='ltr'>dubitandi</span> <span class='ocrx_word' id='word_1_710' title='bbox 2846 4779 2961 4846; x_wconf 75' lang='lat' dir='ltr'>est,</span> <span class='ocrx_word' id='word_1_711' title='bbox 2993 4772 3143 4851; x_wconf 77' lang='lat' dir='ltr'>quia</span> <span class='ocrx_word' id='word_1_712' title='bbox 3182 4756 3329 4851; x_wconf 70' lang='lat' dir='ltr'>jai-a</span> <span class='ocrx_word' id='word_1_713' title='bbox 3372 4772 3455 4832; x_wconf 79' lang='lat' dir='ltr'>ei-</span> 
     </span>
     <span class='ocr_line' id='line_1_103' title="bbox 1896 4864 3455 4945; baseline -0.002 -17"><span class='ocrx_word' id='word_1_714' title='bbox 1896 4873 2026 4928; x_wconf 86' lang='lat' dir='ltr'>tata</span> <span class='ocrx_word' id='word_1_715' title='bbox 2051 4866 2395 4945; x_wconf 89' lang='lat' dir='ltr'>loquuntur</span> <span class='ocrx_word' id='word_1_716' title='bbox 2434 4866 2806 4927; x_wconf 88' lang='lat' dir='ltr'>nominatim</span> <span class='ocrx_word' id='word_1_717' title='bbox 2832 4867 2907 4928; x_wconf 91' lang='lat' dir='ltr'>de</span> <span class='ocrx_word' id='word_1_718' title='bbox 2925 4864 3175 4928; x_wconf 83' lang='lat' dir='ltr'>Judaeis.</span> <span class='ocrx_word' id='word_1_719' title='bbox 3200 4864 3455 4943; x_wconf 87' lang='lat' dir='ltr'>Propter</span> 
     </span>
     <span class='ocr_line' id='line_1_104' title="bbox 1895 4956 3453 5040; baseline -0.001 -21"><span class='ocrx_word' id='word_1_720' title='bbox 1895 4959 2059 5039; x_wconf 86' lang='lat' dir='ltr'>quod</span> <span class='ocrx_word' id='word_1_721' title='bbox 2110 4958 2305 5040; x_wconf 88' lang='lat' dir='ltr'>aliqui</span> <span class='ocrx_word' id='word_1_722' title='bbox 2340 4960 2628 5021; x_wconf 73' lang='lat' dir='ltr'>sentiunt</span> <span class='ocrx_word' id='word_1_723' title='bbox 2677 4976 2806 5019; x_wconf 89' lang='lat' dir='ltr'>non</span> <span class='ocrx_word' id='word_1_724' title='bbox 2847 4975 2979 5019; x_wconf 89' lang='lat' dir='ltr'>esse</span> <span class='ocrx_word' id='word_1_725' title='bbox 3030 4956 3453 5017; x_wconf 86' lang='lat' dir='ltr'>extensionem</span> 
     </span>
     <span class='ocr_line' id='line_1_105' title="bbox 1894 5048 3454 5131; baseline -0.004 -18"><span class='ocrx_word' id='word_1_726' title='bbox 1894 5052 2264 5125; x_wconf 86' lang='lat' dir='ltr'>faciendam,</span> <span class='ocrx_word' id='word_1_727' title='bbox 2310 5070 2452 5113; x_wconf 90' lang='lat' dir='ltr'>cum</span> <span class='ocrx_word' id='word_1_728' title='bbox 2504 5051 2671 5130; x_wconf 86' lang='lat' dir='ltr'>leges</span> <span class='ocrx_word' id='word_1_729' title='bbox 2702 5052 2824 5113; x_wconf 89' lang='lat' dir='ltr'>sint</span> <span class='ocrx_word' id='word_1_730' title='bbox 2867 5048 3161 5131; x_wconf 75' lang='lat' dir='ltr'>poeuales,</span> <span class='ocrx_word' id='word_1_731' title='bbox 3193 5054 3255 5108; x_wconf 90' lang='lat' dir='ltr'>et</span> <span class='ocrx_word' id='word_1_732' title='bbox 3296 5048 3454 5108; x_wconf 86' lang='lat' dir='ltr'>ratio</span> 
     </span>
     <span class='ocr_line' id='line_1_106' title="bbox 1895 5140 3453 5226; baseline -0.001 -21"><span class='ocrx_word' id='word_1_733' title='bbox 1895 5145 2172 5226; x_wconf 84' lang='lat' dir='ltr'>specialis</span> <span class='ocrx_word' id='word_1_734' title='bbox 2222 5146 2395 5207; x_wconf 89' lang='lat' dir='ltr'>reddi</span> <span class='ocrx_word' id='word_1_735' title='bbox 2440 5146 2615 5221; x_wconf 86' lang='lat' dir='ltr'>solet,</span> <span class='ocrx_word' id='word_1_736' title='bbox 2670 5145 2813 5223; x_wconf 86' lang='lat' dir='ltr'>quia</span> <span class='ocrx_word' id='word_1_737' title='bbox 2847 5144 3047 5206; x_wconf 80' lang='lat' dir='ltr'>Judoei</span> <span class='ocrx_word' id='word_1_738' title='bbox 3090 5160 3217 5203; x_wconf 87' lang='lat' dir='ltr'>uon</span> <span class='ocrx_word' id='word_1_739' title='bbox 3252 5140 3453 5203; x_wconf 86' lang='lat' dir='ltr'>solum</span> 
     </span>
     <span class='ocr_line' id='line_1_107' title="bbox 1895 5235 3455 5315; baseline -0.001 -18"><span class='ocrx_word' id='word_1_740' title='bbox 1895 5243 2044 5299; x_wconf 87' lang='lat' dir='ltr'>sunt</span> <span class='ocrx_word' id='word_1_741' title='bbox 2068 5237 2319 5312; x_wconf 88' lang='lat' dir='ltr'>subditi,</span> <span class='ocrx_word' id='word_1_742' title='bbox 2350 5240 2453 5299; x_wconf 87' lang='lat' dir='ltr'>sed</span> <span class='ocrx_word' id='word_1_743' title='bbox 2485 5239 2673 5298; x_wconf 89' lang='lat' dir='ltr'>etiam</span> <span class='ocrx_word' id='word_1_744' title='bbox 2696 5239 2883 5311; x_wconf 87' lang='lat' dir='ltr'>servi,</span> <span class='ocrx_word' id='word_1_745' title='bbox 2908 5238 3089 5315; x_wconf 82' lang='lat' dir='ltr'>juxta</span> <span class='ocrx_word' id='word_1_746' title='bbox 3115 5254 3250 5314; x_wconf 87' lang='lat' dir='ltr'>cap.</span> <span class='ocrx_word' id='word_1_747' title='bbox 3280 5235 3375 5297; x_wconf 86' lang='lat' dir='ltr'>E&#39;t</span> <span class='ocrx_word' id='word_1_748' title='bbox 3394 5235 3455 5298; x_wconf 73' lang='lat' dir='ltr'>si</span> 
     </span>
     <span class='ocr_line' id='line_1_108' title="bbox 1894 5326 3455 5409; baseline -0.002 -17"><span class='ocrx_word' id='word_1_749' title='bbox 1894 5331 2126 5405; x_wconf 79' lang='lat' dir='ltr'>Judoei,</span> <span class='ocrx_word' id='word_1_750' title='bbox 2157 5331 2235 5391; x_wconf 89' lang='lat' dir='ltr'>de</span> <span class='ocrx_word' id='word_1_751' title='bbox 2266 5332 2298 5391; x_wconf 87' lang='lat' dir='ltr'>J</span> <span class='ocrx_word' id='word_1_752' title='bbox 2308 5332 2523 5407; x_wconf 81' lang='lat' dir='ltr'>udaeis,</span> <span class='ocrx_word' id='word_1_753' title='bbox 2553 5329 2715 5409; x_wconf 90' lang='lat' dir='ltr'>quod</span> <span class='ocrx_word' id='word_1_754' title='bbox 2745 5329 3085 5391; x_wconf 86' lang='lat' dir='ltr'>Hostiensis</span> <span class='ocrx_word' id='word_1_755' title='bbox 3107 5326 3191 5388; x_wconf 91' lang='lat' dir='ltr'>ibi</span> <span class='ocrx_word' id='word_1_756' title='bbox 3217 5328 3293 5389; x_wconf 90' lang='lat' dir='ltr'>de</span> <span class='ocrx_word' id='word_1_757' title='bbox 3318 5346 3455 5406; x_wconf 85' lang='lat' dir='ltr'>pro-</span> 
     </span>
     <span class='ocr_line' id='line_1_109' title="bbox 1896 5421 3455 5505; baseline -0.003 -20"><span class='ocrx_word' id='word_1_758' title='bbox 1896 5424 2047 5503; x_wconf 89' lang='lat' dir='ltr'>priis</span> <span class='ocrx_word' id='word_1_759' title='bbox 2090 5425 2418 5505; x_wconf 88' lang='lat' dir='ltr'>mancipiis</span> <span class='ocrx_word' id='word_1_760' title='bbox 2461 5423 2776 5501; x_wconf 86' lang='lat' dir='ltr'>intelligit,</span> <span class='ocrx_word' id='word_1_761' title='bbox 2808 5440 2995 5502; x_wconf 90' lang='lat' dir='ltr'>quem</span> <span class='ocrx_word' id='word_1_762' title='bbox 3038 5421 3235 5500; x_wconf 91' lang='lat' dir='ltr'>aliqui</span> <span class='ocrx_word' id='word_1_763' title='bbox 3274 5422 3455 5483; x_wconf 86' lang='lat' dir='ltr'>Sum·</span> 
     </span>
     <span class='ocr_line' id='line_1_110' title="bbox 1899 5514 3456 5597; baseline -0.001 -20"><span class='ocrx_word' id='word_1_764' title='bbox 1899 5516 2097 5585; x_wconf 80' lang='lat' dir='ltr'>mistae</span> <span class='ocrx_word' id='word_1_765' title='bbox 2128 5524 2491 5597; x_wconf 86' lang='lat' dir='ltr'>sequuntur.</span> <span class='ocrx_word' id='word_1_766' title='bbox 2540 5516 2657 5583; x_wconf 80' lang='lat' dir='ltr'>Sed</span> <span class='ocrx_word' id='word_1_767' title='bbox 2690 5523 2854 5583; x_wconf 81' lang='lat' dir='ltr'>certe</span> <span class='ocrx_word' id='word_1_768' title='bbox 2893 5516 2962 5581; x_wconf 83' lang='lat' dir='ltr'>iu</span> <span class='ocrx_word' id='word_1_769' title='bbox 2990 5514 3095 5581; x_wconf 84' lang='lat' dir='ltr'>illo</span> <span class='ocrx_word' id='word_1_770' title='bbox 3136 5518 3309 5579; x_wconf 78' lang='lat' dir='ltr'>textu</span> <span class='ocrx_word' id='word_1_771' title='bbox 3338 5514 3456 5583; x_wconf 83' lang='lat' dir='ltr'>hoc</span> 
     </span>
    </p>
   </div>
  </div>
 </body>
</html>
