3900 6217
478 504 651 579 toris,
678 504 793 565 etc.
824 498 899 564 Et
927 502 1015 566 sic
1040 508 1239 583 potest
1264 505 1406 567 odio
1433 504 1647 566 haberi
1675 504 1773 567 vel
1800 504 2037 566 abomi-

478 597 769 672 nationiS,
814 598 866 657 si
915 598 1050 676 quis
1090 598 1240 659 velit
1266 599 1461 659 Deum
1490 616 1697 659 carere
1738 604 2037 677 potestate

478 690 800 769 puniendi,
828 690 928 750 vel
952 691 1321 766 inimicitiae,
1373 693 1425 753 si
1466 692 1604 770 quis
1650 690 1800 753 velit
1841 692 2036 752 Deum

478 802 607 845 non
647 802 794 844 esse.
834 784 1007 845 Addo
1042 785 1325 860 ulterius,
1356 785 1422 845 in
1452 783 1593 845 odio
1622 784 2038 846 necessarium

478 894 608 937 esse
635 884 706 936 ut
730 876 947 936 saltem
972 876 1173 957 ipsum
1196 878 1392 937 odisse
1420 877 1940 958 apprehendatur,
1973 883 2042 937 ut

478 967 689 1048 aliquo
718 970 901 1029 modo
933 970 1165 1031 bonnm
1212 971 1467 1046 odienti,
1498 973 1644 1050 quia
1688 972 1753 1031 in
1782 971 2044 1047 ipsomet

480 1060 622 1120 odio
664 1062 1003 1122 includitur
1039 1062 1331 1141 positivus
1360 1064 1693 1142 appetituS,
1724 1063 1832 1141 qui
1864 1080 2045 1141 opor-

478 1160 567 1215 tet
595 1162 666 1215 ut
690 1157 780 1223 ,sit
814 1156 928 1217 sub
956 1140 1167 1236 aliq'ua
1196 1158 1433 1219 ratione
1462 1157 1611 1217 boni
1623 1173 1644 1234 3
1688 1164 1747 1219 et
1774 1156 1921 1217 hinc
1971 1155 2044 1217 fit

478 1255 549 1309 ut
579 1250 685 1329 qui
716 1250 881 1310 videt
907 1252 1128 1326 Deum,
1179 1251 1291 1311 ctsi
1338 1252 1572 1312 tideret
1628 1250 1834 1330 aliquo
1888 1256 2044 1310 tem-

480 1360 629 1420 pore
656 1342 773 1402 sibi
802 1343 993 1403 Deum
1023 1342 1259 1422 aliquid
1286 1344 1434 1404 mali
1465 1344 1794 1417 facturum,
1830 1347 2043 1403 tamen

480 1453 605 1494 non
658 1453 829 1514 posse
881 1455 1025 1497 eum
1074 1438 1215 1497 odio
1264 1436 1491 1498 habere
1526 1454 1543 1497 ε
1576 1436 1723 1515 quia
1764 1435 2044 1514 quandiu

479 1527 672 1587 Deum
706 1528 891 1599 videt,
924 1548 1038 1590 nec.
1056 1530 1335 1608 judicare
1370 1536 1569 1609 potest
1596 1546 1742 1590 eum
1779 1527 2044 1607 dignum

477 1619 686 1700 aliquo
711 1621 877 1697 odio,
905 1640 1101 1702 neque
1128 1622 1243 1683 sibi
1274 1642 1402 1684 esse
1437 1623 1697 1697 bonum,
1724 1625 1915 1683 Deum
1945 1641 2045 1682 su-

479 1713 652 1775 besse
702 1714 888 1775 alicui
922 1716 1122 1791 malo;
1167 1735 1367 1795 neque
1416 1716 1683 1795 denique
1735 1723 1879 1777 tune
1916 1733 2044 1777 esse

482 1806 599 1866 sibi
629 1807 865 1868 bonum
894 1809 1081 1869 talem
1107 1814 1315 1869 actum
1344 1810 1472 1871 odii
1506 1809 1749 1870 elicere.

562 1902 621 1962 3.
680 1902 903 1964 Prima
957 1902 1257 1965 conclusio
1311 1904 1379 1965 de
1426 1904 1565 1978 fide.
1620 1934 1692 1948 —
1755 1900 2044 1965 Secunda

482 1993 829 2058 communis.
853 1995 1102 2055 —Dico
1149 1996 1388 2075 primo:
1418 1994 1537 2056 hoc
1583 1994 1796 2057 odium
1838 2013 2048 2073 pecca-

478 2094 616 2148 tum
668 2093 762 2147 est
792 2106 869 2147 ex
914 2106 1139 2167 genere
1186 2108 1296 2149 suo
1327 2087 1607 2149 mortale.
1644 2090 1747 2148 Est
1788 2088 1863 2148 de
1898 2088 2042 2162 fide,

480 2180 734 2240 Numer.
766 2181 843 2243 10
870 2196 886 2240 ε
922 2182 1319 2262 Dissipentur
1343 2181 1579 2244 inimici
1608 2182 1699 2243 tui
1722 2187 1779 2243 et
1798 2182 2049 2262 fuyiant

482 2271 586 2353 qui
626 2274 870 2335 oderunt
896 2279 987 2346 ιω
1034 2281 1092 2334 et
1125 2274 1454 2336 Deuteron.
1496 2276 1571 2335 32
1595 2290 1611 2332 2
1639 2274 1768 2337 His
1792 2274 1894 2355 qui
1918 2276 2051 2337 ode-

480 2372 632 2429 runt
670 2383 761 2427 me
800 2368 1129 2430 retribuam
1158 2394 1184 2441 ,·
1214 2368 1363 2429 item
1400 2367 1679 2441 Joannis,
1720 2368 1799 2427 15
1836 2385 1852 2429 :
1899 2363 2040 2429 Ode-

481 2466 632 2523 runt
654 2479 768 2536 me,
808 2466 862 2522 et
887 2462 1133 2523 Patrem
1174 2478 1385 2523 meum.
1416 2461 1555 2521 Dico
1584 2459 1893 2521 secundo:
1934 2459 2048 2521 1100

482 2554 694 2614 odium
728 2572 803 2615 ex
850 2571 1075 2631 genere
1112 2572 1223 2614 suo
1253 2552 1598 2613 maximum
1644 2559 1734 2613 est
1762 2552 2048 2613 omnium

483 2654 899 2726 pcccatorum.
934 2647 1040 2708 Est
1089 2647 1458 2720 communis,
1489 2646 1712 2726 prime,
1761 2646 1909 2725 quia
1960 2651 2049 2707 est

482 2746 698 2801 contra
764 2740 1102 2800 maximam
1161 2740 1477 2815 virtutem,
1536 2750 1597 2800 et
1644 2744 2040 2819 praeceptum.

483 2834 789 2909 Secundo,
820 2832 941 2893 alia
972 2838 1215 2911 peccata
1245 2833 1532 2893 mortalia
1558 2840 1725 2909 sunt,
1761 2834 1905 2912 quia
1927 2829 2048 2893 hoc

483 2928 875 3006 participant,
901 2932 969 2986 ut
990 2932 1228 2987 constat
1252 2946 1329 2987 ex
1354 2930 1412 2987 1.
1446 2929 1503 2986 2.
1538 2926 1695 2987 Nam
1724 2926 1882 2987 ratio
1908 2944 2047 3005 pec-

483 3024 602 3081 cati
656 3020 929 3081 mortalis
984 3019 1260 3079 consistit
1312 3019 1377 3079 in
1426 3021 1746 3081 aversione
1803 3037 1841 3078 a
1899 3020 2042 3093 Deo,

484 3114 651 3193 quod
689 3116 754 3174 in
784 3114 920 3174 aliis
961 3119 1055 3174 est
1096 3113 1392 3173 indirecte
1411 3128 1432 3189 3
1484 3112 1550 3172 in
1578 3112 1691 3173 hoc
1718 3117 1927 3171 autem
1957 3110 2048 3171 di-

485 3215 671 3269 recte.
706 3208 851 3267 Dico
878 3224 949 3269 ex
975 3222 1207 3288 ρατιονε,
1246 3206 1394 3284 quia
1436 3206 1497 3264 in
1539 3205 1877 3279 individuo,
1908 3222 2050 3283 pro-

485 3309 621 3379 pter
650 3300 1158 3369 circumstantias,
1190 3298 1311 3359 alia
1340 3304 1584 3377 peccata
1633 3304 1888 3377 possunt
1916 3315 2047 3357 esse

486 3394 795 3473 graviora,
825 3398 886 3454 et
913 3392 981 3453 in
1010 3393 1140 3471 ipso
1171 3392 1313 3451 odio
1340 3392 1449 3452 Dei
1478 3397 1678 3472 potest
1704 3407 1897 3451 unum
1917 3408 2046 3451 esse

486 3489 687 3567 majus
714 3486 874 3564 alio;
906 3487 1119 3546 odium
1160 3487 1326 3547 enim
1369 3482 1709 3546 inimicitias
1758 3483 2051 3562 simplici·

485 3586 583 3643 ter
644 3581 846 3659 majus
906 3587 997 3642 est
1058 3580 1197 3640 odio
1253 3577 1729 3639 abominationis
1780 3582 2045 3651 tantum,

487 3675 768 3753 quamvis
810 3674 927 3735 hoc
960 3674 1175 3734 odium
1210 3689 1452 3751 semper
1496 3670 1773 3730 includat
1819 3668 2050 3729 virtute

486 3767 655 3828 aliud
682 3773 955 3847 respectu
988 3767 1120 3843 Dei,
1150 3767 1296 3845 quia
1316 3765 1559 3825 nullum
1588 3762 1687 3822 vel
1716 3762 2048 3822 minimum

486 3861 722 3922 malum
749 3867 947 3940 potest
986 3878 1112 3921 esse
1145 3860 1211 3920 in
1252 3860 1397 3935 Deo,
1438 3858 1589 3937 quin
1627 3856 1884 3916 omnino
1913 3854 2048 3915 des-

485 3960 798 4014 trueretur
838 3954 1019 4015 Deus.

569 4047 627 4107 4.
682 4043 964 4126 objectio.
1014 4078 1097 4093 -—
1149 4045 1415 4110 Salutio·
1472 4078 1553 4091 -
1598 4043 1717 4105 Sed
1780 4048 2045 4127 contra:

488 4142 697 4202 odium
743 4141 850 4201 Dei
877 4140 1075 4202 oritur
1120 4157 1197 4200 cx
1242 4157 1451 4199 amore
1478 4138 1613 4213 sui3
1660 4154 1807 4214 ergo
1851 4135 2052 4213 majus

489 4242 812 4314 peccatum
863 4236 981 4296 erit
1031 4234 1134 4294 ille
1175 4250 1369 4305 amor,
1407 4249 1546 4292 cum
1592 4232 1671 4291 sit
1714 4228 1913 4291 radix.
1958 4228 2051 4289 Ad

489 4327 647 4403 haec,
677 4328 793 4390 hoc
813 4334 1129 4408 peccatum
1160 4342 1348 4386 unam
1374 4332 1619 4386 tantum
1660 4326 1849 4386 habet
1876 4322 2053 4383 mali-

490 4424 667 4497 tiam,
700 4422 949 4495 scilicet,
979 4420 1221 4481 directae
1252 4418 1620 4494 aversionis5
1663 4416 1831 4479 aliud
1874 4416 2048 4489 duas,

490 4514 825 4575 aversionis
882 4526 943 4575 et
999 4513 1435 4575 conversionis
1502 4510 1925 4591 Respondetur
1986 4507 2054 4569 in

490 4607 829 4668 moralibus
868 4626 1027 4687 saepe
1070 4606 1358 4668 effectum
1404 4623 1531 4666 esse
1559 4604 1807 4683 gravius
1850 4620 2049 4681 pecca-

492 4708 651 4777 tum,
681 4720 865 4782 quam
894 4720 1142 4763 causam
1180 4721 1251 4763 ex
1284 4719 1409 4780 qua
1436 4700 1655 4773 oritur,
1687 4716 1796 4777 per
1817 4716 1880 4757 se
1908 4715 2054 4757 con-

492 4795 859 4871 sideratam3
906 4801 977 4855 ut
1004 4813 1146 4855 cum
1195 4796 1331 4874 quis
1370 4790 1661 4854 interficit
1692 4796 1760 4850 ut
1787 4790 2050 4866 furetur,

492 4888 744 4967 gravius
767 4894 1085 4968 peccatum
1130 4894 1220 4948 est
1247 4886 1652 4947 homicidium
1688 4902 1875 4964 quam
1921 4883 2055 4942 fur-

492 4988 629 5042 tum
652 5003 669 5055 ;
703 4980 842 5041 dico
880 4986 1087 5041 autem
1118 4998 1231 5059 per
1258 4998 1345 5055 se,
1385 4978 1531 5058 quia
1558 4978 1611 5039 si
1639 4976 2057 5039 consideretur

492 5081 562 5135 ut
601 5093 803 5149 causa,
823 5074 1025 5135 induit
1045 5074 1346 5135 malitiam
1376 5072 1663 5134 effectus:
1701 5072 1788 5132 sic
1821 5070 2056 5149 ergoin

494 5169 827 5248 proposito,
846 5168 950 5229 ille
984 5184 1159 5228 amor
1187 5185 1264 5227 ex
1293 5184 1417 5247 quo
1442 5166 1607 5227 nasci
1630 5170 1829 5245 potest
1844 5164 2058 5224 odium

492 5260 623 5336 Dei,
660 5280 770 5341 per
806 5278 867 5323 se
910 5279 1038 5321 non
1071 5267 1160 5320 est
1186 5266 1316 5320 tam
1361 5258 1617 5334 malum,
1650 5258 1808 5318 sicut
1853 5259 2056 5337 ipsum

496 5354 745 5430 odium,
798 5354 911 5415 etsi
955 5371 1031 5415 ex
1084 5352 1367 5413 libertate
1424 5350 1761 5412 voluntatis
1804 5350 2059 5410 inducat

494 5447 575 5507 ad
594 5448 931 5525 pessimum
949 5444 1261 5522 effectum,
1283 5444 1457 5523 cujus
1476 5443 1778 5504 malitiam
1798 5442 2058 5523 proinde

495 5540 839 5620 participat.
874 5539 964 5599 Αιὶ
997 5538 1553 5611 confirmationem,
1601 5537 1872 5617 primum
1920 5534 2058 5597 haec

1230 398 1466 458 msrur.
1503 398 1583 457 Vl.
1620 405 1700 457 DE
1734 398 2028 457 Psecms
2061 400 2427 461 CONTRARHS
2459 407 2559 461 ms
2591 400 2962 461 rumis.

2118 507 2357 569 malitia
2386 508 2632 571 directae
2653 507 2992 571 aversionis
3021 524 3130 585 per
3157 522 3224 566 se
3245 508 3496 584 superat
3531 500 3698 565 duas

2117 601 2270 662 alias
2291 602 2476 664 simul
2504 608 2805 682 sumptas.
2849 600 3078 662 Deinde
3111 600 3271 659 sicut
3295 598 3362 659 in
3387 597 3522 659 aliis
3545 615 3696 676 pee-

2117 696 2270 757 catis
2299 702 2388 757 est
2416 696 2648 759 directe
2687 694 2926 757 malitia
2951 692 3390 765 conversionis,
3417 697 3484 753 et
3514 690 3694 751 indi·

2119 794 2285 851 recte
2313 789 2673 866 aversionis,
2725 790 2836 863 ita,
2874 806 2909 848 e
2943 787 3278 859 contrario,
3327 786 3393 845 in
3436 784 3556 845 1100
3597 789 3695 845 est

2121 882 2352 944 directe
2382 881 2620 943 malitia
2649 881 3006 957 aversioniS,
3040 878 3340 939 indirecte
3365 894 3514 937 vero
3539 892 3692 935 con-

2121 976 2443 1051 versionis,
2471 994 2697 1055 nempe
2717 974 2883 1035 illius
2921 974 3072 1035 boni
3101 968 3580 1041 commutabilis,
3613 985 3692 1028 ex

2123 1086 2249 1150 quo
2269 1068 2393 1129 tale
2417 1068 2630 1129 odium
2655 1067 2948 1143 nascitur,
2971 1074 3034 1127 et
3057 1065 3200 1127 ideo
3221 1063 3342 1125 tale
3369 1068 3694 1141 peccatum

2125 1168 2218 1223 est
2247 1164 2531 1223 omnium
2568 1161 2912 1223 maximum
2945 1178 3024 1221 ex
3051 1175 3278 1237 genere
3301 1173 3432 1216 suo.

2749 1362 2964 1416 SECTIO
2997 1364 3059 1415 ΙΙ.

2289 1536 2476 1611 Quale
2511 1542 2824 1617 peccatum
2867 1537 2958 1599 sit
2995 1535 3198 1597 odium
3231 1530 3526 1613 proximi.

2207 1720 2265 1779 1.
2312 1715 2530 1779 Prima
2555 1717 2872 1779 conclusio.
2903 1747 2986 1762 -·-
3017 1713 3317 1779 Secunda.
3343 1745 3426 1760 -
3451 1712 3688 1775 Tertia.

2123 1842 2206 1857 —-
2237 1809 2492 1885 Quarta.
2523 1842 2606 1857 -—
2633 1810 2779 1870 Dico
2802 1809 3042 1889 primo:
3071 1813 3162 1867 est
3177 1810 3501 1885 peccatum
3531 1824 3700 1866 mor·

2125 1901 2247 1965 tale
2275 1920 2386 1963 suo
2415 1920 2644 1982 genere
2660 1918 2681 1981 3
2731 1908 2902 1983 patet
2948 1920 3022 1962 ex
3065 1899 3248 1960 dictis
3279 1898 3700 1977 disputatione

2127 1997 2518 2077 praecedenti.
2552 1997 2695 2057 Dico
2724 1995 2995 2056 secundo
3021 2012 3038 2055 z
3068 1992 3187 2053 hoc
3206 2000 3530 2071 peccatum
3561 2010 3698 2070 spe·

2127 2090 2280 2151 ciale
2303 2095 2395 2151 est
2423 2090 2786 2151 distinctum
2817 2106 2856 2149 a
2880 2086 3120 2150 caeteris
3133 2102 3154 2163 3
3177 2093 3312 2146 tum
3339 2085 3486 2163 quia
3507 2102 3702 2163 oppo-

2128 2184 2298 2244 nitur
2321 2182 2624 2263 singulari
2653 2182 2872 2243 virtuti
2905 2188 2967 2243 et
2999 2186 3308 2261 praecepto
3325 2203 3343 2255 3
3377 2187 3512 2241 tum
3549 2178 3702 2257 quia

2129 2278 2342 2339 odium
2371 2278 2480 2337 Dei
2501 2284 2593 2337 est
2622 2277 2884 2357 speciale
2913 2280 3266 2357 peccatum:
3301 2292 3450 2351 ergo
3469 2278 3533 2335 ct
3555 2273 3696 2333 hoc.

2129 2372 2274 2431 Dico
2325 2371 2510 2431 tertio
2567 2390 2581 2433 :
2645 2369 2763 2431 1100
2807 2375 3126 2449 peccatum
3181 2384 3408 2445 genere
3449 2383 3564 2427 suo
3610 2372 3702 2425 est

2129 2464 2473 2525 maximum
2499 2481 2714 2525 eorum
2743 2481 2880 2543 quae
2901 2470 3049 2523 sunt
3074 2468 3287 2523 contra
3315 2462 3692 2541 proximum.

2128 2560 2220 2619 Ita
2241 2560 2311 2619 D.
2334 2558 2604 2619 Thomas
2623 2561 2682 2619 2.
2709 2559 2772 2631 2,
2795 2564 3016 2637 quaest.
3041 2558 3142 2629 34,
3169 2554 3429 2617 articulo
3447 2560 3696 2634 quarte,

2129 2659 2191 2714 et
2219 2652 2596 2733 expositores
2627 2650 2742 2711 ibi.
2779 2650 2956 2711 Ratio
2993 2658 3100 2725 est,
3140 2649 3285 2729 quia
3309 2650 3535 2709 avertit
3565 2665 3700 2707 orn·

2127 2746 2278 2806 nino
2306 2744 2366 2806 e't
2394 2745 2620 2804 directe
2653 2743 3034 2803 voluntatem
3081 2762 3120 2803 a
3159 2741 3473 2821 proxim03
3529 2738 3700 2799 unde

2123 2839 2214 2899 ita
2245 2857 2308 2901 se
2333 2837 2522 2899 habet
2559 2838 2636 2897 ad
2682 2842 2906 2897 caetera
2935 2844 3182 2916 peccata
3217 2838 3284 2896 in
3311 2834 3696 2915 proximum,

2126 2935 2283 2993 sicut
2310 2932 2526 2992 odium
2549 2929 2772 2991 Dei·ad
2819 2934 3044 2991 caetera
3072 2934 3317 3009 peccata
3345 2930 3412 2989 in
3465 2928 3692 2997 Deum:

2129 3044 2320 3105 quare
2345 3028 2666 3104 utriusque
2696 3031 2787 3083 est
2807 3024 3023 3084 eadem
3045 3024 3227 3084 ratio,
3261 3022 3404 3082 Dico
3433 3028 3694 3100 quarto:

2127 3118 2535 3179 nihilominus
2563 3118 2780 3179 odium
2825 3117 3090 3197 proximi
3137 3136 3264 3177 non
3309 3116 3567 3195 ponitur
3612 3115 3702 3173 vi-

2126 3213 2286 3273 tium
2312 3210 2610 3290 capitale:
2639 3212 2726 3271 sic
2749 3209 2996 3271 resolvit
3035 3210 3197 3271 idem
3231 3211 3297 3271 D.
3329 3210 3604 3270 Thomas
3635 3209 3702 3269 in

2127 3313 2244 3367 art.
2279 3306 2338 3365 5.
2377 3304 2558 3367 Ratio
2586 3310 2700 3379 est,
2739 3303 2888 3383 quia
2912 3303 3172 3383 capitale
3191 3302 3416 3363 vitium
3441 3302 3698 3375 dicitur,

2128 3397 2295 3479 quod
2323 3397 2682 3476 frequenter
2722 3403 2813 3457 est
2861 3396 3040 3455 radix
3087 3396 3387 3471 allorum3
3433 3413 3562 3455 non
3611 3401 3702 3455 est

2129 3498 2339 3552 autem
2390 3488 2751 3569 hujusmodi
2799 3488 2918 3549 1100
2958 3488 3192 3560 odium,
3225 3488 3332 3549 sed
3377 3489 3580 3567 potius
3611 3494 3704 3549 est

2130 3584 2306 3664 quasi
2333 3589 2680 3645 extremum
2721 3582 2955 3642 malum
3006 3600 3083 3642 ex
3115 3581 3252 3643 aliis
3298 3587 3506 3641 ortum
3517 3598 3540 3658 ;
3593 3580 3700 3641 sed

2130 3678 2258 3757 jam
2288 3683 2606 3756 geneiatO,
2641 3675 2837 3737 multa
2861 3694 2937 3735 ex
2971 3694 3045 3736 co
3081 3676 3462 3755 procedunt:
3499 3675 3700 3735 oritur

2128 3776 2337 3831 autem
2365 3768 2482 3831 11οο
2511 3770 2734 3829 vitium
2763 3768 3078 3829 interdum
3109 3787 3185 3829 cx
3215 3770 3330 3841 ira,
3383 3767 3702 3829 interdum

2129 3882 2205 3925 ex
2231 3862 2758 3942 coucupiscentia3
2795 3862 2896 3921 sed
2948 3862 3278 3941 praecipue,
3323 3868 3391 3923 ut
3433 3860 3702 3921 advertit

2129 3954 2310 4017 divus
2349 3955 2617 4016 Thomas
2654 3956 2714 4015 9..
2744 3958 2807 4030 2,
2839 3956 3174 4035 quaestione
3213 3956 3312 4029 34,
3343 3953 3608 4015 articulo
3635 3954 3700 4025 6,

2131 4050 2328 4110 oritur
2356 4067 2428 4110 ex
2455 4047 2716 4123 invidia,
2738 4066 2876 4127 quae
2899 4048 3168 4109 maxime
3197 4054 3286 4107 est
3304 4046 3510 4107 affinis
3527 4047 3699 4121 odio,

2131 4160 2279 4202 nam
2299 4149 2392 4203 est
2417 4142 2665 4203 tristitia
2691 4141 2768 4201 dc
2797 4140 2960 4201 bono
2982 4140 3246 4219 proximi
3255 4155 3278 4217 ;
3305 4138 3463 4199 velle
3489 4146 3700 4200 autem

2132 4236 2366 4297 malum
2411 4241 2473 4295 et
2512 4235 2744 4295 tristari
2795 4234 2870 4295 de
2917 4232 3082 4295 bono
3131 4240 3280 4295 suut
3328 4232 3510 4293 valde
3555 4252 3702 4293 con-

2125 4328 2363 4406 juncta.
2397 4329 2592 4403 Dices,
2638 4326 2840 4406 potius
2873 4343 2946 4387 ex
2979 4325 3122 4386 odio
3163 4326 3314 4387 oriri
3363 4325 3696 4399 invidiam;

2133 4438 2281 4481 nam
2307 4420 2556 4481 tristitia
2596 4420 2670 4481 de
2699 4418 2863 4479 bono
2904 4418 3106 4480 alieno
3141 4419 3432 4499 supponit
3453 4419 3698 4479 odium.

2134 4513 2562 4593 Respondetur
2617 4512 2942 4586 invidiam,
2983 4530 3090 4573 seu
3157 4512 3474 4572 tristitiam
3528 4510 3701 4573 illam

2135 4606 2283 4667 oriri
2327 4624 2404 4667 ex
2440 4605 2581 4667 odio
2612 4605 2777 4665 illius
2815 4603 2985 4679 mali,
3032 4622 3154 4683 quo
3189 4605 3324 4683 quis
3373 4610 3588 4665 censet
3637 4622 3702 4663 se

2133 4700 2294 4761 affici
2342 4719 2420 4761 ex
2449 4698 2814 4761 excellentia
2857 4698 3150 4779 proximi,
3203 4716 3330 4759 non
3379 4702 3594 4759 tamen
3625 4716 3697 4759 ex

2135 4793 2274 4854 odio
2317 4794 2509 4873 ipsius
2537 4793 2825 4873 proximi.

2214 4888 2276 4947 2.
2321 4886 2584 4948 Dubium
2605 4886 2921 4967 primum:
2950 4892 3156 4949 utrum
3193 4886 3398 4949 odium
3427 4884 3698 4963 proxim·

2136 4980 2223 5042 sit
2244 4982 2614 5061 proeoeptum
2650 4979 2833 5041 unius
2858 4977 3099 5060 speciei.
3131 4978 3346 5039 ——Sed
3375 4984 3704 5056 supersunt

2136 5070 2439 5133 nonnulla
2476 5070 2665 5131 dubia
2704 5070 3087 5151 explicanda.
3140 5072 3412 5132 Primum
3455 5077 3571 5145 est,
3621 5089 3702 5131 an

2136 5164 2253 5225 hoc
2280 5162 2494 5224 odium
2523 5164 2603 5225 sit
2629 5169 2950 5243 peccatum
2973 5164 3161 5225 unius
3187 5163 3414 5243 speciei
3445 5163 3548 5223 vel
3569 5163 3704 5243 plu-

2138 5257 2323 5317 rium.
2381 5256 2807 5335 Respondetur
2833 5302 2854 5332 ,
2908 5258 3191 5335 quamvis
3245 5256 3701 5318 consideratum

2138 5349 2254 5411 hoc
2301 5368 2412 5429 per
2469 5352 2724 5411 modum
2778 5350 2915 5411 vit-ii
2954 5350 3288 5411 habitualis
3335 5350 3522 5430 possit
3581 5351 3701 5410 dici

2137 5460 2356 5517 unum,
2392 5442 2574 5503 credo
2613 5448 2824 5505 tamen
2869 5443 3182 5505 continere
3221 5442 3338 5503 sub
3367 5460 3434 5503 se
3475 5442 3702 5505 multas

2137 5540 2525 5617 peccatorum
2547 5537 2796 5618 specieS‚
2825 5536 3010 5617 idque
3042 5536 3284 5598 duobus
3310 5536 3510 5598 modis
3531 5537 3701 5617 prin·
