3900 6217
548 470 717 521 SECT.
754 470 836 521 Ν.
872 469 956 520 ΑΝ
989 468 1085 519 81Τ
1116 468 1361 531 ALIQms
1393 469 1554 521 ORDO
1590 468 1775 521 INTER
1806 470 1921 520 RES
1956 470 2098 532 QUAE
2131 472 2462 524 ciuntur!
2498 474 2910 532 OBJICIUNTUR.

128 574 218 629 est
262 568 568 631 amabilis.
616 570 746 629 Hoc
786 568 964 629 facile
1012 574 1249 629 constat
1296 588 1371 630 ex
1421 568 1598 629 dictis
1626 572 1681 643 ¹;

125 668 257 720 tum
312 662 458 741 quia
512 662 830 723 inclinatio
889 662 1203 723 charitatis
1264 668 1357 722 est
1408 666 1573 721 recta
1625 666 1688 720 et

126 755 420 831 honesta3
462 764 594 816 tum
625 757 770 835 quia
802 756 909 835 qui
946 756 1284 816 secundum
1316 761 1545 816 rectam
1589 764 1695 814 ra:

128 849 361 907 tionem
410 859 502 908 est
532 846 915 927 diligibilior,
960 856 1051 910 est
1091 848 1448 928 simpliciter
1499 847 1685 906 etiam

126 940 524 1018 diligibilior3
573 941 842 1001 charitas
881 948 1112 1016 autem,
1162 960 1305 1002 cum
1348 960 1411 1001 se
1454 959 1691 1001 accom-

124 1034 337 1093 modet
364 1034 640 1112 objectiS,
674 1050 745 1095 eo
774 1032 958 1094 modo
988 1052 1060 1093 ea
1090 1034 1295 1112 diligit
1331 1052 1455 1115 quo
1488 1034 1691 1112 diligi-

122 1126 273 1187 bilia
305 1134 483 1206 sunt3
532 1146 668 1207 quae
708 1134 915 1188 autem
948 1130 1069 1189 sin-t
1111 1130 1309 1206 magis
1348 1134 1458 1188 aut
1488 1128 1692 1187 minus

122 1220 474 1299 diligibilia,
548 1222 956 1301 explicabitur
1018 1222 1432 1301 disputatione
1495 1239 1692 1297 nona,

120 1332 263 1373 cum
294 1332 551 1392 agemus
590 1316 665 1375 de
697 1316 1017 1394 praeceptis
1058 1314 1393 1375 charitatis».
1436 1314 1551 1374 Sed
1594 1332 1692 1373 su-

119 1415 329 1486 perest
362 1408 742 1487 explicemus
780 1408 847 1468 in
887 1426 1011 1487 quo
1044 1408 1333 1469 consistat
1362 1406 1463 1466 hic
1493 1406 1640 1467 ordo
1670 1428 1684 1466 ε

120 1502 231 1561 etsi
260 1502 435 1562 enim
459 1502 696 1562 dictum
727 1502 808 1562 sit
831 1520 907 1562 ex
936 1509 1109 1581 parte
1138 1498 1517 1580 objectorum
1548 1518 1689 1559 con-

121 1595 337 1655 sistere
358 1596 427 1654 in
455 1612 526 1656 eo
550 1594 714 1673 quod
741 1614 939 1655 unum
970 1594 1048 1655 sit
1080 1592 1443 1673 diligibilius
1469 1592 1687 1667 altem,

121 1706 193 1747 ex
228 1692 407 1767 parte
448 1705 592 1748 vero
626 1686 877 1747 habitus
908 1689 975 1747 in
1021 1686 1138 1747 hoc
1175 1685 1340 1766 quod
1379 1686 1576 1764 magis
1615 1684 1691 1745 ad

122 1798 326 1841 unum
350 1799 537 1861 quam
561 1782 638 1841 ad
658 1778 824 1841 aliud
850 1780 1109 1841 inclinet
1130 1825 1149 1855 ,
1173 1788 1377 1839 tamen
1408 1778 1689 1839 nondum

122 1879 213 1933 est
272 1874 617 1953 expositum
674 1872 825 1952 quid
880 1872 1187 1953 significet
1238 1870 1404 1931 istud
1460 1872 1655 1949 magis
1670 1892 1689 1947 3

122 1986 271 2027 nam
316 1966 530 2028 Petrus
572 1968 715 2027 Soto
746 1972 1193 2046 consequenter
1229 1964 1459 2025 diceret
1501 1964 1693 2023 consi-

122 2066 283 2119 stere
316 2058 382 2119 in
404 2060 623 2138 majori
648 2059 1018 2134 intensione,
1049 2075 1190 2118 cum
1214 2062 1427 2117 tamen
1453 2074 1520 2117 re
1548 2074 1693 2116 vera

121 2153 209 2212 ita
238 2171 371 2213 esse
401 2171 525 2212 non
557 2152 766 2231 possit.

200 2248 303 2306 10.
356 2246 583 2319 Quinta
633 2242 952 2308 conclusio,
1008 2276 1089 2289 —
1129 2242 1437 2305 Probatur
1504 2242 1699 2323 quoad

120 2340 415 2414 habit-um,
435 2357 548 2421 pro
572 2356 685 2419 qua
704 2338 1051 2417 probatione
1070 2338 1204 2398 cide
1226 2338 1290 2396 in
1314 2336 1690 2415 Metaphys„

121 2434 281 2511 disp.
317 2434 421 2505 Η,
450 2436 592 2495 sect.
627 2436 727 2505 Η,
760 2450 798 2495 a
820 2449 985 2492 num.
1016 2430 1113 2491 36.
1142 2464 1224 2476 -
1252 2430 1475 2491 Deinde
1500 2430 1698 2509 quoad

122 2532 345 2587 actum.
367 2561 439 2569 —
462 2526 608 2586 Dico
638 2526 827 2605 igitur
852 2524 1069 2603 quinto
1095 2539 1110 2583 ε
1136 2541 1245 2603 per
1267 2542 1330 2583 se
1354 2522 1689 2601 loquendO,

121 2621 227 2680 hic
268 2620 421 2679 ordo
462 2617 778 2679 charitatis
820 2636 945 2677 non
988 2616 1326 2677 attenditur
1369 2634 1443 2676 ex
1491 2616 1694 2675 inten-

124 2712 325 2788 sione,
384 2732 583 2791 neque
636 2728 878 2772 neccsse
930 2718 1019 2771 est
1072 2708 1432 2769 charitatem
1494 2708 1694 2785 magis

126 2806 438 2866 intensive
474 2805 757 2865 inclinari
799 2804 863 2863 in
897 2820 1095 2863 unum
1134 2802 1463 2880 objectum,
1508 2804 1693 2860 etiam

127 2897 199 2957 in
246 2898 461 2971 Deum,
492 2915 677 2977 quam
722 2896 787 2955 in
832 2894 975 2972 alia,
1008 2896 1126 2954 nisi
1165 2896 1415 2955 fortasse
1445 2893 1693 2973 quando

128 2992 262 3069 ipsa
290 2991 558 3051 intensio
587 2988 665 3051 ad
712 2988 1223 3068 appretiationem
1267 2985 1541 3047 revocari
1586 3004 1694 3065 po·

129 3088 269 3142 test.
298 3082 623 3158 Probatur,
654 3100 799 3141 nam
836 3081 887 3140 si
927 3079 1257 3159 loquamur
1289 3079 1363 3139 de
1394 3078 1693 3139 habituali

124 3174 453 3249 charitate,
483 3192 609 3235 non
643 3181 733 3234 est
774 3191 1017 3233 necesse
1051 3172 1221 3231 illam
1261 3174 1327 3231 in
1365 3172 1579 3231 ordine
1617 3170 1694 3231 ad

125 3270 371 3330 diversa
427 3268 663 3348 objecta
730 3286 856 3329 esse
909 3266 1297 3345 inaequaliter
1346 3268 1690 3340 intensam,

126 3365 278 3443 quia
310 3369 439 3423 tota
467 3382 577 3423 sua
605 3362 973 3430 intensione,
997 3365 1059 3420 et
1087 3378 1199 3441 per
1229 3377 1442 3419 omnes
1469 3359 1694 3436 gradus

126 3464 331 3536 potest
388 3456 673 3516 inclinari
725 3454 803 3514 ad
862 3456 1080 3527 Deum,
1133 3451 1305 3526 ‚verbi
1358 3454 1577 3530 gratia,
1635 3458 1696 3512 et

129 3550 489 3629 proximum
504 3570 521 3624 3
552 3548 829 3627 quinimo
860 3544 1256 3625 impossibilis
1284 3552 1373 3604 est
1400 3544 1529 3603 haec
1549 3545 1695 3605 inae-

126 3642 397 3721 qualitas
412 3662 432 3716 3
454 3658 625 3715 nam,
651 3638 791 3700 licet
824 3643 888 3700 in
913 3637 1050 3700 aliis
1080 3637 1408 3697 virtutibus
1437 3636 1699 3717 acquisi-

126 3735 211 3794 tis
250 3734 315 3793 id
362 3752 490 3794 non
517 3738 821 3812 repugnet
861 3737 1140 3811 respectu
1171 3730 1551 3790 diversorum
1591 3728 1698 3791 ob-

122 3828 432 3905 jectorum
501 3824 894 3905 partialium,
971 3830 1183 3883 tamen
1241 3822 1310 3883 in
1372 3823 1694 3899 charitate,

126 3920 349 3980 saltem
381 3926 655 3999 respectu
686 3919 818 3994 Dei,
850 3923 912 3977 et
936 3916 1224 3997 proximi,
1248 3921 1315 3976 ut
1341 3916 1698 3976 immediate

124 4018 384 4092 propter
424 4012 620 4073 Deum
650 4011 951 4089 diligitur,
985 4028 1111 4070 non
1145 4009 1329 4069 habet
1356 4008 1556 4069 locum
1589 4010 1697 4069 illa

126 4105 555 4183 inaequalitas;
579 4104 747 4183 quia,
772 4104 926 4163 sicut
939 4119 1183 4163 necesse
1199 4108 1308 4176 est,
1330 4101 1692 4162 charitatem

126 4196 323 4259 simui
351 4190 619 4259 infusam
654 4198 731 4257 ad
760 4195 1144 4274 diligendum
1174 4195 1368 4255 Deum
1397 4194 1696 4256 inclinare

128 4293 322 4355 etiam
362 4294 440 4354 ad
482 4292 858 4372 proximum,
903 4292 991 4350 ita
1031 4308 1276 4351 necesse
1314 4297 1403 4351 est
1438 4290 1699 4351 charita-

124 4395 259 4447 tem
297 4392 546 4447 auctam
578 4392 857 4467 respectu
886 4382 1097 4459 unius,
1136 4384 1352 4463 augeri
1381 4384 1567 4444 etiam
1604 4402 1697 4444 re-

125 4486 343 4561 spectu
394 4480 685 4553 alterius3
740 4479 893 4539 alias
938 4478 991 4537 si
1039 4478 1105 4537 in
1150 4477 1270 4538 hoc
1318 4484 1519 4557 posset
1569 4494 1698 4537 esse

124 4570 524 4653 inaequalitas
570 4570 912 4650 graduum,
955 4579 1155 4649 posset
1198 4570 1383 4631 etiam
1432 4566 1698 4646 intelligi

128 4666 358 4745 aliquis
406 4666 633 4745 gradus
685 4664 1022 4739 charitatis„
1075 4662 1182 4743 qui
1236 4663 1562 4723 inclinaret
1620 4660 1697 4721 ad

130 4760 353 4833 Deum,
408 4768 469 4818 et
512 4776 637 4817 non
678 4758 755 4817 ad
801 4758 1181 4837 proximum,
1228 4755 1327 4816 vel
1375 4773 1409 4816 e
1460 4760 1695 4829 contra,

129 4852 298 4929 quod
326 4858 537 4910 tamen
566 4846 746 4929 plane
773 4850 998 4910 falsum
1037 4857 1167 4925 est;
1201 4866 1348 4927 ergo
1381 4847 1698 4910 inclinatio

126 4942 440 5004 intensiva
494 4942 808 5003 charitatis
857 4942 934 5001 ad
991 4942 1184 5002 Deum
1234 4950 1297 5001 et
1345 4941 1698 5019 proximum

129 5036 389 5115 aequalis
430 5044 540 5096 est.
592 5036 679 5095 Ex
723 5052 844 5114 quo
893 5034 1156 5095 efficitur
1204 5032 1391 5093 etiam
1443 5034 1509 5093 in
1557 5040 1699 5093 actu

124 5148 307 5210 posse
336 5129 698 5189 charitatem
725 5146 899 5207 aeque
939 5130 1180 5189 intense
1214 5126 1466 5207 diligere
1494 5128 1701 5209 proxi-

126 5241 304 5285 mum
357 5240 430 5284 ac
479 5223 694 5283 Deum.
748 5222 946 5297 Patet,
998 5220 1143 5300 quia
1192 5220 1457 5281 charitas
1501 5226 1700 5300 potest

126 5316 364 5377 habere
420 5322 630 5375 actum
683 5314 801 5375 sibi
850 5315 1244 5395 adaequatum
1294 5314 1454 5373 circa
1507 5313 1701 5393 quod-

128 5428 399 5490 cumque
439 5407 748 5489 objectum
790 5423 1013 5486 suum3
1055 5408 1159 5468 sed
1184 5406 1372 5467 habet
1400 5406 1698 5486 :equalem

214 5602 233 5635 ¹
286 5595 443 5659 Vide
470 5592 579 5656 lib.
610 5597 646 5655 3
678 5592 754 5654 de
782 5576 1057 5672 Angelis,
1084 5611 1139 5653 c.
1172 5588 1231 5667 6,
1264 5612 1299 5653 a
1328 5610 1502 5653 num.
1534 5594 1593 5651 7.

3208 481 3328 539 643

1766 568 2178 629 intensionem
2208 571 2588 635 habitualem
2615 576 2678 636 in
2711 578 2924 640 ordine
2953 578 3031 641 ad
3055 582 3243 643 Deum
3271 594 3334 647 et

1766 660 2120 741 proximum
2143 685 2161 739 ;
2193 682 2341 745 crgo
2371 672 2567 743 potest
2594 670 2856 747 aequales
2877 680 3044 733 actus
3074 675 3327 753 elicere3

1768 760 1850 828 et,
1883 760 1951 814 ut
1985 772 2100 831 ego
2131 764 2304 835 puto,
2346 758 2433 817 ita
2474 759 2709 822 faciunt
2742 762 2928 840 beati,
2962 767 3107 845 quia
3136 772 3328 849 perfe-

1770 846 1990 907 ctionis
2017 855 2108 908 est
2148 851 2412 928 operari,
2456 861 2756 931 quantum
2789 866 3081 937 possunt3
3113 863 3239 923 imo
3270 871 3332 925 et

1772 940 1929 999 Deus
1971 940 2186 1001 eadem
2233 943 2406 1021 quasi
2447 946 2819 1023 perfectione
2849 949 3153 1013 intensiva
3180 972 3241 1015 se
3273 962 3332 1015 et

1772 1050 1884 1091 nos
1913 1031 2138 1111 diligit,
2181 1034 2320 1095 licet
2349 1054 2413 1097 se
2447 1039 2824 1118 simpliciter,
2857 1060 2968 1103 nos
3003 1050 3210 1107 autem
3241 1067 3331 1109 se-

1772 1125 2085 1207 cundario.

1855 1220 1954 1279 11.
2000 1220 2306 1283 Probatur
2347 1223 2609 1302 amplius
2639 1226 2938 1289 conclusio
2971 1230 3037 1291 dc
3079 1249 3195 1293 non
3235 1252 3336 1296 nc-

1774 1313 2035 1373 ccssarz‘o
2060 1316 2382 1377 ordine.—
2399 1316 2570 1376 Addo
2588 1317 2867 1393 ulteriuS,
2891 1326 3172 1399 quamvis
3195 1325 3336 1387 cha·

1772 1403 1921 1463 ritas
1945 1404 2266 1466 intensiori
2296 1414 2437 1467 actu
2466 1410 2655 1487 possit
2679 1429 2837 1489 saepe
2862 1412 3115 1491 diligere
3139 1417 3333 1477 Deum

1773 1514 1959 1575 quam
1990 1500 2342 1577 proximum
2373 1502 2561 1577 (sicut
2582 1510 2781 1581 potest
2809 1510 2948 1564 actu
2981 1506 3172 1568 Deum
3196 1509 3338 1571 dili-

1772 1608 1941 1667 gere,
1997 1602 2059 1652 et
2113 1611 2239 1653 non
2296 1595 2672 1673 proximum,
2731 1598 2878 1676 quia
2931 1619 3058 1661 non
3110 1605 3336 1682 pendet

1773 1701 1934 1744 unus
1955 1691 2128 1744 actus
2146 1686 2223 1745 ab
2246 1686 2390 1763 aiio,
2414 1707 2526 1748 nec
2541 1688 2808 1750 intensio
2827 1690 2906 1751 ab
2930 1692 3334 1777 intensione),

1774 1781 1982 1837 tamen
2004 1778 2313 1839 interdum
2335 1798 2510 1859 posse
2531 1782 2784 1861 diligere
2805 1784 3106 1848 intensius
3132 1792 3336 1868 proxi-

1775 1886 1971 1946 mum,
2005 1889 2192 1949 quam
2237 1873 2452 1947 Deum,
2485 1874 2794 1953 loquendo
2823 1877 2898 1939 de
2928 1881 3152 1941 actuali
3186 1882 3337 1943 dile-

1775 1962 1997 2036 ctione,
2032 1982 2170 2045 quae
2199 1967 2570 2028 terminatur
2594 1968 2668 2027 ad
2695 1970 2913 2047 Deum,
2941 1979 3236 2053 tanquam
3258 1974 3337 2036 ad

1774 2052 2084 2133 objectum
2131 2058 2292 2136 quod
2337 2058 2561 2139 diligit.
2615 2060 2692 2122 Et
2736 2064 2894 2123 ratio
2949 2073 3040 2125 est
3094 2067 3334 2145 eadem,

1774 2147 1920 2225 quia
1947 2148 2204 2209 actualis
2233 2152 2477 2212 dilectio
2509 2154 2772 2231 proximi
2801 2162 3000 2235 potest
3037 2176 3166 2221 esse
3206 2160 3339 2223 sine

1774 2240 1997 2300 actuali
2044 2242 2368 2304 dilectione
2418 2244 2562 2319 Dei3
2602 2254 2664 2306 et
2705 2246 2990 2309 similiter
3033 2248 3336 2312 intensior

1775 2331 2021 2394 dilectio
2077 2337 2340 2413 proximi
2393 2337 2624 2417 absque
2674 2338 3000 2403 dilectione
3050 2344 3162 2404 Dei
3211 2352 3339 2405 tam

1775 2424 2043 2503 intensa,
2101 2430 2405 2508 siquidem
2454 2430 2642 2491 homo
2698 2432 2888 2495 libere
2938 2443 3176 2497 exercet
3228 2438 3340 2499 hos

1774 2525 1943 2578 actus
1977 2521 2196 2599 majori
2230 2522 2329 2582 vel
2359 2522 2586 2583 minori
2616 2533 2859 2601 conatU,
2895 2534 2956 2587 et
2981 2528 3144 2590 inter
3174 2530 3341 2609 obje-

1776 2618 1874 2671 cta
1902 2630 2026 2671 non
2055 2620 2146 2672 est
2168 2614 2504 2701 intrinseca
2531 2618 2852 2679 connexi0.
2887 2620 3061 2681 Unde
3085 2620 3342 2684 ulterius

1775 2702 1846 2764 fit
1890 2711 1959 2763 ut
1999 2705 2204 2783 justus
2261 2707 2591 2786 aliquando
2637 2728 2712 2771 ex
2763 2704 3057 2774 charitate
3099 2712 3341 2776 ferven-

1777 2795 1917 2857 tiori
1980 2805 2040 2858 et
2102 2800 2422 2861 intensiori
2477 2809 2617 2863 actu
2675 2804 2894 2883 diligat
2948 2808 3295 2885 proximum
3323 2856 3338 2881 ,

1777 2908 1963 2968 quam
2018 2910 2291 2971 unquam
2338 2896 2532 2955 Deum
2581 2896 2864 2957 dilexerit
2880 2914 2901 2977 3
2951 2918 3096 2959 nam
3148 2908 3344 2981 potest

1776 2984 2016 3063 operari
2044 2987 2202 3046 circa
2233 2988 2584 3065 proximum
2609 2991 2947 3051 secundum
2984 3000 3174 3053 totam
3203 2993 3342 3054 lati-

1776 3079 2057 3139 tudinem
2085 3078 2358 3156 habituS,
2392 3082 2504 3140 etsi
2528 3082 2688 3141 circa
2720 3082 2913 3153 Deum
2948 3104 3070 3145 non
3096 3086 3182 3146 ita
3209 3106 3343 3165 per-

1775 3172 1932 3232 fecte
1961 3172 2147 3232 fuerit
2177 3180 2467 3253 operatus
2492 3190 2512 3251 3
2543 3176 2701 3235 sicut
2740 3182 2936 3253 potest
2965 3178 3102 3256 quis
3141 3178 3344 3239 inten-

1774 3262 1996 3324 siorem
2052 3272 2255 3324 actum
2319 3264 2545 3326 habere
2597 3265 2756 3327 circa
2814 3268 3090 3328 medium
3150 3288 3339 3351 quam

1775 3356 1933 3416 circa
1961 3354 2173 3430 finem,
2215 3358 2528 3436 praecipue
2553 3360 2604 3418 si
2633 3378 2707 3418 ex
2737 3360 2958 3437 majori
2988 3356 3338 3423 considera-

1775 3448 1966 3521 tione,
1991 3448 2084 3509 vel
2111 3449 2358 3510 aliunde
2379 3450 2633 3528 juvetur
2656 3452 2732 3511 ad
2760 3456 2956 3533 magis
2981 3456 3336 3515 conandum

1775 3542 1841 3601 in
1867 3543 2308 3621 appetitionem
2341 3544 2545 3605 medii.

1862 3636 1960 3696 ⁴2.
2008 3632 2266 3715 Objcctio
2307 3636 2538 3715 prima.
2592 3670 2673 3683 —
2736 3638 2976 3701 Solutio
3025 3642 3220 3721 prior.
3259 3678 3339 3687 —

1782 3730 2115 3793 Posterior.
2139 3765 2219 3778 —
2255 3731 2514 3809 objectio
2556 3735 2833 3796 secunda.
2855 3768 2936 3783 -—
2965 3734 3230 3798 solutio.
3259 3770 3340 3785 -—

1779 3824 1950 3885 Dices
1996 3841 2013 3885 ε
2073 3823 2336 3883 charitas
2414 3824 2616 3903 diligit
2674 3828 3023 3905 proximum
3090 3836 3345 3909 propter

1778 3918 1969 3977 Deum
1998 3938 2014 3991 3
2052 3918 2359 3996 quomodo
2390 3936 2540 3995 ergo
2569 3925 2766 3997 potest
2799 3922 3016 3999 majori
3045 3921 3343 3985 intensio-

1778 4028 1857 4069 ne
1885 4009 1948 4068 in
1969 4028 2111 4068 eum
2142 4008 2285 4069 ferri
2307 4028 2492 4087 quam
2515 4011 2580 4069 in
2609 4011 2839 4071 Deum?
2863 4014 2948 4073 sic
2979 4014 3144 4074 enim
3167 4033 3343 4076 amor

1778 4102 1879 4162 hic
1913 4101 2300 4163 inordinatus
2328 4107 2464 4164 erit.
2509 4104 2869 4183 Respondeo
2900 4108 3168 4185 primum
3213 4128 3341 4171 non

1779 4214 1907 4256 esse
1926 4194 2349 4254 inordinatum
2380 4196 2700 4274 privative,
2723 4200 2871 4276 quia
2899 4218 3023 4258 non
3052 4200 3342 4262 tenemur

1778 4289 1854 4348 ad
1885 4294 2122 4348 tantam
2176 4288 2590 4349 intensionem
2634 4290 3050 4351 adhibendam
3080 4292 3144 4352 in
3170 4311 3340 4355 amo-

1779 4400 1845 4442 re
1892 4382 2002 4442 Dei
2031 4403 2047 4455 3
2092 4382 2380 4457 negative
2426 4388 2635 4442 autem
2665 4401 2789 4443 non
2824 4402 2951 4444 esse
2985 4385 3072 4444 ita
3108 4386 3341 4464 perfec-

1776 4480 1936 4551 tum,
1969 4474 2114 4553 quia
2144 4474 2302 4533 Deus
2323 4474 2628 4536 intensius
2657 4474 2831 4555 diligi
2861 4483 3076 4555 potest.
3111 4481 3341 4543 Secun-

1778 4566 1857 4627 do
1882 4565 2222 4645 respondeo
2242 4573 2401 4628 recte
2430 4566 2563 4628 fieri
2594 4586 2789 4649 posse,
2812 4570 2982 4648 quia,
3009 4571 3151 4631 licet
3183 4574 3340 4633 Deus

1780 4660 1860 4721 sit
1886 4660 2044 4720 ratio
2067 4660 2390 4737 diIIgendi,
2416 4661 2558 4721 inde
2587 4660 2657 4721 fit
2684 4662 3101 4724 excellentiori
3131 4664 3338 4744 aliquo

1780 4754 1966 4813 modo
1995 4752 2232 4830 amari,
2264 4772 2391 4813 non
2438 4754 2790 4827 intensiori3
2841 4756 2985 4835 quia
3042 4758 3340 4821 intensior

1779 4853 1949 4907 actus
2008 4848 2170 4907 circa
2235 4846 2484 4925 aliquod
2550 4847 2859 4925 objectum
2905 4850 3338 4912 secundarium

1780 4960 1907 5001 non
1948 4959 2190 5021 semper
2217 4940 2415 5001 oritur
2442 4958 2518 5000 ex
2543 4940 2763 5017 majori
2799 4939 3146 5003 intensione
3177 4944 3341 5005 circa

1780 5034 2166 5114 primarium,
2204 5032 2308 5093 sed
2342 5038 2535 5111 potest
2585 5050 2662 5091 ex
2708 5032 2846 5093 aliis
2899 5036 3098 5095 causis
3147 5036 3339 5115 profi-

1778 5128 1943 5203 cisci,
1986 5133 2058 5186 ut
2103 5145 2178 5186 ex
2208 5125 2430 5203 majori
2470 5124 2912 5201 familiaritate,
2945 5130 3337 5189 consuetudi-

1778 5240 1880 5296 ne,
1911 5226 2024 5280 etc.
2065 5218 2294 5277 Verum
2324 5223 2416 5278 est
2453 5223 2664 5277 tamen
2691 5217 2808 5277 hoc
2835 5236 3044 5279 amore
3072 5221 3341 5299 proximi

1777 5311 2074 5391 implicite
2130 5317 2191 5370 et
2249 5310 2420 5389 quasi
2486 5310 2552 5369 in
2603 5315 2748 5369 actu
2805 5314 3075 5372 exercito
3142 5316 3340 5375 amari

1778 5407 1994 5477 Deum,
2019 5404 2183 5483 quod
2213 5403 2364 5463 alias
2391 5402 2514 5463 dici
2541 5403 2695 5493 solet
2726 5406 2920 5465 amari
2950 5413 3020 5469 ut
3051 5406 3338 5487 objectum

1777 5516 1911 5580 quo.
1944 5496 2064 5557 Sed
2094 5504 2309 5557 contra
2347 5497 2638 5569 secundo,
2671 5516 2816 5557 nam
2850 5500 3128 5577 sequitur
3165 5499 3342 5561 habi-

1780 5604 1914 5651 tum
1954 5590 2272 5652 charitatis
2300 5608 2472 5669 posse
2512 5591 2710 5668 magis
2739 5593 2974 5653 int-endi
3003 5592 3166 5654 circa
3201 5610 3341 5672 pro·-
