3900 6217
689 407 856 462 ster.
888 407 998 460 111.
1034 405 1116 460 AN
1149 403 1504 458 mvELATio
1537 402 1752 456 DlVlNA
1781 399 2143 454 nummws
2174 398 2461 460 etiamn,
2496 393 2632 448 ETC.

135 539 220 590 11⁸3
243 515 524 598 quomodo
562 512 726 575 enim
761 505 1022 587 intelligi
1047 508 1254 586 potest
1281 512 1354 569 ut
1387 503 1615 584 aliquis

135 611 296 675 credat
315 607 670 672 sententiam
695 601 972 680 aliquam
997 605 1254 680 propter
1279 596 1616 680 Augustini

133 707 510 776 auctoritatem,
549 700 670 762 nisi
709 695 928 758 credat
975 693 1392 774 Augustinum
1441 691 1616 752 illam

133 801 360 862 docuisse
381 802 406 860 2
431 796 730 874 Denique,
781 807 972 870 supra
1020 794 1344 850 ostensum
1373 792 1468 849 est
1516 805 1618 848 co·

135 895 410 976 gnitionem
449 889 663 969 primm
697 883 996 955 veritatis,
1027 889 1090 944 et
1117 881 1289 962 quod
1315 899 1446 942 non
1473 898 1622 959 pos-

137 988 194 1048 sit
229 985 426 1056 fallere,
471 978 892 1044 neeessariam
922 993 1062 1038 esse
1107 974 1189 1036 ad
1235 973 1622 1036 credendum

139 1078 320 1158 aliquid
363 1083 652 1153 tanquam
701 1076 944 1134 certum
964 1115 980 1140 ,
1039 1073 1296 1148 propter
1343 1067 1624 1128 testimo-

139 1173 268 1234 nium
289 1167 546 1248 ejusdem
571 1163 852 1228 veritatis
873 1182 890 1236 ς
931 1177 1084 1242 ergo
1117 1177 1248 1222 non
1273 1161 1485 1222 minus
1511 1176 1626 1220 ne·

135 1266 404 1328 cessar-ium
425 1266 514 1322 est
557 1273 1077 1339 pracognoscere
1113 1254 1316 1333 ipsam
1353 1253 1624 1332 primam

131 1359 385 1420 rer-itatem
401 1355 514 1416 boc
531 1352 632 1414 vel
657 1349 812 1412 illud
835 1347 1220 1412 credendum
1249 1346 1618 1408 asseruisse.

135 1451 370 1516 Probatur
391 1443 860 1524 consequentia,
882 1441 1032 1520 quia
1057 1458 1187 1502 non
1221 1441 1438 1502 minus
1465 1457 1624 1519 pen-

139 1545 217 1608 det
245 1557 494 1604 mensus
521 1537 672 1602 fidei
697 1537 784 1600 ab
821 1537 944 1598 hoc
981 1533 1289 1614 principio
1319 1549 1513 1612 quam
1541 1533 1625 1596 ab

143 1641 232 1712 illo,
255 1643 304 1697 et
329 1634 462 1714 quia
498 1649 725 1711 parum
751 1629 938 1692 nobis
969 1627 1214 1690 confert
1245 1625 1328 1688 ad
1355 1625 1624 1688 creden-

142 1733 244 1796 dam
265 1733 392 1790 hanc
415 1727 508 1789 vel
527 1726 704 1787 illam
727 1721 1242 1806 propositionem,
1272 1720 1442 1800 quod
1457 1723 1626 1784 Deus

140 1827 190 1888 in
207 1843 256 1886 sc
289 1839 448 1884 verax
475 1821 576 1894 sit,
617 1818 742 1880 nisi
783 1821 1201 1896 cognoscatur
1249 1815 1450 1894 ipsam
1497 1814 1625 1894 pri-

139 1936 256 1980 mam
297 1915 596 1978 veritatem
645 1929 766 1972 suo
823 1908 1182 1972 testimonio
1235 1906 1430 1968 talem
1483 1924 1624 1986 pro·

133 2010 428 2092 positionem
463 2004 898 2076 confirmasse,
929 2007 996 2064 et
1021 2000 1198 2080 quasi
1226 1998 1618 2064 informasse.

183 2109 229 2164 7.
253 2101 432 2166 Per-tia
465 2096 770 2163 samaia
793 2113 960 2160 vera.
989 2125 1072 2142 —
1116 2093 1408 2158 Sumitm·
1431 2112 1510 2158 σω
1535 2094 1616 2156 D.

131 2198 321 2262 rma.
357 2227 424 2240 ·-
453 2192 672 2256 mni
708 2193 908 2270 potsse
953 2186 1266 2263 Manilio,
1311 2183 1620 2267 Capraozo,

130 2291 365 2368 weram.
412 2293 518 2350 etc.
557 2317 642 2334 -
687 2285 861 2364 Ejus
901 2283 1301 2364 comprobatio
1341 2297 1416 2344 oso
1477 2281 1622 2359 jam

133 2385 282 2448 dictis.
303 2381 471 2446 -Bt
487 2399 528 2444 a
551 2378 886 2444 contrario.
913 2407 998 2424 -
1017 2377 1138 2436 Est.
1167 2392 1318 2452 ergo
1345 2372 1528 2436 tertia
1554 2375 1620 2434 et

133 2495 242 2536 vera
265 2473 556 2548 sententia,
583 2471 1046 2534 revelationem
1071 2467 1183 2530 Dei
1217 2467 1481 2530 dicentis
1515 2483 1620 2528 res

133 2568 256 2642 fidei,
283 2566 628 2630 credendam
657 2583 808 2626 esse
851 2563 980 2626 fide
1019 2561 1232 2624 divina
1283 2568 1345 2624 et
1381 2559 1610 2634 infusa,

134 2669 270 2724 utres
289 2663 416 2740 ipsoe
434 2659 726 2722 revelatae
748 2656 990 2737 possint
1004 2654 1228 2718 eadem
1251 2653 1376 2716 fide
1409 2652 1614 2728 credi3

131 2761 176 2816 et
193 2757 584 2832 consequenter
615 2751 796 2812 illam
827 2749 1300 2820 revelationem,
1330 2765 1460 2808 non
1495 2745 1620 2808 nisi

129 2854 186 2908 ut
205 2849 440 2908 creditam
463 2863 574 2908 sen
601 2844 978 2906 credibilem
1027 2841 1254 2904 eadem
1281 2840 1430 2914 fide,
1477 2857 1618 2902 esse

137 2941 366 3002 rationem
383 2938 708 3002 formalem
735 2937 967 3016 objecti
1011 2934 1156 2998 fidei
1193 2934 1438 2996 infusae.
1475 2934 1618 2996 Haec

141 3034 294 3112 opinio
313 3033 534 3094 sumitur
553 3050 633 3094 ex
659 3032 740 3092 D.
775 3032 1018 3092 Thema
1045 3031 1105 3090 2.
1131 3030 1192 3102 2,
1219 3045 1284 3106 q.
1317 3031 1377 3100 1,
1404 3033 1524 3088 art.
1553 3030 1610 3102 1,

137 3133 366 3205 qnatenus
383 3126 552 3188 docet
575 3124 744 3188 nihil
771 3124 946 3186 aliud
966 3141 1160 3202 quam
1187 3121 1616 3184 testimonium

129 3220 290 3297 prims
311 3219 556 3280 veritatis
583 3235 736 3280 esse
771 3217 1092 3296 objectum
1113 3213 1382 3276 formale
1421 3214 1568 3276 fidei
1592 3232 1609 3287 ς

127 3327 234 3370 nam
251 3313 292 3372 si
325 3329 641 3374 concursus
675 3310 832 3372 fidei
873 3312 1168 3372 humanae
1199 3313 1368 3370 esset
1393 3325 1508 3388 per
1545 3325 1614 3370 se

129 3407 432 3468 necessarius
455 3405 532 3466 ad
547 3421 890 3468 assensum
903 3402 1074 3472 fidei,
1093 3403 1228 3482 jam
1257 3418 1384 3462 non
1409 3400 1616 3462 solum

131 3497 460 3560 testimonium
483 3498 801 3571 divinum,
833 3497 948 3560 sed
961 3495 1150 3557 simul
1174 3512 1316 3556 cum
1333 3495 1612 3558 hnmano

129 3599 241 3651 esset
259 3593 538 3672 obJectum
559 3591 862 3664 formale,
913 3608 1028 3651 seu
1071 3589 1230 3650 ratio
1264 3587 1604 3664 credendi5

127 3689 170 3742 et
186 3683 276 3746 hoc
295 3686 460 3748 modo
481 3691 696 3764 potest
727 3684 912 3746 tribui
939 3683 1074 3744 hoec
1101 3680 1419 3744 sententia
1449 3681 1610 3742 anti-

125 3777 224 3854 quis
258 3779 576 3858 Theologis,
635 3779 734 3840 ita
779 3775 1194 3838 sentientibus
1235 3774 1314 3836 de
1365 3772 1612 3852 objecto

123 3869 228 3930 fidei
265 3871 454 3934 Musae
471 3918 490 3946 ,
548 3879 614 3936 et
675 3861 1035 3951 specialiter
1083 3868 1382 3930 indicavit
1441 3868 1614 3930 illam

123 3963 314 4036 ilar-sil„
339 3965 394 4026 in
420 3967 478 4038 3,
507 3971 732 4046 quaest.
769 3965 872 4038 10,
909 3969 1030 4026 art.
1066 3966 1126 4034 1,
1175 3962 1520 4041 praesertim
1547 3961 1616 4022 in

131 4055 274 4118 dubiis
295 4078 414 4138 quae
437 4061 502 4122 in
527 4059 718 4122 tertia
765 4061 946 4138 parte
989 4056 1156 4118 illins
1191 4055 1438 4118 articuli
1469 4072 1616 4134 pro·-

135 4151 278 4226 ponit:
303 4152 510 4215 clarius
528 4152 750 4216 docuit
771 4149 1134 4230 Capreolus,
1163 4148 1226 4210 in
1245 4150 1308 4220 3,
1337 4145 1480 4210 dist.
1507 4148 1610 4220 24,

137 4257 180 4298 a.
203 4245 244 4309 3,
263 4245 324 4303 sd
341 4251 706 4325 argumenta
731 4244 904 4308 Scoti
923 4248 1141 4305 contra
1159 4246 1450 4321 quartam
1469 4257 1615 4300 con-

135 4333 430 4410 clusionem;
457 4339 746 4418 sequitur
779 4337 1136 4416 cajetanus,
1189 4335 1356 4396 dicto
1401 4338 1518 4396 art.
1550 4338 1610 4404 1,

131 4426 234 4488 duh.
253 4433 306 4498 ⁴:
327 4439 382 4492 et
403 4433 624 4494 clarius
653 4433 852 4504 Cane,
881 4431 924 4491 l.
953 4432 994 4492 2
1022 4430 1100 4491 de
1119 4428 1322 4504 Locis,
1352 4445 1408 4490 c.
1441 4427 1503 4500 8,
1531 4425 1616 4488 ad

125 4523 173 4580 1.
193 4525 540 4602 solutionem
577 4533 642 4590 et
663 4526 978 4599 Valentia,
1009 4529 1058 4586 t.
1089 4527 1152 4600 3,
1169 4523 1330 4604 disp.
1363 4527 1422 4597 1,
1458 4539 1520 4602 q.
1551 4526 1611 4596 1,

125 4631 170 4690 p.
203 4619 244 4686 1,
265 4623 530 4693 asserta,
555 4621 622 4682 in
647 4622 688 4682 8
711 4619 1098 4682 difficultate.
1123 4619 1200 4680 Et
1235 4617 1616 4680 sufficienter

131 4709 452 4774 confirmatur
489 4715 626 4776 hsce
673 4713 986 4775 sententia
1029 4729 1107 4773 ex
1151 4710 1334 4776 dictis
1391 4716 1606 4774 contra

130 4797 240 4861 duas
263 4807 700 4882 pmcedentes3
753 4823 1014 4868 necesse
1069 4810 1164 4867 est
1211 4803 1378 4866 enim
1409 4804 1612 4882 utqui

127 4893 270 4956 eredit
293 4917 382 4960 res
415 4919 550 4979 quai
593 4907 744 4962 sunt
783 4901 1074 4962 revelatae
1108 4917 1146 4961 a
1193 4899 1350 4972 Deo,
1395 4899 1612 4962 credat

125 4987 264 5048 etiam
319 4992 504 5069 ipsam
553 4994 1032 5068 revelationem,
1095 4999 1164 5055 ut
1233 4999 1608 5074 argumenta

125 5081 342 5156 proxime
364 5084 515 5150 iacta
558 5087 972 5159 convincam
1005 5100 1160 5166 ergo
1199 5103 1462 5148 necesse
1517 5090 1612 5147 est

127 5177 178 5230 ut
197 5179 480 5256 utrumque
511 5180 752 5252 credat,
783 5181 1006 5242 saltem
1035 5179 1266 5258 aequali
1295 5179 1614 5242 certitudi-

129 5281 206 5334 ne,
229 5269 350 5346 quia
371 5273 564 5336 nullus
591 5279 797 5354 potest
821 5273 1164 5354 prudenter
1183 5273 1426 5336 firmius
1475 5291 1614 5335 ere-

131 5355 243 5419 dere
265 5365 660 5442 undictam,
699 5368 848 5448 quia
897 5367 1064 5430 dicta
1091 5373 1209 5441 est,
1258 5385 1452 5447 quam
1479 5383 1618 5430 cre—

133 5445 216 5512 dat
239 5471 354 5518 esse
389 5457 634 5534 dictam,
685 5467 752 5524 ut
797 5461 1228 5540 experimento
1269 5467 1516 5524 constat
1549 5465 1616 5523 et

137 5545 352 5624 τῖιΗΘΜ-Ἰ
385 5553 522 5630 quie
545 5555 666 5618 boc
691 5561 786 5630 est
807 5553 1292 5618 &adamantum
1327 5554 1512 5629 illius,
1551 5560 1614 5616 et

3150 385 3269 447 {03

1695 521 1824 566 non
1855 505 2063 582 potest
2089 517 2231 562 esse
2256 497 2517 558 firmius‘
2541 495 2871 558 aedificium
2910 511 3101 575 quam
3130 494 3275 555 fun·

1696 595 2099 658 dementum.
2131 592 2312 658 Unde
2342 595 2515 672 patet
2563 610 2601 653 a
2643 589 2991 662 contrario;
3046 607 3193 650 nam
3224 587 3277 650 si

1695 689 1838 770 quis
1895 689 2214 750 dubitaret
2258 693 2367 747 aut
2414 683 2781 746 formidaret
2826 701 2909 744 an
2968 684 3269 763 mysteria

1699 783 1847 846 fidei
1877 787 2111 844 nostrae
2146 786 2357 842 essent
2382 778 2547 840 dicta
2576 796 2615 838 a
2642 779 3270 855 Dee,consequenter

1703 895 1778 938 ac
1803 874 2161 938 necessario
2197 873 2421 938 eodem
2456 871 2647 934 modo
2684 870 3005 932 vacillaret
3034 871 3097 930 in
3141 869 3267 932 fide

1703 971 1985 1052 ipsorum
2032 967 2506 1049 mysteriorum3
2541 983 2692 1046 ergo
2748 982 3009 1026 necesse
3054 968 3150 1026 est
3202 967 3273 1026 ut

1705 1065 1929 1128 eadem
1958 1063 2085 1126 fide
2126 1068 2465 1142 utrumque
2495 1065 2728 1132 teneat,
2760 1058 3015 1130 scilicet,
3044 1064 3107 1121 et
3134 1073 3273 1120 rem

1706 1159 1959 1231 dictam,
1991 1163 2053 1220 et
2098 1158 2300 1218 Deum
2340 1155 2511 1216 illam
2541 1153 2810 1224 dixisse;
2860 1153 3272 1231 supponimus

1706 1253 1900 1325 enim,
1947 1269 2027 1314 ex
2078 1249 2473 1330 supradictis,
2529 1266 2657 1309 non
2704 1245 2843 1308 dari
2895 1245 3273 1308 evidentiam

1704 1345 2051 1428 praesertim
2100 1339 2645 1422 supernaturalem
2698 1340 2887 1419 hujus
2940 1339 3274 1402 revelatio-

1703 1441 1804 1504 nis
1833 1485 1852 1514 ‚
1911 1457 2039 1518 qua
2094 1437 2339 1500 seclusa
2368 1481 2391 1510 ‚
2444 1453 2575 1498 nou
2630 1439 2837 1514 potest
2900 1451 3038 1496 esse
3090 1450 3271 1512 aeque

1705 1541 1900 1606 certa,
1950 1534 2069 1596 nisi
2120 1550 2234 1613 per
2277 1527 2569 1592 eamdem
2608 1527 2800 1592 fidem
2842 1527 3125 1590 divinam
3178 1533 3275 1590 te·

1703 1634 1952 1692 nentur.

1785 1724 1845 1784 8.
1879 1723 2009 1784 Pro
2036 1722 2237 1785 cadem
2265 1719 2453 1784 tertia
2472 1717 2772 1784 sententia
2798 1722 2857 1781 et
2883 1716 3149 1782 aliarum
3172 1735 3273 1782 es·-

1701 1815 1997 1899 positione
2016 1813 2455 1896 propositiones
2484 1817 2629 1877 tres.
2647 1844 2730 1858 —
2752 1811 2975 1876 Prima
2992 1810 3275 1894 proposi·

1705 1908 2254 1974 tim—Ostendam
2289 1903 2961 1989 primo.-—0scenditur
2984 1904 3264 1966 secundo.

1702 2001 2137 2065 -Ostenditur
2166 1999 2601 2064 tertia—Haec
2642 2017 2794 2079 ergo
2841 1997 3171 2068 sententia,
3204 2001 3277 2060 ut

1705 2096 1855 2168 dixi,
1884 2113 2035 2156 vera
2070 2099 2163 2157 est
2189 2112 2205 2166 ;
2237 2099 2307 2156 ut
2328 2100 2541 2157 tamen
2571 2091 2919 2154 evidentius
2948 2092 3269 2172 probetur,

1703 2196 1766 2252 et
1801 2194 2060 2268 paretur
2094 2188 2193 2248 via
2226 2186 2309 2249 ad
2356 2186 2687 2248 solvendas
2715 2185 3108 2248 difficultates
3148 2186 3277 2265 pri-

1703 2302 1820 2345 mm
1847 2281 2185 2362 opinioniS,
2232 2287 2296 2344 et
2336 2281 2419 2342 ad
2458 2281 2892 2361 explicandam
2942 2281 3269 2344 resolutio-

1701 2395 1850 2438 nem
1878 2376 2029 2439 fidei
2062 2395 2139 2438 ex
2170 2381 2349 2454 parte
2378 2375 2568 2454 hujus
2596 2374 2904 2454 principii,
2934 2373 3270 2436 nonnullas

1697 2471 2155 2551 propositiones
2186 2469 2533 2550 subjiciam.
2570 2469 2774 2530 Prima
2801 2475 2895 2530 est
2922 2486 2935 2528 ε
2968 2469 3105 2530 haec
3126 2485 3274 2547 pro-

1699 2564 1922 2644 positio
1949 2583 1963 2624 :
1996 2565 2161 2627 Deus
2204 2565 2391 2637 discit,
2430 2581 2535 2626 seu
2559 2559 2847 2626 revelavit
2876 2565 3174 2643 mysteria
3191 2562 3269 2641 fi-

1699 2659 1818 2732 dci,
1867 2664 1965 2718 est
1994 2658 2073 2720 de
2120 2655 2270 2731 fide,
2316 2675 2447 2718 non
2489 2656 2698 2717 minus
2725 2673 2915 2734 quam
2964 2655 3271 2734 speciales

1700 2751 1944 2812 articuli
1970 2751 2143 2823 fidei,
2175 2757 2237 2812 et
2290 2755 2750 2829 consequenter
2790 2748 3033 2810 ostendi
3065 2753 3269 2828 potest

1700 2849 1762 2906 et
1793 2843 1985 2906 debet
2022 2843 2295 2924 proprie,
2348 2848 2421 2906 vt
2470 2843 2643 2924 quod,
2692 2861 2805 2922 per
2860 2841 3149 2903 eamdem
3200 2840 3271 2902 fi-

1699 2937 1844 2998 dem
1881 2937 2173 2998 infusam.
2206 2938 2351 2998 Hoee
2380 2935 2641 2998 assertio
2669 2936 2916 2997 videtur
2946 2935 3095 2996 mihi
3138 2953 3269 2996 cer·

1697 3036 1782 3104 ta,
1826 3049 1946 3092 nec
1973 3030 2223 3093 invenio
2259 3030 2649 3109 'theologum
2680 3029 2787 3108 qui
2824 3029 2902 3090 de
2940 3029 3043 3089 illa
3084 3027 3267 3090 dubi-

1695 3125 1950 3196 taverit;
1987 3130 2048 3186 et
2073 3123 2324 3202 probari
2350 3128 2555 3202 potest
2576 3124 2803 3204 primo,
2832 3122 2979 3202 quia
3007 3123 3145 3184 haec
3166 3139 3267 3183 ve·

1694 3218 1846 3279 ritas
1885 3216 2229 3297 saepissime
2262 3222 2326 3278 et
2369 3216 2559 3277 variis
2599 3215 2802 3278 modis
2843 3219 2939 3277 est
2976 3215 3039 3276 in
3082 3233 3262 3277 sacra

1697 3312 2015 3390 Scriptura
2052 3309 2353 3382 revelata,
2400 3314 2470 3370 ut
2518 3308 2765 3388 quoties
2814 3308 3131 3387 Scriptura
3172 3308 3269 3370 di-

1693 3403 1778 3466 cit
1814 3422 1828 3464 :
1857 3403 2119 3467 Factum
2138 3408 2231 3467 est
2248 3403 2487 3466 verbum
2510 3401 2759 3466 Domini
2784 3403 2867 3466 ad
2884 3401 3224 3483 Prophetas
3237 3425 3264 3476 ,-

1691 3498 1795 3560 vel
1825 3497 1932 3558 ubi
1978 3498 2301 3576 Prophetas
2340 3496 2560 3558 dicunt
2602 3514 2615 3556 :
2660 3497 2817 3558 Hoec
2854 3497 3009 3558 dicit
3054 3497 3269 3560 Domi-

1691 3609 1829 3654 nus.
1853 3591 1929 3652 Et
1946 3589 2235 3652 eamdem
2256 3591 2383 3650 vim
2404 3589 2597 3651 habet
2622 3588 2793 3668 quod
2823 3589 3039 3650 Petrus
3060 3589 3213 3650 dixit
3246 3606 3260 3648 ε

1696 3683 1952 3767 Spiritu
2004 3683 2237 3748 Sancto
2280 3684 2598 3766 inspirati,
2651 3681 2839 3745 locuti
2878 3689 3021 3746 sunt
3068 3683 3272 3746 sancti

1694 3779 1810 3842 Dei
1836 3779 2123 3840 homines.
2154 3777 2331 3841 Unde
2360 3778 2529 3838 idem
2554 3777 2778 3857 probat
2801 3775 2968 3856 quod
2996 3776 3058 3836 in
3084 3777 3265 3856 Sym-

1693 3871 1840 3934 bolo
1884 3871 1963 3933 de
2004 3871 2235 3950 Spiritu
2277 3872 2503 3933 Sancto
2546 3871 2771 3933 dicitur
2808 3889 2823 3931 ε
2877 3869 2995 3944 Qui
3032 3871 3267 3934 locutus

1695 3972 1788 4030 est
1811 3983 1920 4046 por
1948 3966 2311 4047 Prophetas.
2334 3966 2467 4027 Imo
2490 3964 2767 4026 Christus
2796 3964 2931 4044 ipse
2972 3963 3259 4024 dicebat:

1693 4061 1840 4122 Mea
1863 4061 2143 4124 doctrina
2173 4076 2291 4122 uon
2317 4065 2409 4123 est
2442 4077 2597 4132 mea,
2645 4059 2753 4122 sed
2788 4059 2921 4138 ejus
2952 4057 3057 4140 qui
3092 4058 3269 4122 misit

1693 4170 1824 4226 nm
1853 4157 1916 4214 et
1947 4152 2191 4214 infinita
2226 4159 2373 4214 sunt
2400 4152 2647 4224 similia,
2694 4170 2769 4214 ex
2806 4151 3034 4231 quibus
3063 4150 3265 4212 mani-

1692 4244 1852 4308 feste
1904 4253 2149 4308 constat
2194 4265 2323 4310 non
2374 4247 2583 4308 minus
2626 4263 2765 4308 esse
2820 4245 3163 4306 revelatam
3202 4249 3265 4306 et

1693 4341 2077 4419 propositam
2124 4340 2207 4401 ad
2253 4340 2639 4402 credendum
2691 4339 2863 4400 illam
2903 4337 3265 4417 generalem

1694 4433 2021 4494 veritatem
2052 4435 2281 4496 :Deum
2308 4432 2483 4507 dixit,
2514 4451 2627 4494 seu
2654 4432 2943 4508 revelavit
2972 4428 3269 4512 mysteria

1686 4527 1852 4607 fidei,
1881 4545 2075 4606 quam
2101 4527 2347 4608 singula
2375 4525 2770 4606 particularia
2796 4524 3130 4604 mysteria3
3166 4541 3267 4584 er-

1694 4638 1775 4700 go
1805 4626 1900 4682 est
1924 4639 2103 4700 aeque
2142 4626 2347 4694 certa,
2395 4625 2458 4681 et
2500 4619 2723 4682 eadem
2766 4618 2890 4680 fide
2922 4615 3259 4680 credenda.

1694 4713 1985 4776 Secundo
2030 4714 2329 4794 probatur
2358 4760 2375 4787 ,
2412 4714 2561 4794 quia
2608 4712 2689 4774 de
2724 4712 2985 4792 singulis
3026 4711 3265 4791 regulis

1693 4805 1840 4868 fidei
1876 4809 2296 4878 sensibilibus,
2331 4795 2409 4868 de
2440 4807 2565 4868 fide
2610 4814 2705 4869 est
2732 4807 3053 4869 continere
3082 4805 3267 4866 infal-

1689 4901 1930 4962 libilem
1954 4901 2305 4972 veritatem,
2334 4905 2405 4962 ut
2421 4900 2500 4961 de
2528 4901 2844 4980 Scriptura
2864 4919 3068 4970 sacra,
3092 4899 3265 4978 quod

1691 4993 1934 5054 nullum
1966 4993 2045 5054 sit
2090 4993 2151 5053 in
2197 5011 2273 5054 ea
2302 4993 2722 5065 mendacium,
2768 4996 2949 5069 juxta
2996 4992 3261 5054 verbum

1691 5085 1914 5148 Christi
1931 5105 1944 5146 :
1970 5087 2113 5150 Non
2122 5091 2321 5169 potest
2332 5087 2489 5150 solvi
2506 5085 2861 5170 Scriptura,
2887 5087 3042 5148 etde
3059 5086 3267 5147 Eccle-

1693 5180 1800 5242 siae
1825 5180 2319 5254 definitionibus,
2346 5183 2517 5261 quia,
2550 5184 2619 5244 ut
2659 5181 2890 5243 Paulus
2920 5181 3143 5260 inquit,
3172 5185 3265 5245 est

1695 5275 1975 5339 columna
2012 5280 2073 5339 et
2096 5277 2563 5353 firmamentum
2592 5274 2871 5338 veritatis
2890 5299 2915 5346 ;
2970 5293 3121 5354 eigo
3168 5277 3265 5336 est

1695 5367 1776 5430 de
1803 5367 1954 5440 fide,
1994 5369 2059 5429 in
2089 5369 2185 5430 his
2214 5368 2448 5450 regulis
2482 5369 2788 5430 contineri
2814 5367 3077 5428 verbum
3122 5367 3261 5440 Dei,

1695 5479 1830 5534 seu,
1865 5461 2037 5540 quod
2066 5461 2237 5524 idem
2270 5467 2387 5536 est,
2412 5463 2615 5523 Deum
2642 5460 2815 5541 loqui
2845 5457 2961 5542 'per
2996 5460 3171 5533 illas;
3204 5467 3269 5522 et

1693 5555 1778 5618 ita
1809 5555 1890 5618 de
1915 5556 2042 5619 fide
2098 5555 2411 5620 credimus
2442 5555 2783 5618 Ecclesiam
2824 5555 2961 5637 regi
3000 5555 3083 5618 ab
3129 5555 3267 5636 Spi-
