3900 6217
586 351 703 411 lu

586 462 660 517 ὃς
700 453 1017 533 Scriptum
1064 455 1147 512 est
1193 450 1257 510 in
1300 447 1662 533 Prapltelis:
1704 447 1917 509 Erunt
1952 459 2150 503 omnes

585 549 861 613 docibiles
896 546 1029 613 Dei,
1066 551 1131 605 ut
1160 544 1394 605 notavit
1440 544 1857 621 Hieronymus
1902 536 1981 598 ad
2025 536 2152 596 dic-

587 650 716 704 tum
748 641 952 700 locum
982 640 1177 699 Isai’ae.
1210 636 1451 698 Tertius
1482 655 1664 696 casus
1706 632 1913 694 vocari
1944 633 2150 711 potest

588 734 873 814 specialis
920 730 1247 813 privilegii,
1280 730 1437 790 sicut
1488 730 1715 791 Paulus
1746 724 1823 786 de
1858 744 1923 787 se
1961 722 2144 784 dicit:

584 828 727 897 Non
748 826 818 891 ab
848 826 1209 899 hominibus,
1240 842 1419 901 noque
1440 841 1547 905 per
1576 822 1887 884 hominem.
1918 818 2026 881 sed
2039 834 2150 899 per

581 922 794 984 ⁴Iesum
836 918 1165 991 Chri-stuwi,
1198 916 1277 977 ad
1307 914 1505 979 Galat.
1549 918 1567 977 1
1599 934 1615 987 ;
1652 920 1713 975 θῖ
1746 913 2007 973 sortasse
2030 910 2149 969 hoc

586 1012 975 1093 privilegium
1006 1028 1371 1072 concessum
1401 1015 1495 1070 est
1524 1006 1745 1085 Moysi,
1781 1003 2017 1075 Davidi,
2044 1006 2151 1062 aut

586 1108 723 1168 aliis
767 1103 1006 1169 eximiis
1044 1104 1389 1183 Prophetis,
1442 1100 1749 1183 quamviS‚
1777 1099 1957 1178 juxta
2001 1096 2152 1156 doc-

588 1201 813 1260 trinam
847 1196 1122 1277 Dionysii
1151 1202 1210 1257 et
1238 1194 1721 1275 Theologorum,
1764 1188 2150 1271 probabilius

558 1294 665 1353 sit
694 1310 913 1353 omues
942 1292 1077 1351 illas
1105 1290 1519 1351 revelationes
1540 1288 1739 1348 factas
1767 1303 1903 1345 esse
1935 1282 2149 1343 minis-

584 1389 743 1450 terio
775 1385 1163 1467 angelorum.
1190 1384 1373 1445 Extra
1398 1384 1513 1442 hos
1530 1400 1677 1443 vero
1706 1397 1887 1440 casus
1915 1377 1984 1436 fit
2009 1395 2148 1455 pro-

586 1480 808 1563 positio
845 1496 955 1559 per
985 1476 1397 1539 ministerium
1429 1476 1773 1551 hominum,
1802 1479 1869 1533 ut
1900 1472 1963 1530 in
1997 1487 2149 1551 prae-

588 1572 848 1636 cedente
891 1571 1235 1632 assertione
1266 1568 1545 1649 probavi.

670 1668 730 1728 6.
783 1666 1061 1730 Secunda
1102 1682 1254 1747 pto-s
1292 1660 1673 1733 assertionis,
1726 1662 1793 1724 de
1837 1658 2151 1721 immedia-

588 1762 745 1827 tione
784 1762 1035 1823 circatis
1078 1756 1439 1821 detlara‘ur.
1468 1788 1552 1803 —
1590 1754 1845 1819 Ratione
1888 1752 2151 1817 ostendi-

585 1861 710 1919 tur.
735 1888 815 1901 —
840 1854 1049 1914 Altera
1089 1870 1237 1912 vero
1282 1868 1427 1930 pars
1474 1849 1835 1911 assertionis
1870 1845 2151 1927 procedit

586 1952 664 2015 de
696 1946 1159 2010 immediatioue
1192 1944 1465 2018 virtutis;
1501 1951 1561 2007 et
1592 1962 1813 2005 sensus
1844 1948 1960 2017 est,
1994 1960 2151 2021 quo·-

586 2046 703 2108 ties
740 2042 897 2105 fides
932 2040 1319 2123 praedicatur,
1356 2045 1424 2099 ut
1466 2038 1808 2119 propositio
1843 2036 1954 2097 fiat
1982 2034 2151 2095 suffi-

588 2141 781 2211 ciens,
814 2134 1237 2197 necessarium
1255 2152 1389 2195 esse
1421 2138 1483 2194 ut
1500 2132 1751 2212 speciali
1777 2130 1964 2192 modo
1983 2130 2150 2191 Deus

590 2234 751 2294 circa
782 2232 951 2292 illam
980 2234 1371 2309 cooperetur,
1402 2246 1531 2288 non
1560 2232 1801 2287 tantum
1838 2223 2149 2304 generali-

586 2333 685 2388 ter
712 2321 1139 2387 concurrendo
1186 2340 1299 2400 per
1344 2320 1603 2382 modum
1651 2335 1855 2380 causae
1905 2317 2144 2397 primae,

590 2419 759 2501 quod
787 2436 899 2498 per
924 2434 989 2477 se
1022 2416 1259 2477 clarum
1292 2421 1406 2489 est,
1442 2412 1555 2474 sed
1583 2414 1771 2475 etiam
1798 2409 2151 2491 specialiter

590 2510 972 2593 adjuvando,
1006 2512 1067 2570 et
1101 2508 1397 2590 peculiari
1419 2506 1605 2568 modo
1635 2505 1981 2566 doctrinam
2006 2521 2150 2564 con·

588 2603 921 2680 firmandO,
962 2604 1141 2682 juxta
1180 2600 1335 2663 illud
1380 2600 1593 2672 Marci,
1628 2598 1883 2660 ultimo:
1914 2596 2152 2661 Proedi-

592 2702 877 2765 caverunt
914 2699 1126 2779 ubique
1163 2697 1417 2760 Domino
1445 2697 1811 2775 cooperante,
1842 2697 1899 2755 et
1929 2709 2154 2754 sermo-

592 2814 725 2858 nem
753 2794 1156 2872 confirmante,
1185 2790 1561 2873 sequentibus
1588 2788 1807 2868 siynis.
1838 2786 2016 2848 Ratio
2043 2804 2154 2844 au-

593 2896 719 2950 tem
750 2892 865 2961 est,
897 2886 1043 2967 quia
1076 2884 1357 2947 doctrina
1383 2880 1527 2944 fidei
1572 2886 1665 2941 est
1709 2878 1891 2939 valde
1938 2896 2154 2957 super-

588 2980 912 3053 naturaliS,
946 2985 1006 3041 et
1038 2997 1270 3059 magna
1323 2996 1399 3039 ex
1444 2980 1618 3055 parte
1647 2991 2008 3055 repugnans
2038 2972 2154 3031 hu-

590 3090 794 3136 manoe
844 3071 1385 3151 concupiscentiae,
1424 3076 1483 3129 et
1512 3068 1675 3140 ide0‚
1722 3073 1792 3128 ut
1841 3064 2154 3126 credibilis

589 3169 699 3231 fiat
738 3172 797 3227 et
828 3166 1135 3239 amabilis,
1168 3182 1427 3225 necesse
1472 3166 1565 3223 θεῖ
1614 3167 1681 3222 ut
1723 3160 1930 3221 divina
1959 3160 2154 3221 virtus

589 3261 981 3335 interveniat,
1016 3277 1154 3339 quae
1205 3262 1265 3319 et
1293 3256 1463 3318 illam
1502 3254 1755 3335 speciali
1796 3254 1984 3315 modo
2015 3272 2155 3332 per-

590 3355 874 3428 suadeat,
922 3359 985 3415 et
1021 3351 1348 3433 capacitati
1380 3350 1653 3410 hominis
1698 3347 2148 3409 accommodet.

591 3449 924 3527 Potestque
949 3446 1215 3527 amplius
1250 3444 1313 3503 in
1335 3444 1505 3505 huuc
1534 3442 1793 3504 modum
1823 3440 2149 3514 declarari,

590 3560 736 3603 nam
766 3542 904 3601 haec
932 3540 1089 3601 fides
1117 3538 1445 3619 dupliciter
1471 3540 1677 3616 potest
1704 3534 2007 3617 proponi:
2033 3524 2156 3615 pri-

587 3653 695 3695 mo
742 3652 856 3713 per
908 3632 1267 3715 generalem
1312 3628 1843 3711 praedicationem,
1895 3645 2036 3707 quae
2084 3624 2155 3686 fit

592 3728 845 3808 quando
889 3728 1159 3809 primum
1190 3724 1401 3805 incipit
1431 3722 1763 3796 introduci,
1797 3722 1957 3785 sicut
1992 3738 2155 3801 prai-

590 3822 793 3884 dicata
824 3826 917 3882 est
959 3840 1070 3902 per
1099 3820 1433 3893 Christum,
1465 3822 1527 3877 et
1562 3834 1675 3895 per
1706 3815 2060 3897 ApostoloS,
2094 3818 2156 3875 et

589 3922 739 3977 tunc
800 3912 1079 3995 profecto
1141 3910 1566 3973 necessarium
1622 3906 1739 3969 fuit
1806 3906 2152 3969 doctrinam

590 4006 943 4070 confirmari
988 4006 1180 4085 signis
1219 4002 1487 4085 propriis
1516 4001 1739 4062 divinae
1770 3998 2035 4074 virtutiS,
2084 4006 2152 4060 ut

590 4108 736 4164 sunt
764 4099 1086 4173 miracula,
1120 4104 1184 4159 et
1211 4116 1349 4178 quae
1384 4095 1566 4173 infra,
1601 4098 1751 4156 sect.
1781 4094 1841 4169 3,
1875 4111 2155 4155 commc-

590 4194 995 4267 morabimu5‚
1048 4198 1111 4253 et
1161 4190 1302 4252 ideo
1351 4206 1598 4268 semper
1646 4189 1814 4248 hunc
1870 4186 2156 4247 ordinem

590 4291 755 4350 Deus
781 4286 1150 4362 observavit,
1181 4292 1249 4346 ut
1276 4288 1518 4345 constat
1555 4282 1618 4343 in
1654 4279 2154 4363 promulgatione

594 4382 935 4461 Evangelii,
970 4387 1029 4443 et
1062 4381 1127 4441 in
1156 4376 1655 4460 promulgatione
1690 4373 1916 4436 veteris
1940 4374 2156 4435 Testa-

594 4477 809 4551 menti,
846 4480 905 4537 et
932 4474 1064 4535 fere
1097 4474 1161 4534 iu
1190 4472 1451 4553 singulis
1476 4470 1837 4551 Prophetis;
1870 4486 1943 4529 ac
1975 4466 2155 4529 deni-

594 4588 715 4647 que
748 4568 824 4628 de
848 4569 1051 4647 seipso
1074 4566 1225 4627 dixit
1248 4565 1523 4626 Christus
1544 4579 1559 4622 :
1593 4560 1675 4626 Si
1698 4580 1811 4625 non
1837 4561 2146 4635 venissem,

596 4664 653 4726 et
690 4662 924 4723 locutus
952 4662 1038 4723 eis
1064 4660 1321 4738 fuissem
1412 4660 1471 4719 et
1506 4655 1562 4718 si
1589 4674 1768 4737 opera
1814 4672 1931 4715 non
1973 4653 2156 4729 secis-

593 4771 713 4815 sem
741 4754 809 4815 iu
828 4754 936 4829 eis,
963 4770 1095 4833 quoe
1114 4751 1319 4813 nullus
1345 4750 1506 4812 alius
1524 4751 1688 4825 flacit,
1702 4752 2016 4829 peccat-um
2039 4762 2156 4806 non

594 4848 891 4909 haberent.
925 4844 1059 4905 Alio
1089 4843 1276 4907 modo
1305 4844 1607 4925 contingIt
1634 4841 1824 4903 fidem
1837 4841 1972 4921 jam
1990 4838 2156 4900 suffi-

597 4938 832 5000 cienter
864 4938 1266 5017 praedicatam
1310 4944 1371 4998 et
1422 4936 1859 5008 introductam,
1895 4932 2157 5012 singulis

597 5032 921 5112 praedicari
948 5038 1009 5094 et
1035 5034 1212 5113 quasi
1238 5032 1557 5112 applicari,
1591 5040 1651 5095 et
1675 5037 1825 5092 tunc
1854 5049 1980 5090 non
2012 5034 2158 5091 sunt

596 5126 949 5189 necessaria
969 5128 1276 5188 exteriora
1298 5126 1475 5207 signa
1494 5126 1716 5187 divinte
1742 5125 1982 5186 virtutis
2004 5142 2018 5195 ;
2045 5142 2158 5183 ne·

596 5221 935 5281 cessarium
972 5227 1181 5281 autem
1214 5228 1305 5281 est
1337 5226 1401 5282 ut
1439 5220 1645 5281 divina
1674 5219 1867 5281 virtus
1895 5217 2154 5278 interius

594 5312 847 5393 adjuvet
890 5320 951 5375 et
995 5320 1384 5393 cooperetur,
1420 5318 1487 5374 ut
1522 5311 1960 5392 unusquisque
1989 5310 2155 5370 suffi-

595 5407 831 5467 cienter
864 5407 1165 5487 percipiat
1218 5407 1705 5489 propositionem
1753 5404 1924 5480 fidei,
1968 5408 2029 5465 et
2075 5404 2151 5463 de

591 5500 695 5564 illa
725 5504 1171 5563 convenienter
1198 5500 1471 5583 judicet;
1504 5520 1653 5563 nam
1684 5506 1881 5563 totum
1906 5500 2025 5560 hoc
2059 5505 2151 5561 est

1176 349 1411 404 mseU'r.
1450 351 1531 405 w.
1568 350 1648 403 DE
1680 340 2124 401 PROPOSlTlONE
2157 338 2402 398 omnen
2435 348 2597 405 FIDE!
2629 349 3046 411 sufficiant-2.
3081 350 3214 407 ETC.

2233 461 2390 523 opus
2417 447 2596 509 valde
2622 451 3118 529 supernaturale,
3145 452 3310 533 quod
3329 454 3455 517 sine
3473 453 3729 536 peculiari

2233 540 2459 600 auxilio
2486 542 2700 621 gratiae
2731 544 3007 623 proestari
3041 562 3166 605 non
3192 552 3407 625 potest.
3439 550 3506 609 Et
3531 551 3634 612 hoc
3657 553 3732 613 in-

2233 630 2546 695 sinuatum
2574 642 2668 697 est
2697 638 2906 699 Actor.
2942 639 3039 713 16,
3074 656 3218 699 cum
3243 638 3320 699 de
3361 641 3609 719 quadam
3631 644 3730 707 foe-

2231 724 2399 786 mina
2422 727 2678 789 dicitur:
2711 728 2824 793 Cui
2843 730 3006 793 Deus
3025 732 3260 811 aperuit
3279 750 3400 807 cor,
3423 738 3489 795 ut
3509 735 3732 799 intende-

2230 827 2324 881 ret
2348 820 2442 883 Ιιίε
2477 840 2607 903 qum
2627 824 2978 889 dicebantur
2997 843 3036 887 a
3063 824 3286 897 Paulo,
3311 825 3480 903 quasi
3497 828 3602 889 hoc
3627 829 3733 893 fue-

2231 913 2310 973 rit
2361 914 2785 977 necessarium
2827 923 2894 977 ut
2936 914 3247 990 crederem
3296 936 3458 992 nam,
3508 927 3567 981 ut
3597 922 3736 985 idem

2233 1006 2461 1066 Pa’ulus
2491 1007 2664 1083 dixit,
2699 1012 2724 1069 1
2757 1008 2837 1070 ad
2865 1009 3137 1072 Corinth.
3172 1011 3242 1071 3:
3269 1010 3738 1093 Nequaquam-

2234 1102 2329 1161 ται
2367 1104 2457 1161 cst
2483 1100 2740 1180 aliquid,
2776 1120 2957 1183 nequo
2989 1102 3093 1183 qui
3113 1106 3309 1186 riyat,
3329 1106 3430 1167 sod
3458 1106 3553 1185 qui
3576 1107 3736 1171 iucre-

2229 1200 2494 1257 mentum
2520 1196 2644 1269 dac,
2668 1198 2868 1266 Deum
2895 1204 3150 1277 propter
3179 1198 3349 1277 quod
3370 1199 3513 1264 dixit
3527 1201 3592 1261 D.
3615 1201 3734 1265 Gre-

2232 1287 2465 1365 goriuS,
2504 1287 2717 1349 homil.
2757 1290 2839 1351 40
2875 1288 2938 1353 in
2969 1292 3304 1369 Evangel.:
3343 1292 3492 1355 Nisi
3533 1294 3572 1354 d
3593 1294 3736 1359 rinus

2235 1378 2515 1459 Spiritus
2540 1382 2709 1445 cordi
2745 1382 2910 1447 adsit
2935 1382 3260 1455 audientis,
3303 1384 3518 1450 otiosus
3541 1392 3625 1450 est
3638 1406 3737 1451 ser-

2229 1491 2323 1533 mo
2351 1474 2654 1545 doctoris,·
2697 1475 2842 1553 quia
2898 1476 3043 1553 licet
3085 1478 3470 1539 necessarius
3511 1480 3600 1553 sit,
3637 1501 3737 1544 non

2233 1566 2458 1627 sufficit
2512 1567 2644 1627 sine
2687 1568 2938 1647 spiritus
2997 1571 3450 1651 cooperatione.
3491 1573 3590 1635 His
3618 1593 3737 1656 ergo

2231 1660 2434 1721 modis
2465 1662 2803 1741 propositio
2821 1662 2966 1726 fidei
2994 1670 3088 1725 est
3118 1682 3153 1723 a
3173 1666 3326 1735 Dec,
3358 1665 3450 1727 vel
3464 1665 3742 1729 immedia-

2229 1751 2398 1835 tione
2423 1754 2748 1835 suppositi,
2782 1756 2876 1817 vel
2907 1756 3374 1819 immediatioue
3402 1758 3639 1821 virtutis,

2311 1850 2370 1907 7.
2421 1848 2668 1929 Satisfic
2705 1848 2923 1924 allatis
2952 1852 3020 1913 in
3051 1868 3218 1913 num.
3255 1853 3312 1913 1.
3355 1882 3435 1899 -
3473 1853 3742 1915 Adlocum

2227 1940 2529 2003 Jeremioe.
2561 1973 2644 1987 —
2669 1940 2863 2005 Aliud
2889 1948 2979 2008 est
3005 1942 3264 2007 interior
3289 1946 3579 2013 molatio,
3605 1946 3746 2011 alind

2231 2030 2692 2097 auxilium—A
2703 2036 2746 2097 d
2759 2034 2891 2102 loca
2911 2036 2963 2099 J
2959 2037 3382 2103 omnnia—Ad
3397 2044 3599 2101 coetera
3615 2040 3740 2101 loca.

2231 2158 2311 2171 -
2344 2128 2640 2207 Superest
2680 2128 3063 2209 respondere
3109 2131 3194 2193 ad
3233 2133 3462 2195 motiva
3501 2135 3742 2193 contrarii

2232 2223 2480 2285 erroris,
2511 2224 2585 2285 Et
2613 2225 2916 2304 imprimis
2947 2227 3374 2289 testimonium
3399 2228 3746 2291 Jeremiaeni·

2234 2315 2316 2375 hil
2346 2318 2427 2376 ad
2459 2318 2842 2397 propositum
2878 2318 3047 2392 facit,
3091 2320 3239 2401 quia
3285 2327 3354 2383 ut
3373 2322 3502 2400 jam
3529 2321 3586 2381 in
3621 2321 3746 2381 libro

2231 2412 2309 2470 10
2351 2409 2429 2470 de
2477 2410 2770 2485 Legibus,
2799 2430 2935 2491 cap.
2968 2413 3030 2489 3,
3073 2433 3250 2475 num.
3280 2415 3342 2487 8,
3373 2414 3744 2493 exposuimus»,

2229 2504 2312 2564 ibi
2349 2505 2700 2583 specialiter
2755 2508 3136 2587 promittitur
3181 2526 3418 2571 novum
3461 2514 3748 2571 testamen—

2231 2602 2388 2670 tum,
2422 2602 2485 2659 et
2523 2597 2624 2659 lex
2666 2600 3040 2681 Evangelica
3082 2602 3440 2663 hominibus
3463 2601 3746 2673 tradenda,

2235 2693 2302 2749 ut
2331 2690 2617 2769 exposuit
2659 2691 2912 2767 PauluS,
2945 2692 3028 2755 ad
3053 2695 3246 2756 Hebr.
3286 2696 3328 2755 8
3358 2699 3420 2757 et
3451 2694 3540 2757 10.
3584 2694 3748 2766 Unde,

2236 2784 2380 2862 quia
2407 2784 2540 2845 haec
2583 2785 2682 2850 lex
2709 2786 3162 2865 perfectissima
3208 2795 3272 2851 et
3311 2789 3569 2852 maxime
3609 2788 3752 2866 spiri·

2235 2878 2419 2939 tualis
2457 2878 2665 2941 futura
2710 2886 2866 2953 erat,
2911 2880 3052 2943 ideo
3093 2882 3322 2945 dicitur
3370 2882 3670 2945 scribenda
3703 2882 3752 2941 in

2237 2969 2527 3033 cordibus
2581 2980 2642 3037 et
2691 2974 3006 3037 mentibus
3055 2976 3420 3047 hominum;
3474 2995 3590 3037 non
3635 2974 3752 3052 quia

2235 3084 2362 3130 non
2389 3072 2553 3129 esset
2573 3068 2876 3131 tradenda
2899 3087 3013 3149 per
3035 3070 3412 3131 exteriorem
3429 3069 3751 3142 doctrinam,

2235 3158 2345 3221 sed
2381 3160 2550 3238 quia,
2598 3160 2916 3225 mediante
2947 3163 3140 3223 verbo
3189 3164 3302 3225 Dei
3351 3168 3616 3239 externe,
3647 3167 3756 3223 erat

2235 3252 2528 3315 cordibus
2577 3254 3026 3335 imprimenda3
3073 3255 3432 3319 insinuatur
3479 3255 3648 3317 etiam
3691 3255 3755 3315 ibi

2235 3344 2620 3408 abundantia
2639 3346 2862 3409 divinae
2881 3346 3174 3411 doctrinae
3195 3348 3410 3411 futura
3427 3349 3488 3411 in
3515 3354 3756 3426 tempore

2233 3439 2392 3519 legis
2419 3440 2659 3521 gratiae,
2689 3448 2752 3503 et
2779 3444 3088 3523 praecipue
3112 3443 3180 3502 in
3207 3442 3408 3514 initio,
3441 3444 3503 3503 in
3529 3442 3760 3523 ipsomet

2235 3534 2476 3597 Messiae
2542 3534 2846 3613 adventu,
2901 3542 2972 3597 ut
3028 3536 3151 3597 late
3204 3541 3268 3596 et
3325 3536 3484 3599 bene
3535 3535 3760 3615 explicat

2237 3626 2602 3689 Franciscus
2631 3628 2878 3704 Ribera,
2909 3628 2991 3689 ad
3017 3626 3206 3691 Hebr.
3239 3630 3300 3689 8.
3338 3628 3609 3709 Denique
3647 3644 3764 3706 pro·

2235 3720 2495 3782 mittitur
2538 3739 2612 3783 eo
2641 3718 2779 3785 loco
2818 3720 3154 3801 peculiaris
3195 3722 3425 3801 gratia,
3457 3727 3520 3784 et
3552 3722 3764 3783 interna

2235 3814 2500 3893 Spiritus
2529 3814 2735 3877 Sancti
2778 3814 3172 3887 illmninatiO,
3204 3813 3418 3877 danda
3447 3814 3764 3875 hominibus

2236 3908 2300 3968 in
2341 3909 2460 3970 boc
2491 3913 2772 3988 tempore
2813 3909 2972 3989 legis
3002 3909 3236 3990 gratiae,
3275 3910 3363 3971 ad
3403 3908 3692 3971 credenda
3717 3911 3767 3966 et

2233 4001 2640 4081 intelligenda
2683 4002 2982 4082 mysteria
3028 4020 3170 4081 quoe
3197 4002 3318 4064 illis
3361 4002 3762 4082 praedicantur,

2227 4096 2407 4175 juxta
2453 4094 2604 4155 illud
2645 4094 2803 4156 Joel.
2833 4096 2911 4155 2:
2944 4094 3288 4175 Effundam
3318 4097 3389 4159 de
3412 4095 3630 4175 spiritu
3663 4107 3765 4152 mco

2235 4205 2416 4269 super
2443 4204 2670 4251 omnem
2699 4204 2937 4253 carnem
2957 4210 2984 4263 ,·
3017 4187 3184 4252 unde
3224 4188 3290 4249 in
3337 4188 3458 4249 hoc
3499 4186 3666 4249 valde
3691 4202 3767 4245 er-

2235 4287 2378 4341 rant
2407 4279 2707 4354 haeretici,
2732 4299 2880 4343 nam
2911 4279 3300 4344 confundunt
3331 4282 3637 4343 internum
3663 4275 3768 4355 spi·

2236 4376 2422 4435 ritum
2491 4379 2552 4434 et
2592 4373 2898 4435 auxilium
2947 4373 3162 4455 gratiae
3241 4374 3652 4437 necessarium
3701 4367 3768 4429 ad

2235 4466 2619 4529 credendum
2645 4511 2660 4540 ,
2711 4485 2855 4529 cum
2901 4467 3146 4531 interna
3193 4469 3594 4531 revelatione.
3639 4464 3768 4525 Cum

2237 4567 2448 4624 tamen
2480 4562 2616 4623 haec
2643 4561 2768 4623 duo
2799 4560 2979 4625 valde
3005 4561 3252 4625 diversa
3279 4562 3427 4638 sint,
3453 4580 3596 4625 nam
3621 4556 3772 4623 auxi-

2237 4655 2390 4715 lium
2407 4654 2723 4717 internum
2749 4654 2988 4735 gratiae,
3006 4655 3072 4716 in
3093 4655 3354 4737 singulis
3381 4653 3770 4719 necessarium

2239 4754 2332 4809 est
2373 4752 2440 4811 ut
2475 4748 2771 4823 credant;
2809 4748 3142 4829 singularis
3184 4767 3332 4810 vero
3379 4748 3664 4811 revelatio
3695 4746 3772 4805 in-

2237 4845 2440 4914 terna,
2467 4859 2615 4921 quae.
2648 4859 2762 4920 per
2803 4860 2988 4903 aures
3027 4842 3303 4923 corporis
3330 4862 3458 4905 non
3494 4839 3773 4922 ingredia-

2235 4940 2360 5010 tur,
2410 4952 2538 4995 non
2581 4952 2830 5013 semper
2875 4953 2991 4997 nec
3028 4934 3402 5015 regulariter
3445 4931 3771 4999 necessaria

2239 5034 2353 5103 est,
2385 5034 2452 5089 ut
2480 5028 2768 5091 diximus.
2802 5028 2878 5089 Et
2911 5028 3056 5091 inde
3087 5029 3393 5093 sumenda
3419 5035 3516 5093 est
3537 5044 3766 5109 respon·

2237 5125 2327 5185 sio
2356 5122 2438 5185 ad
2467 5124 2812 5185 secundum
2848 5122 3298 5202 testimonium,
3329 5143 3406 5187 ex
3447 5128 3474 5185 1
3506 5126 3676 5186 Joan.
3706 5122 3768 5193 ἒς

2235 5236 2382 5279 nam
2411 5216 2494 5277 ibi
2523 5216 2853 5283 unctionem
2885 5214 3145 5297 spiritus
3175 5224 3354 5282 vocat
3377 5218 3665 5288 JoanneS‚
3696 5214 3771 5273 iu-

2234 5316 2479 5371 ternam
2521 5306 3029 5389 inspirationem;
3073 5328 3220 5371 nam
3255 5330 3370 5391 per
3409 5311 3573 5376 illam
3602 5309 3770 5369 homo

2234 5402 2618 5467 illuminatur
2671 5406 2732 5463 et
2773 5403 3031 5481 juvatur
3077 5402 3161 5466 ad
3215 5401 3632 5473 credendum;
3678 5399 3770 5460 illa

2232 5515 2379 5557 vero
2430 5494 2636 5557 unctio
2685 5495 2978 5575 supponit
3028 5497 3400 5559 exteriorem
3446 5495 3769 5559 doctrinam
