3900 6217
408 380 487 443 10
1066 384 1304 441 ΒΙὸΡΰΤ.
1341 388 1381 439 Ι.
1418 387 1499 440 DE
1532 386 1796 440 omnem
1828 386 2020 441 HUJUS
2052 388 2420 447 ‘l'nAcTA‘ms
2450 392 2532 445 m·
2565 392 2789 453 vanus.
2825 392 2962 445 ETC.

405 492 581 551 notat
606 487 964 567 CajetanuS,
1002 508 1067 569 q.
1100 493 1236 564 113,
1271 490 1339 552 in
1364 490 1709 571 principio;
1754 497 1817 553 et
1844 492 1977 554 An-

403 582 628 657 tonin„
658 584 700 646 4
725 601 819 662 p.,
840 583 935 647 tit.
967 585 1028 657 ὃ,
1084 603 1223 665 cap.
1257 586 1372 659 16;
1406 586 1577 648 etita
1619 586 1871 660 Paulus,
1906 585 1974 646 in

404 674 470 741 d.
496 676 635 737 loco
678 676 761 737 ad
809 678 1125 741 Romanos
1173 669 1383 755 tertio,
1416 685 1487 740 ut
1520 680 1743 759 probet
1777 676 1972 740 fidem

407 769 519 831 Dei
540 788 670 831 non
696 770 1011 844 evacuari,
1049 771 1234 833 dicitt
1270 774 1397 836 Est
1424 778 1627 835 autem
1669 772 1835 835 Deus
1871 790 1972 835 ve-

404 879 561 935 mat,-
578 869 641 925 et
655 864 997 945 Apocalyp.
1022 867 1119 937 10,
1140 865 1417 927 Christus
1432 865 1783 946 appellatur
1798 865 1972 929 tostis

388 957 629 1036 fidelis,
660 957 837 1019 idest
865 976 1077 1020 verax.
1108 960 1185 1021 Et
1221 959 1368 1021 hinc
1398 959 1657 1021 ulterius
1689 959 1974 1022 extendi-

401 1056 507 1111 tur
529 1051 664 1113 haec
698 1068 819 1113 vox
851 1051 931 1112 ad
968 1051 1449 1132 significandum
1475 1052 1789 1133 objectum
1813 1052 1976 1116 fide-

402 1143 613 1219 litatis,
645 1162 760 1207 seu
798 1145 1100 1220 veritam,
1141 1149 1205 1206 et
1244 1145 1332 1207 sic
1360 1145 1585 1209 dicitur
1618 1146 1972 1227 significare

402 1235 889 1317 promissionem
923 1239 1149 1317 ipsam,
1190 1244 1503 1318 quatenus
1547 1240 1717 1302 fideli
1766 1240 1972 1303 inten-

404 1329 571 1392 tione
598 1330 735 1393 fieri
760 1331 971 1407 debet,
1010 1337 1075 1393 et
1096 1338 1316 1413 postea
1340 1333 1587 1413 impleri
1610 1352 1627 1407 ;
1662 1340 1725 1396 et
1753 1333 1842 1395 sic
1878 1334 1972 1395 in-

402 1424 690 1505 telligunt
740 1425 921 1487 multi
952 1426 1140 1487 citata
1175 1426 1405 1489 verba:
1444 1429 1729 1491 Primam
1784 1428 1969 1506 fidem

399 1517 647 1582 ior-itam
668 1523 939 1598 fecerunt
951 1546 979 1593 ,·
1020 1524 1083 1581 et
1114 1520 1339 1583 eodem
1378 1521 1567 1585 modo
1610 1521 1769 1584 solet
1807 1520 1968 1583 fides

404 1612 655 1675 attribui
682 1612 893 1675 verbis
930 1613 1081 1692 ipsis
1113 1619 1423 1694 quatenus
1463 1616 1527 1675 in
1562 1615 1713 1695 ipsis
1744 1619 1841 1677 est
1863 1615 1978 1695 ire-¹

406 1706 554 1769 ritas
592 1707 899 1787 objectiva
936 1714 1229 1788 respectu
1256 1709 1499 1771 virtutis
1528 1710 1785 1771 moralis
1808 1710 1966 1771 veri-

402 1799 567 1861 tatis,
602 1800 703 1861 Sic
732 1799 956 1863 dicitur
980 1802 1267 1864 Jeremiae
1288 1804 1587 1882 septimo:
1646 1804 1851 1867 Periit
1884 1804 1966 1881 fi-

402 1894 523 1966 des,
555 1898 615 1957 et
639 1911 757 1956 mm
783 1896 1139 1959 estimenta
1163 1897 1233 1957 ia
1260 1915 1358 1960 ore
1379 1914 1601 1959 eorum.
1627 1898 1960 1972 Praeterea,

403 1986 551 2065 quia
576 1987 643 2048 in
684 2006 1085 2067 quocumque
1122 2007 1383 2051 munere
1411 1995 1581 2052 recte
1604 1991 1962 2070 praestando

401 2080 715 2143 invenitur
746 2082 1035 2160 quiedam
1062 2082 1319 2145 moralis
1346 2084 1664 2162 obligatio,
1698 2089 1761 2146 et
1782 2085 1964 2163 quasi

402 2172 699 2254 implicita
728 2176 957 2255 pactio,
987 2176 1158 2252 idae,
1202 2177 1309 2257 qui
1338 2173 1638 2239 satisfacit
1678 2196 1791 2239 suo
1824 2195 1966 2239 mu-

402 2268 564 2341 neri,
624 2268 783 2331 solet
833 2268 1036 2331 fidelis
1082 2271 1405 2350 appellari,
1478 2272 1651 2351 quod
1698 2277 1793 2333 est
1840 2271 1966 2332 fre-

404 2378 609 2438 quens
646 2361 725 2423 in
770 2363 1131 2443 Evangelio,
1184 2365 1404 2427 Matth.
1451 2366 1553 2438 25,
1590 2370 1652 2426 et
1674 2365 1819 2427 Luc.
1850 2368 1960 2429 19:

401 2454 603 2537 Euae,
638 2472 807 2519 serve
827 2458 967 2519 bone
1006 2462 1065 2521 et
1084 2458 1331 2536 fiddis,·
1379 2461 1410 2518 1
1462 2458 1543 2519 ad
1582 2458 1853 2520 Corinth.
1888 2461 1960 2519 4:

401 2548 533 2611 Hic
564 2550 704 2629 jam
751 2550 1049 2630 qum-itur
1092 2550 1257 2615 iuter
1290 2551 1755 2635 dispensatores,
1795 2557 1868 2616 ut
1887 2552 1968 2629 fi-

403 2642 557 2705 dolis
580 2642 1113 2723 querimoniarum.
1145 2644 1452 2724 Denique,
1490 2644 1637 2724 quia
1678 2645 1966 2725 proxima

405 2734 701 2814 obligatio
752 2742 921 2799 recte
964 2738 1267 2815 operandi
1320 2756 1399 2799 ex
1438 2738 1820 2801 conscientia
1848 2756 1966 2799 na-

404 2828 618 2903 scitur,
665 2829 823 2891 solet
870 2830 1059 2891 etiam
1108 2832 1489 2893 conscientia
1530 2832 1782 2893 nomine
1814 2830 1964 2892 fidei

404 2920 763 2999 significari,
796 2923 879 2984 ad
908 2926 1087 2985 Rom.
1126 2927 1237 2987 ¹4:
1268 2923 1439 2999 Quod
1472 2942 1590 2987 non
1618 2930 1709 2989 est
1728 2942 1800 2987 em
1821 2926 1962 3005 fide,

395 3019 711 3097 peccatm
735 3022 850 3093 est,
882 3016 949 3079 id
976 3022 1092 3090 est,
1134 3018 1304 3096 quod
1346 3037 1471 3079 non
1502 3022 1594 3080 est
1618 3018 1968 3079 secundum

406 3108 872 3182 conscientiam,
928 3112 1213 3189 quamvis
1258 3112 1392 3172 haec
1434 3111 1725 3173 deductio
1769 3112 1970 3191 possit

406 3202 595 3263 etiam
644 3202 895 3266 aliunde
926 3204 1110 3278 sumi,
1141 3209 1212 3265 ut
1263 3205 1471 3265 statim
1504 3203 1731 3265 dicam.
1798 3206 1968 3267 Solet

406 3296 594 3357 etiam
614 3294 773 3358 fides
788 3296 1037 3359 attribui
1058 3298 1323 3377 publicis
1335 3298 1788 3373 instrumentis,
1808 3300 1970 3361 sicut

406 3389 638 3451 suntin
664 3390 809 3469 jure
838 3390 997 3452 tituli
1024 3393 1093 3455 de
1114 3380 1275 3455 Fido
1298 3392 1714 3467 imtowmmt„
1746 3399 1968 3472 quate-

404 3501 527 3545 nus
554 3482 619 3543 in
646 3483 739 3545 eis
766 3488 861 3545 est
886 3484 1117 3547 veritas
1152 3484 1477 3547 moraliter
1510 3490 1702 3559 certa,
1732 3492 1796 3548 et
1822 3504 1969 3548 con-

404 3582 743 3656 sequenter
760 3577 1095 3639 auctoritas
1122 3577 1437 3641 sufficiens
1462 3578 1544 3640 ad
1572 3580 1968 3659 probandam

404 3670 768 3744 veritatem3
806 3687 945 3750 quae
988 3672 1202 3733 omnia
1242 3678 1526 3751 spectant
1574 3673 1659 3734 ad
1698 3673 1970 3753 primam

402 3763 579 3827 illam
606 3764 797 3845 hujus
820 3764 991 3829 vocis
1018 3764 1539 3847 significationem
1570 3765 1652 3827 ad
1678 3766 1970 3828 volunta-

404 3862 535 3921 tem
560 3858 1001 3937 pertinentem.

488 3952 548 4029 Β.
576 3948 787 4025 Quoad
794 3952 1203 4033 siynificatum
1218 3952 1465 4033 Μυσίαν
1476 3952 1590 4017 alii
1608 3952 1963 4017 amittunt.

406 4076 489 4095 -
515 4045 604 4107 De
640 4044 838 4107 altera
877 4062 1031 4108 vero
1068 4046 1421 4125 pertinente
1461 4046 1545 4108 ad
1572 4046 1970 4129 significatio·

406 4154 557 4201 nem
592 4137 858 4213 fiduciae,
892 4144 987 4201 est
1034 4140 1455 4201 controversia
1508 4158 1639 4204 non
1688 4146 1972 4203 contem-

407 4231 621 4295 nenda
690 4236 948 4312 propter
1001 4232 1327 4295 haereticos
1378 4233 1567 4315 hujus
1618 4233 1919 4313 temporis
1946 4278 1966 4309 ,

407 4324 517 4405 qui
542 4324 887 4389 abutuntur
907 4325 1029 4387 hac
1054 4325 1535 4407 significatione,
1560 4333 1623 4390 et
1640 4328 1708 4391 in
1735 4328 1843 4389 illa
1858 4344 1974 4388 vo-

405 4420 545 4482 lunt
591 4418 788 4499 accipi
831 4436 1067 4481 nomen
1114 4419 1261 4483 fidei
1304 4420 1370 4483 in
1410 4422 1731 4502 Scriptura
1762 4438 1966 4494 sacra,

405 4514 787 4591 ubicumque
814 4511 897 4577 de
920 4512 1045 4577 fide
1062 4513 1445 4595 justificante
1468 4515 1762 4597 loquitur.
1793 4512 1972 4577 Multi

406 4625 558 4670 vero
600 4606 918 4679 Catholici,
958 4608 1106 4670 licet
1138 4608 1205 4669 iu
1245 4609 1367 4671 hoc
1396 4610 1477 4671 ab
1504 4609 1815 4671 haereticis
1842 4609 1972 4670 dis-

406 4706 685 4782 crepent,
730 4706 955 4781 putant
1000 4718 1164 4781 saepe
1208 4700 1403 4781 accipi
1450 4703 1517 4764 in
1546 4703 1867 4782 Scriptura
1894 4701 1971 4765 fi-

405 4795 553 4857 dem
574 4812 689 4874 pro
704 4794 971 4857 fiducia:
996 4795 1083 4857 ita
1110 4800 1284 4859 tenet
1309 4798 1484 4876 Vega
1512 4814 1725 4877 supra,
1764 4802 1826 4859 et
1852 4796 1964 4858 lib.

406 4890 448 4952 9
467 4888 533 4949 in
551 4888 1003 4963 Tridentinum,
1032 4888 1171 4969 ca'p.
1203 4890 1315 4961 a&
1354 4896 1419 4951 et
1446 4890 1678 4965 Casal.,
1704 4889 1785 4951 de
1810 4888 1970 4961 Qua-

407 4981 664 5064 dripart.
695 4982 921 5063 justit„
950 4990 977 5045 1
1002 5000 1096 5062 p.,
1122 4983 1229 5044 lih.
1256 4985 1319 5056 2,
1342 5000 1481 5061 cap.
1510 4986 1583 5057 53
1608 4990 1673 5045 et
1692 4983 1869 5045 Jans.
1904 4983 1972 5043 in

408 5077 735 5151 Concord.,
768 5094 907 5155 cap.
936 5078 1039 5149 30,
1090 5076 1169 5138 32
1213 5082 1277 5138 et
1310 5077 1418 5149 353
1450 5082 1513 5139 et
1550 5076 1837 5153 moderni
1866 5092 1970 5137 ex·

406 5168 714 5249 positores
762 5169 890 5231 divi
932 5170 1185 5233 Thomoe
1232 5170 1294 5231 2.
1324 5172 1387 5241 2,
1440 5170 1506 5232 in
1530 5170 1871 5253 principi03
1908 5170 1973 5231 et

403 5264 729 5345 praecipue.
766 5264 1087 5327 adducunt
1146 5262 1301 5324 illud
1320 5264 1355 5325 J
1360 5264 1538 5325 acohi
1562 5265 1803 5345 primo:
1850 5263 1972 5327 Po·

404 5358 591 5425 scelat
614 5362 815 5422 autom
837 5359 909 5421 in
928 5358 1047 5439 fide
1082 5356 1240 5421 nim
1282 5358 1598 5432 hoesitans,
1636 5356 1785 5437 quia
1811 5354 1970 5419 fides

404 5448 709 5513 catholiea
750 5468 881 5512 non
912 5450 1105 5512 habet
1138 5468 1255 5531 pro
1302 5452 1548 5531 objecto
1588 5450 1971 5531 impetratio-

404 5561 555 5625 nem
598 5542 920 5619 orationis,
974 5550 1045 5609 ut
1070 5548 1241 5611 certo
1267 5544 1482 5609 credat
1504 5543 1677 5609 illam
1718 5560 1859 5613 esse
1874 5542 1970 5611 fu-

2053 497 2294 567 turam;
2324 512 2476 573 ergo
2496 511 2625 554 non
2644 499 2851 573 potest
2871 493 2938 553 in
2959 492 3080 555 hoc
3104 512 3295 556 sensu
3315 492 3620 573 postulari

2053 604 2094 647 a
2117 586 2288 649 fideli
2321 590 2562 661 orante,
2603 593 2676 648 ut
2704 604 2832 647 non
2875 586 3118 649 haesitet
3157 588 3222 647 in
3250 586 3416 661 fide:
3463 606 3619 668 ergo

2051 699 2274 743 sensus
2303 688 2396 743 est
2414 686 2486 742 ut
2505 699 2633 742 non
2656 681 2902 741 haesitet
2929 680 2997 741 in
3017 679 3266 741 fiducia.
3287 680 3618 753 Quomodo

2049 774 2296 835 videtur
2324 774 2514 835 etiam
2541 772 2801 853 intelligi
2840 772 2995 835 illud
3036 775 3181 835 Luc.
3229 774 3472 835 decimo
3523 792 3620 835 sc-

1996 856 2006 871 “
2050 868 2276 947 ptimo:
2309 864 2732 931 Silam-itis
2751 867 2950 947 fidem,
2979 873 3126 943 etc.,
3157 884 3282 927 non
3315 867 3486 929 enim
3509 886 3620 947 po-

2049 968 2174 1025 test
2201 963 2280 1025 de
2311 961 2677 1025 credulitate
2723 962 3005 1041 intelligi,
3061 967 3124 1023 et
3163 969 3420 1043 propter
3445 980 3620 1024 eam-

2052 1056 2202 1119 dem
2243 1056 2578 1131 rationem‚
2611 1060 2672 1115 et
2701 1054 2849 1135 quia
2875 1073 3006 1117 non
3029 1055 3234 1116 omnis
3261 1056 3370 1133 qui
3393 1056 3614 1129 credit,

2052 1150 2348 1231 impetrat
2363 1150 2756 1223 miraculum,
2789 1148 2902 1211 sed
2927 1150 3036 1227 qui
3063 1150 3254 1211 hahet
3276 1148 3616 1229 specialem

2051 1244 2376 1319 fiduciam3
2413 1250 2476 1306 et
2519 1244 2600 1307 de
2641 1243 2762 1304 hac
2819 1242 3010 1304 etiam
3055 1240 3300 1303 videtur
3351 1242 3618 1323 intelligi

2050 1340 2456 1421 reprehensio
2485 1338 2733 1413 Christi,
2763 1336 2983 1401 Matth.
3017 1338 3125 1398 14:
3165 1336 3426 1400 Modicoe
3441 1339 3611 1417 fidei,

2049 1450 2234 1515 quare
2257 1433 2591 1498 dubitasti?
2631 1450 2761 1493 non
2791 1430 2960 1492 enim
3001 1433 3206 1510 potest
3235 1430 3500 1511 intelligi
3536 1431 3616 1493 de

2047 1525 2432 1587 dubitatione
2475 1524 2542 1586 in
2572 1542 2837 1587 assensu
2863 1522 3012 1585 fidei
3049 1523 3298 1599 divinae,
3329 1523 3478 1603 quia
3510 1522 3618 1585 illa

2045 1619 2350 1682 dubitatio
2379 1618 2721 1699 corrumpit
2746 1617 2969 1691 fidem3
3011 1616 3182 1678 unde
3209 1634 3342 1679 non
3375 1616 3622 1679 dicere-

2045 1719 2150 1775 tur
2196 1715 2286 1775 sic
2335 1713 2628 1775 dubitans
2687 1710 2950 1773 modicae
3001 1710 3186 1785 fidei,
3233 1711 3347 1772 sed
3379 1711 3617 1773 nullius

2044 1807 2214 1882 fidei,
2257 1812 2320 1869 et
2349 1808 2538 1888 plane
2577 1805 2874 1876 infidelis3
2919 1804 3282 1883 intelligitur
3327 1823 3480 1885 ergo
3536 1805 3616 1869 de

2045 1899 2460 1979 trepidatione
2503 1900 2568 1959 in
2597 1898 2860 1971 fiducia3
2915 1898 3096 1977 cujus
3141 1898 3332 1957 etiam
3359 1898 3614 1977 signum

2046 2001 2162 2066 est,
2217 1994 2366 2073 quia
2417 1993 2524 2053 illa
2572 1991 2877 2053 dubitatio
2909 1997 3045 2052 orta
3087 1990 3203 2052 fuit
3246 2007 3323 2051 ex
3354 1990 3610 2063 timore;

2046 2106 2218 2163 nam,
2263 2094 2334 2149 ut
2359 2088 2442 2148 ihi
2473 2086 2719 2158 dicitur,
2765 2103 2900 2148 oum
2934 2085 3187 2148 vidisset
3215 2083 3442 2146 Petrus
3469 2100 3616 2145 ven-

2046 2189 2176 2248 tum
2198 2182 2492 2253 validum,
2529 2180 2770 2252 timuit,·
2805 2179 2996 2240 timor
3021 2183 3237 2238 autem
3273 2176 3626 2275 opponitug

2042 2275 2312 2349 flduciae,
2341 2281 2406 2336 ut
2431 2272 2642 2335 docuit
2668 2272 2848 2334 divus
2880 2272 3153 2332 Thomas
3177 2270 3385 2331 statim
3415 2270 3613 2329 citan-

2045 2370 2186 2431 duS.
2220 2368 2478 2431 Accedit
2503 2367 2673 2447 quod
2697 2384 2814 2427 usu
2831 2364 3215 2439 Latinorum,
3246 2367 3405 2425 teste
3435 2362 3616 2424 Cale-

2044 2464 2219 2543 pino,
2247 2462 2550 2542 accipitur
2579 2460 2769 2522 etiam
2793 2459 2950 2521 fides
2971 2476 3084 2537 pro
3111 2458 3364 2530 fiducia,
3396 2457 3507 2517 uhi
3531 2456 3614 2517 ad

2045 2558 2166 2617 hoc
2195 2554 2386 2617 refert
2411 2554 2796 2626 Ciceronem,
2827 2570 2942 2633 pro
2983 2551 3208 2623 Quinto
3248 2548 3489 2629 Ligario
3519 2548 3616 2608 di-

2047 2655 2294 2711 centem
2316 2666 2329 2709 :
2359 2644 2842 2713 Animadvertite
2863 2662 2982 2726 qua
2999 2646 3119 2726 fide
3152 2643 3458 2721 defendam
3477 2641 3614 2721 ejus

2044 2760 2313 2818 causam,
2351 2742 2460 2823 qui
2482 2742 2666 2821 prodo
2697 2756 2912 2812 meam,
2945 2743 3008 2798 et
3037 2736 3282 2797 similia.

2125 2838 2188 2899 6.
2232 2835 2366 2898 Alii
2395 2834 2705 2916 rejiciunt,
2735 2834 2842 2914 qui
2876 2830 3074 2913 maffia
3105 2824 3619 2893 arrident—Fi-

2047 2930 2227 2995 ducia
2263 2926 2670 3010 distinquitur
2697 2944 2738 2989 a
2767 2926 2888 3003 fide
2927 2922 3242 2989 catholica.
3275 2954 3356 2969 -
3383 2918 3615 2981 Nihilo-

2047 3024 2258 3086 minus
2274 3022 2377 3082 alii
2391 3020 2690 3100 Theologi
2719 3038 2846 3080 non
2879 3018 3216 3079 admittunt
3244 3016 3408 3075 hanc
3427 3014 3616 3094 signi-

2047 3110 2404 3178 ficationem
2429 3112 2600 3187 fidei,
2629 3112 2853 3173 saltem
2883 3112 2948 3172 in
2978 3130 3099 3172 usu
3129 3109 3487 3189 Scripturas.
3521 3108 3616 3169 Ita

2047 3214 2224 3273 tenet
2253 3209 2424 3281 Sot0,
2454 3207 2613 3267 libro
2653 3208 2694 3267 2
2723 3206 2802 3267 de
2835 3206 2972 3266 Nat.
3010 3210 3073 3265 et
3099 3202 3321 3283 gratia,
3363 3219 3502 3280 cap.
3539 3202 3614 3273 6;

2049 3308 2112 3365 et
2154 3304 2440 3373 Hei-ant„
2489 3299 2570 3360 de
2597 3298 2774 3360 Locis
2803 3297 3144 3370 catholicis,
3175 3296 3335 3357 libro
3379 3292 3610 3374 primo,

2048 3413 2186 3475 cap.
2221 3396 2330 3468 643
2365 3400 2428 3454 et
2471 3392 2754 3454 defendit
2796 3393 2921 3454 late
2961 3390 3396 3459 Bellarminus‚
3453 3388 3616 3447 libro

2047 3490 2252 3569 primo
2303 3487 2382 3548 de
2418 3486 2604 3560 Just„
2645 3502 2783 3565 cap.
2834 3489 2934 3561 11,
2975 3500 3244 3565 quorum
3273 3481 3613 3555 sententia,

2047 3581 2196 3643 licet
2219 3580 2484 3642 fortasse
2514 3580 2871 3641 necessaria
2912 3596 3044 3639 non
3079 3578 3178 3651 sit,
3215 3574 3370 3635 mihi
3397 3580 3614 3635 tamen

2047 3674 2296 3737 videtur
2319 3672 2504 3734 valde
2531 3672 2634 3751 pia
2666 3675 2730 3734 et
2765 3669 3127 3751 probabilis,
3173 3675 3236 3731 et
3277 3668 3361 3729 ad
3397 3668 3618 3729 confu-

2049 3767 2274 3831 tandos
2311 3766 2644 3827 haereticos
2675 3766 2878 3845 magis
2915 3763 3407 3835 accommodata,
3443 3765 3508 3823 et
3535 3761 3618 3822 ad

2047 3860 2436 3940 loquendum
2461 3860 2827 3940 simplicius,
2851 3865 2936 3931 et,
2963 3865 3032 3921 ut
3053 3858 3142 3919 sic
3159 3858 3389 3932 dicam,
3408 3855 3618 3935 magis

2049 3956 2184 4016 sine
2231 3953 2638 4031 ambiguitate
2687 3953 2756 4012 in
2786 3952 2907 4013 hac
2952 3950 3235 4013 materia.
3298 3950 3394 4011 Ad
3439 3948 3616 4010 illam

2047 4066 2200 4111 vero
2256 4044 2712 4126 explicandam,
2751 4046 3058 4125 imprimis
3101 4061 3410 4124 suppono,
3441 4043 3620 4123 quod

2049 4141 2134 4203 ad
2149 4160 2286 4203 rem
2309 4141 2510 4221 ipsam
2531 4140 2771 4213 attinet,
2798 4139 3094 4201 fiduciam
3128 4156 3267 4200 esse
3291 4138 3355 4197 in
3383 4138 3616 4216 reipsa

2051 4235 2287 4316 aliquid
2329 4234 2691 4297 distinctum
2717 4250 2756 4293 a
2795 4231 2920 4295 fide
2949 4231 3255 4294 catholica
3295 4246 3408 4292 seu
3425 4230 3620 4309 justi-

2050 4328 2302 4393 ficante.
2355 4328 2488 4389 Hoc
2512 4326 2700 4407 plane
2729 4325 3042 4405 colligitur
3074 4342 3152 4387 ex
3177 4322 3448 4386 Concilio
3474 4324 3618 4385 Tri-

2049 4422 2332 4495 dentino,
2369 4438 2524 4483 sess.
2551 4424 2618 4494 6,
2649 4436 2788 4501 cap.
2823 4418 2888 4497 8,
2905 4418 3138 4500 junctis
3182 4434 3408 4480 canon.
3441 4419 3506 4493 9,
3539 4419 3616 4479 ¹2

2051 4521 2114 4578 et
2141 4518 2240 4590 13,
2291 4514 2398 4576 uhi
2444 4514 2702 4577 damnat
2751 4512 3031 4574 dicentes
3076 4510 3276 4573 solam
3319 4510 3616 4573 fiduciam

2045 4607 2423 4690 justificare3
2457 4612 2524 4670 et
2547 4605 2736 4668 fldem
2779 4607 2957 4686 ponit
2976 4612 3046 4668 ut
3069 4606 3338 4686 primum
3363 4606 3617 4686 justitia

2049 4702 2552 4764 fundamentum.
2601 4700 2842 4763 Deinde
2871 4706 2968 4763 est
2989 4701 3296 4780 optimum
3334 4700 3616 4763 testimo—

2049 4795 2226 4858 nium
2255 4796 2452 4870 Pauli,
2485 4800 2516 4857 1
2551 4795 2634 4857 ad
2671 4794 2943 4876 Timoth3
2985 4796 3057 4857 3:
3103 4793 3222 4869 Qui
3266 4794 3404 4857 bem
3434 4794 3616 4857 mini·

2048 4890 2404 4963 straverint,
2452 4889 2712 4974 φαάνθη
2759 4888 2974 4951 boumn
3011 4886 3130 4951 sibi
3170 4888 3507 4969 acquirent,
3557 4891 3618 4951 et

2044 4982 2332 5065 fiduciam
2371 4985 2441 5046 in
2465 4984 2605 5064 fide.
2665 4982 2802 5045 Non
2837 4985 2932 5042 est
2973 4998 3122 5060 ergo
3159 4980 3392 5043 fiducia
3430 4978 3612 5051 fides,

2050 5094 2180 5139 non
2207 5076 2380 5139 enim
2397 5083 2572 5139 recte
2601 5075 2893 5137 dixisset:
2925 5076 3022 5140 Et
3045 5075 3336 5154 fiduciam
3365 5075 3436 5137 in
3467 5074 3610 5151 fide.

2050 5172 2128 5233 Et
2149 5170 2233 5232 ad
2258 5171 2491 5251 Ephes.
2525 5171 2588 5243 3,
2619 5168 2768 5231 dicit
2793 5166 3092 5231 fiduciam
3137 5168 3206 5229 in
3233 5166 3472 5230 Christo
3501 5169 3617 5228 ha-

2051 5263 2187 5326 beri
2227 5280 2343 5326 seu
2389 5262 2740 5344 comparari
2791 5278 2907 5341 per
2945 5258 3174 5335 fidem3
3227 5278 3380 5341 ergo
3409 5265 3506 5323 est
3533 5260 3618 5322 ab

2051 5356 2158 5419 illa
2185 5356 2496 5419 distincta.
3459 5400 3468 5411 .

2132 5452 2192 5511 7.
2235 5448 2498 5514 Rauda
2538 5452 2631 5513 eet
2656 5448 2940 5513 roborata
2955 5464 3114 5531 spes.
3145 5478 3226 5495 -—
3243 5446 3482 5509 Deinde
3509 5446 3621 5509 ad-

2051 5542 2334 5617 dendum
2385 5549 2482 5615 est
2525 5540 2846 5618 fiduciam,
2903 5546 3092 5633 prout
3133 5540 3540 5633 distinguitur
3578 5560 3618 5610 a
