3900 6217
498 384 615 449 136

498 494 699 570 gratia
732 492 947 554 haberi
972 511 1099 553 non
1140 498 1363 574 potest,
1388 498 1547 555 teste
1574 492 1948 571 Augustino,
1983 490 2062 553 de

499 586 785 649 Praedcst.
817 588 1052 663 Sanct„
1086 606 1221 667 cap.
1275 592 1335 664 1,
1366 607 1445 650 ex
1482 586 1612 663 illo,
1662 587 1744 649 ad
1790 586 2058 665 Philipp.

494 682 565 741 2:
598 681 745 745 Non
778 698 984 743 sumus
1012 682 1390 758 sufficientes
1416 682 1681 762 coquere
1729 680 1968 759 aliquid
1993 694 2066 740 σω

497 774 687 849 nobis,
723 774 900 854 quari
931 792 1002 837 ex
1025 772 1216 836 nobis.
1262 774 1711 853 Consequentia
1740 789 1888 833 vero
1914 788 2064 851 pro-

500 866 703 939 batur,
732 866 879 945 quia
929 866 1136 929 nullus
1172 872 1265 927 est
1304 867 1461 929 alius
1491 866 1739 927 habitus
1766 881 2066 946 superna-

502 958 715 1021 tui-alis
742 959 819 1019 ad
852 978 1037 1039 quem
1068 960 1259 1037 possit
1286 959 1391 1021 ille
1412 966 1587 1021 actus
1615 958 1944 1038 pertinere.

578 1054 639 1113 2.
690 1052 1015 1132 Neqativoe
1050 1051 2068 1131 partis'exsertim—Nihilominus

501 1146 871 1207 sententiam
914 1144 1076 1205 hanc
1126 1148 1213 1206 sic
1254 1146 1627 1226 explicatam
1665 1145 1883 1207 falsam
1932 1162 2066 1206 esse

501 1238 809 1301 existimo.
866 1238 1043 1301 Unde
1066 1239 1204 1299 dico
1232 1240 1611 1301 evidentiam
1641 1236 2070 1301 credibilitatis

502 1350 628 1393 nou
670 1332 809 1395 fieri
854 1352 891 1393 a
936 1332 1174 1393 lumine
1204 1332 1373 1409 fidei,
1406 1338 1705 1413 tanquam
1738 1332 1819 1393 ab
1842 1330 2067 1393 habitu

502 1428 783 1489 eliciente
809 1426 961 1487 illud
984 1426 1291 1505 judicium
1336 1426 1611 1502 evidenS,
1645 1444 1769 1506 quo
1790 1425 1934 1487 fidei
1957 1424 2066 1485 ob-

493 1524 735 1601 jectum
792 1520 1103 1599 judicatur
1151 1519 1465 1593 credibile,
1544 1519 1645 1581 vel
1706 1517 2066 1581 credibilius

384 1656 389 1661 ·
502 1615 670 1692 aliis;
721 1614 809 1675 ita
847 1619 1019 1675 tenet
1065 1613 1419 1693 Capreolus,¹
1442 1614 1511 1674 in
1534 1615 1597 1686 3,
1629 1612 1773 1673 dist.
1802 1613 1904 1687 32,
1936 1618 2060 1673 art.

503 1712 564 1783 3,
590 1708 663 1769 ad
692 1710 750 1781 3,
782 1713 999 1768 contra
1016 1706 1285 1786 primam
1314 1706 1769 1768 conclusionem
1785 1720 1806 1783 3
1852 1712 1914 1767 et
1945 1706 2066 1767 Ve-

504 1820 607 1879 ga‚
639 1820 698 1880 q.
754 1804 792 1863 9
834 1800 911 1861 de
962 1800 1200 1875 Justit„
1248 1800 1325 1861 ad
1367 1800 1508 1875 ult„
1562 1808 1625 1863 et
1670 1800 1835 1861 idem
1879 1799 2072 1861 sentit

504 1894 775 1971 Gabriel,
805 1894 947 1955 dist.
980 1896 1083 1969 22,
1114 1893 1265 1955 dub.
1314 1898 1380 1972 13
1422 1900 1485 1956 et
1504 1895 1803 1975 probatur
1840 1893 2066 1973 primo,

506 1989 653 2069 quia
692 1989 758 2049 iu
786 1988 903 2049 hoc
930 1987 1171 2066 objecto
1220 2006 1346 2049 non
1389 1988 1706 2051 invenitur
1740 1989 1901 2049 ratio
1938 1986 2068 2047 for·

508 2082 687 2145 malis
726 2081 951 2161 objecti
980 2080 1157 2161 fidei3
1197 2100 1345 2162 ergo
1378 2089 1552 2145 actus
1600 2083 1761 2145 circa
1792 2080 1915 2141 tale
1957 2079 2070 2142 ob·-

501 2177 733 2254 jcctum
762 2194 889 2237 non
920 2180 1122 2256 potest
1146 2193 1277 2237 esse
1302 2176 1541 2237 elicitus
1560 2194 1599 2237 a
1626 2175 1863 2237 lumine
1886 2172 2064 2235 fideiz

508 2268 941 2348 consequentia
969 2269 1131 2330 clara
1172 2274 1287 2345 est,
1316 2270 1462 2349 quia
1492 2288 1621 2331 non
1658 2274 1859 2349 potest
1894 2266 2072 2327 habi·

506 2370 605 2423 tus
631 2361 779 2423 ferri
806 2368 980 2424 extra
1008 2362 1316 2441 objectum
1359 2380 1538 2423 suum
1568 2360 1860 2439 formale3
1896 2366 2072 2423 ante-

518 2456 739 2515 cedens
769 2474 915 2517 vero
944 2461 1135 2535 patet,
1178 2457 1323 2535 quia
1349 2456 1511 2517 ratio
1538 2454 1813 2517 formalis
1840 2454 2072 2533 objecti

510 2548 655 2610 fidei
704 2556 795 2609 est
833 2549 1046 2609 divina
1078 2550 1411 2612 auctoritas
1454 2549 1713 2611 obscure
1748 2546 2064 2623 revelans3

510 2643 641 2704 hoec
666 2649 877 2705 autem
924 2642 1299 2704 credibilitas
1346 2662 1471 2705 non
1504 2644 1817 2705 revelatur
1835 2660 1874 2704 a
1914 2644 2064 2718 Deo,

508 2737 613 2797 sed
643 2754 719 2797 cx
762 2736 955 2815 signis
982 2755 1091 2817 per
1116 2737 1559 2815 experientiam
1594 2736 1855 2815 cognitis
1874 2735 2067 2797 sumi-

508 2836 642 2906 tur3
674 2848 787 2892 nec
833 2830 1024 2890 etiam
1072 2829 1353 2905 obseura,
1395 2830 1495 2891 scd
1540 2830 1707 2891 clara
1748 2835 1875 2905 est3
1915 2846 2066 2908 ergo

512 2941 635 2983 non
662 2928 753 2983 est
781 2942 857 2985 ex
879 2922 1117 3001 objecto
1141 2922 1388 2984 formali
1415 2922 1579 2985 fidei.
1611 2922 1915 2997 Secundo,
1946 2921 2065 2983 hoc

498 3016 803 3098 J'udicium
850 3015 1273 3077 credibilitatis
1304 3034 1431 3077 non
1460 3022 1556 3077 est
1586 3022 1755 3077 actus
1798 3015 2060 3077 creden-

508 3110 604 3188 di;
636 3127 785 3190 ergo
819 3128 947 3171 nou
977 3115 1067 3171 est
1094 3109 1330 3171 elicitus
1352 3109 1650 3170 alumine
1688 3108 1865 3170 fidei:
1900 3114 2072 3188 patet

506 3204 969 3283 consequentia,
1018 3202 1168 3282 quia
1214 3202 1485 3263 officium
1535 3202 1929 3281 adoequatum
1971 3200 2068 3262 lu-

505 3297 695 3358 minis
718 3295 885 3372 fidei,
917 3303 1010 3357 est
1036 3295 1285 3358 credere
1299 3318 1317 3371 3
1346 3302 1409 3357 et
1433 3295 1577 3357 inde
1598 3313 1773 3356 suam
1800 3295 2068 3375 speciem

504 3389 717 3465 sumit,
757 3395 1060 3469 tanquam
1087 3388 1337 3450 habitus
1358 3388 1437 3449 ab
1468 3395 1609 3449 actu
1636 3388 1753 3449 sibi
1779 3389 2065 3469 adoequa·

504 3489 591 3545 to.
617 3482 1004 3546 Antecedens
1030 3498 1177 3543 vero
1208 3482 1634 3563 multipliciter
1680 3483 1918 3543 ostendi
1957 3498 2066 3561 po-

506 3582 646 3652 test,
676 3576 987 3657 imprimis
1028 3576 1177 3655 quia
1218 3575 1369 3636 illud
1408 3574 1713 3655 judicium
1768 3582 1860 3636 est
1890 3581 2064 3636 actus

506 3670 771 3749 proevius
819 3668 1150 3749 disponens
1180 3668 1494 3730 hominem
1538 3670 1617 3730 ad
1657 3668 2059 3744 credendum,

506 3767 579 3823 ut
604 3782 788 3844 supra
816 3770 907 3823 est
934 3763 1343 3844 explicatum3
1374 3781 1523 3841 ergo
1559 3780 1686 3823 non
1712 3767 1912 3841 potest
1930 3778 2066 3823 esse

506 3854 795 3917 credendi
847 3863 1019 3917 actus
1037 3872 1058 3934 3
1101 3856 1332 3936 alioqui
1372 3861 1519 3917 ante
1566 3852 1743 3915 illum
1776 3859 1929 3915 esset
1955 3873 2062 3915 ne·

508 3950 837 4011 cessarium
871 3950 1039 4011 aliud
1070 3950 1381 4030 judicium
1412 3950 1737 4031 praevium,
1760 3955 1824 4009 et
1850 3968 2059 4029 proce-

506 4044 753 4103 deretur
776 4043 845 4103 in
872 4043 1208 4105 infinitum.
1246 4038 1505 4117 Deinde,
1534 4042 1681 4123 quia
1713 4048 1890 4103 actus
1926 4061 2060 4103 cre-

505 4134 690 4197 dendi
714 4154 837 4197 non
856 4137 1202 4217 concipitur
1223 4156 1329 4218 per
1353 4137 1698 4197 humanum
1720 4134 2062 4197 discursum

504 4228 1053 4293 demonstrativum
1064 4246 1086 4309 3
1128 4231 1247 4294 hoc
1296 4238 1507 4293 autem
1531 4229 1833 4310 J'udicium
1862 4230 2064 4291 cont-i-

506 4323 673 4403 pitur
730 4342 841 4405 per
885 4323 1246 4404 hujusmodi
1288 4314 1657 4399 discursum,
1704 4328 1775 4383 ut
1821 4323 1889 4385 in
1932 4323 2060 4387 fine

502 4418 787 4479 sectionis
854 4419 1052 4481 tertiae
1106 4419 1489 4481 declaratum
1546 4423 1638 4478 est
1650 4438 1669 4491 3
1722 4434 1871 4495 ergo
1932 4436 2060 4479 non

500 4517 700 4591 potest
740 4530 873 4575 esse
900 4512 1187 4575 credendi
1212 4518 1409 4575 actae.

581 4607 639 4666 3.
672 4604 898 4682 Tertio,
928 4604 1227 4685 probatur
1256 4605 1441 4667 simul
1474 4611 1538 4667 et
1564 4605 1921 4685 praedictum
1946 4624 2058 4667 an-

498 4699 800 4773 tecedens,
845 4700 1067 4778 etipsa
1100 4698 1375 4773 assertio,
1416 4700 1564 4779 quia
1592 4699 1709 4761 hoc
1742 4699 2056 4780 judicium

496 4793 574 4855 de
594 4790 995 4853 credibilitate
1024 4808 1149 4852 non
1184 4796 1275 4851 est
1302 4796 1433 4851 tam
1470 4796 1731 4868 certum,
1772 4793 1929 4853 sicut
1959 4810 2056 4853 as-

497 4905 711 4949 sensus
738 4885 913 4961 fidei3
949 4904 1098 4965 ergo
1132 4904 1261 4947 non
1302 4891 1499 4965 potest
1530 4904 1659 4947 esse
1688 4892 1858 4949 actus
1880 4886 2054 4949 elici·-

494 4986 593 5041 tus
613 4999 650 5041 a
676 4979 909 5041 lumine
926 4978 1094 5041 fidei.
1118 4978 1565 5057 Consequentia
1585 4978 1747 5041 clara
1768 4985 1881 5056 est,
1902 4980 2052 5059 quia

494 5073 705 5134 lumen
728 5072 869 5133 fidei
896 5090 1139 5151 semper
1166 5077 1457 5149 operatur
1484 5090 1629 5133 cum
1657 5072 1873 5132 cadem
1916 5090 2050 5134 cer-

492 5166 756 5227 titudine
780 5172 842 5227 et
868 5164 1342 5242 infallibilitate3
1368 5169 1749 5243 assumptum
1773 5181 1921 5225 vero
1942 5183 2050 5243 pa·

492 5266 602 5337 tet,
632 5267 767 5322 tum
805 5260 952 5340 quia
992 5258 1148 5321 illud
1178 5258 1479 5337 judicium
1516 5276 1627 5339 per
1656 5276 1719 5319 se
1750 5256 2048 5319 fundatur

490 5355 557 5415 in
588 5354 864 5417 humano
884 5353 1184 5426 discursu,
1211 5358 1273 5414 et
1316 5353 1381 5412 in
1422 5350 1741 5431 principiis
1768 5351 2045 5412 humano

491 5448 675 5509 modo
699 5446 983 5526 cognitis,
1032 5464 1109 5508 ex
1154 5446 1379 5527 quibus
1403 5464 1535 5507 non
1578 5450 1777 5525 potest
1827 5443 2045 5505 inferri

490 5540 793 5602 certitudo
836 5539 1355 5621 supernaturalis,
1404 5538 1604 5621 qualis
1660 5555 1791 5601 esse
1862 5536 2046 5599 debet

1081 392 1317 447 msPU‘r.
1355 394 1435 446 lv.
1473 395 1551 447 DE
1586 392 2028 445 Pnoposffloxss
2060 391 2305 446 omnen
2337 392 2502 447 me
2533 394 2956 456 surrlcffima
2988 392 3123 446 ETC.

2142 490 2448 553 certitudo
2491 491 2636 553 fidei
2649 515 2668 568 ;
2717 498 2856 553 tum
2887 490 3076 552 etiam
3109 490 3257 571 quia
3303 488 3594 551 dubitans
3629 488 3711 549 de

2143 584 2477 661 evidentia,
2499 591 2562 647 et
2577 580 3029 667 consequenter
3043 583 3124 646 de
3143 583 3516 646 certitudine
3541 582 3710 643 illius

2143 679 2593 757 credibilitatis,
2611 699 2740 742 non
2763 685 2921 742 esset
2947 678 3300 754 haereticus,
3331 674 3710 758 persistendo

2143 778 2388 833 tantum
2437 772 2504 834 in
2549 774 2916 835 certitudine
2955 772 3088 849 illa,
3138 778 3446 852 quatenus
3471 788 3550 832 ex
3581 770 3714 831 evi-

2144 865 2356 928 dentia
2393 872 2723 943 causatur3
2753 866 3047 929 dubitans
3090 872 3301 927 autem
3338 864 3418 927 de
3461 863 3712 925 certitu-

2141 958 2291 1022 dine
2339 958 2508 1036 tidei,
2557 960 2885 1023 haereticus
2927 966 3126 1039 esset3
3173 978 3321 1039 ergo
3367 976 3496 1020 non
3564 962 3716 1018 sunt

2143 1051 2408 1132 aequales
2443 1052 2566 1114 illae
2591 1054 3010 1116 certitudines.
3043 1054 3222 1116 Unde
3266 1054 3456 1115 etiam
3501 1068 3714 1133 possu-

2145 1166 2283 1209 mus
2317 1164 2354 1208 e
2393 1165 2686 1209 converso
2749 1147 3200 1229 argumentari.
3261 1148 3514 1222 Quarto,
3561 1144 3716 1225 quia

2145 1246 2318 1303 actus
2363 1240 2508 1301 fidei
2545 1240 2691 1303 licet
2727 1241 3042 1304 interdum
3081 1258 3215 1302 esse
3251 1240 3444 1321 possit
3491 1256 3716 1301 conco-

2147 1334 2442 1395 mitanter
2483 1353 2626 1395 cum
2668 1341 2812 1397 actu
2853 1334 3162 1409 evidente,
3181 1352 3307 1395 non
3337 1338 3535 1415 potest
3581 1350 3718 1394 esse

2143 1426 2488 1490 formaliter
2539 1428 2832 1507 evidens3
2891 1428 3000 1489 sed
3043 1426 3355 1507 judicium
3399 1426 3557 1487 illud
3620 1434 3718 1487 est

2147 1520 2488 1583 formaliter
2509 1522 2787 1600 evidens,
2821 1528 2891 1583 ut
2915 1526 3232 1583 ostensum
3256 1527 3345 1582 est
3364 1542 3383 1595 3
3403 1538 3554 1600 ergo
3584 1538 3716 1581 non

2145 1621 2236 1677 eet
2267 1622 2440 1676 actus
2469 1615 2651 1691 fidei3
2687 1634 2834 1695 ergo
2864 1632 2992 1677 non
3027 1619 3120 1676 est
3139 1614 3382 1675 elicitus
3401 1632 3441 1674 a
3469 1613 3716 1675 lumine

2147 1706 2335 1786 fidei-3
2367 1726 2537 1785 nam,
2561 1715 2632 1770 ut
2671 1709 2824 1784 dixi,
2855 1708 3067 1769 lumen
3091 1706 3234 1768 fidei
3265 1707 3466 1768 solum
3511 1712 3717 1785 potest

2149 1803 2368 1864 elicere
2407 1809 2580 1865 actus
2619 1802 2896 1882 ejusdem
2927 1801 3163 1863 ordinis
3209 1806 3274 1862 et
3321 1801 3598 1877 rationis,
3643 1818 3720 1861 ac

2147 1898 2409 1958 subinde
2435 1896 2750 1971 obscuros,
2779 1896 2937 1956 sicut
2963 1894 3097 1973 ejus
3117 1892 3426 1973 objectum
3453 1894 3720 1955 formale

2149 1990 2437 2069 postulat.
2469 1989 2748 2052 Tandem
2773 1989 2842 2049 in
2859 1988 2980 2050 fide
2999 1988 3278 2049 humana
3302 1987 3490 2049 etiam
3509 1986 3720 2066 objec-

2149 2087 2284 2142 tum
2339 2084 2472 2162 ejus
2515 2088 2716 2163 potest
2769 2098 2926 2156 esse,
2951 2088 3036 2151 ,et
3059 2098 3220 2161 saepe
3265 2086 3358 2141 est
3395 2080 3720 2142 evidenter

2150 2176 2460 2251 credibile,
2497 2182 2560 2237 et
2583 2183 2798 2238 tamen
2845 2176 2954 2238 illa
3002 2176 3316 2237 evidentia
3339 2194 3467 2237 non
3507 2180 3599 2236 est
3635 2174 3718 2235 ab

2149 2270 2284 2349 ipso
2309 2269 2526 2331 habitu
2557 2270 2705 2331 fidei
2733 2270 3050 2348 humanae,
3100 2276 3173 2331 ut
3221 2269 3470 2331 videtur
3495 2288 3604 2349 per
3652 2288 3720 2329 se

2150 2368 2408 2440 notum;
2455 2380 2604 2442 ergo
2645 2362 2810 2424 idem
2859 2368 2952 2423 est
2999 2364 3068 2423 in
3107 2362 3230 2424 fide
3275 2361 3509 2423 divina.
3555 2363 3718 2423 Nam

2150 2459 2244 2515 est
2281 2456 2496 2517 eadem
2525 2458 2682 2517 ratio
2703 2462 2766 2517 et
2807 2458 3148 2537 proportio,
3191 2474 3308 2517 nec
3345 2460 3543 2537 potest
3566 2473 3722 2535 pro-

2148 2546 2352 2609 babile
2375 2548 2710 2611 discrimen
2737 2550 3064 2628 assignari.

2225 2644 2290 2703 4.
2316 2643 2538 2706 Prima
2565 2644 2846 2706 assertio.
2875 2673 2958 2691 -—-
2987 2643 3304 2708 Suadctur
3337 2643 3716 2705 declarando.

2146 2768 2226 2780 -—
2247 2736 2508 2800 Notatio
2559 2737 2824 2815 duplicis
2860 2754 3072 2799 sensus
3102 2738 3476 2801 assertionis.
3503 2769 3589 2783 —
3615 2736 3728 2798 Aa

2136 2830 2410 2909 primum
2449 2830 2738 2891 molitum
2766 2846 2837 2892 σω
2869 2830 2953 2891 D.
2989 2829 3220 2892 Thomu
3255 2831 3322 2892 in
3343 2846 3510 2891 παθη.
3545 2830 3604 2889 1.
3633 2862 3724 2875 —-

2147 2922 2226 2983 Ut
2253 2938 2404 3001 ergo
2435 2922 2514 2983 ad
2545 2922 2615 2983 D.
2663 2922 2966 2983 Thomam
3009 2922 3512 3003 respondeamus,
3544 2922 3726 2983 addi-

2151 3032 2290 3075 mus
2317 3015 2608 3091 secundo‚
2637 3016 2924 3095 quamvis
2953 3015 3164 3079 lumen
3193 3014 3340 3077 fidei
3359 3034 3488 3077 non
3507 3014 3728 3077 eliciat

2149 3106 2384 3169 dictum
2428 3112 2636 3169 actum
2679 3108 3054 3184 evidentem,
3109 3107 3518 3171 nihilominus
3565 3127 3720 3170 con-

2147 3202 2308 3265 ferre
2345 3202 2551 3281 aliquo
2581 3202 2768 3265 modo
2793 3203 2872 3264 ad
2903 3202 3134 3265 dictam
3165 3203 3566 3281 evidentiam,
3603 3222 3724 3283 per

2149 3296 2404 3357 modum
2425 3297 2824 3375 congruentis
2839 3295 3256 3377 dispositionis
3273 3316 3350 3359 ex
3375 3304 3550 3377 parte
3569 3298 3724 3357 sub-

2139 3390 2317 3469 jecti,
2351 3390 2452 3453 vel
2473 3396 2773 3471 tanquam
2797 3408 2996 3452 unum
3019 3408 3098 3452 ex
3125 3390 3398 3466 motivis,
3423 3392 3586 3469 quod
3610 3409 3726 3471 po-

2146 3490 2265 3544 test
2293 3482 2526 3545 dictam
2555 3482 2930 3546 evidentiam
2953 3484 3170 3564 juvare
3199 3484 3298 3545 vel
3324 3484 3720 3546 confirmare.

2143 3576 2522 3653 Declaratur,
2538 3578 2686 3658 quia
2709 3577 3026 3658 dispositio
3051 3576 3338 3658 subjecti,
3361 3578 3542 3658 quasi
3565 3596 3726 3639 con·

2145 3672 2444 3733 naturalis
2461 3672 2726 3751 objecto,
2752 3680 2964 3733 causat
2987 3671 3322 3753 quamdam
3341 3673 3725 3735 convenien-

2143 3766 2298 3827 tiam
2335 3772 2398 3827 et
2442 3768 2921 3845 congruitatem,
2964 3767 3204 3829 ratione
3253 3767 3430 3846 cujus
3473 3766 3724 3827 facilius

2148 3860 2486 3940 percipitur
2549 3860 2866 3940 proportio
2928 3860 3028 3921 vel
3082 3860 3518 3921 convenientia
3571 3860 3724 3921 talis

2147 3955 2394 4034 obJecti,
2420 3956 2580 4016 sicut
2597 3954 2786 4017 homo
2809 3953 2968 4016 bene
2989 3953 3340 4015 effeetus-ad
3363 3960 3724 4033 temperan-

2145 4047 2300 4109 tiam
2327 4046 2566 4107 facilius
2603 4046 2841 4126 judicat
2879 4046 2956 4109 de
2981 4044 3193 4108 medio
3237 4046 3718 4126 temperantiae3

2147 4141 2236 4203 ita
2262 4158 2408 4219 ergo
2453 4138 2704 4203 habitus
2739 4138 2886 4201 fidei
2925 4139 3258 4219 disponens
3295 4145 3358 4200 et
3403 4138 3722 4201 inclinans

2145 4234 2222 4295 ad
2250 4234 2492 4312 objecta
2521 4232 2860 4305 credibilia,
2891 4239 3340 4313 consequenter
3363 4232 3554 4295 etiam
3585 4232 3720 4294 dis-

2143 4326 2320 4407 ponit
2355 4325 2434 4387 ad
2461 4324 2620 4387 bene
2667 4324 3072 4404 judicandum
3103 4324 3180 4387 de
3231 4322 3482 4387 illorum
3513 4324 3722 4386 credi-

2138 4417 2400 4493 bilitate‚
2429 4426 2496 4479 et
2530 4417 2768 4491 illamet
2794 4418 3111 4499 proportio
3149 4418 3400 4481 interna
3437 4418 3584 4481 fidei
3615 4426 3720 4485 est

2137 4528 2336 4571 unum
2359 4528 2437 4573 ex
2465 4511 2714 4573 motivis
2753 4509 3156 4573 suadentibus
3191 4510 3346 4573 illud
3391 4510 3718 4591 objectum

2135 4622 2268 4667 esse
2295 4604 2588 4667 credibile
2615 4611 2678 4665 et
2721 4604 3032 4667 divinum.
3078 4606 3149 4666 In
3191 4604 3314 4667 hoc
3343 4612 3557 4666 autem
3597 4606 3718 4667 ad·-

2135 4702 2309 4761 verto
2337 4714 2511 4777 posse
2541 4696 2808 4777 intelligi
2833 4697 2933 4759 vel
2959 4698 3038 4759 de
3056 4699 3190 4779 ipso
3207 4696 3458 4761 formali
3484 4696 3717 4760 habitu

2133 4799 2197 4855 et
2225 4793 2622 4854 inclinatione
2667 4793 2826 4871 ejus,
2879 4798 3128 4853 tantum
3177 4792 3246 4853 in
3295 4798 3440 4853 actu
3473 4794 3712 4873 primo,

2134 4885 2240 4947 vel·
2257 4886 2448 4947 etiam
2475 4885 2554 4946 de
2599 4884 2978 4947 motionibus
3019 4883 3248 4947 divinis
3288 4904 3428 4965 quse
3469 4904 3716 4967 praepa·

2129 4985 2272 5042 rant
2317 4978 2638 5041 hominem
2668 4978 2748 5039 ad
2793 4978 2984 5039 talem
3029 4976 3335 5055 habitum,
3377 4985 3444 5041 et
3487 4986 3716 5060 postea

2129 5072 2329 5135 solent
2373 5074 2578 5152 ipsum
2625 5071 2934 5133 comitari.
2975 5069 3041 5132 Si
3079 5086 3226 5149 ergo
3273 5072 3404 5135 hoec
3437 5073 3716 5133 ’assertio

2131 5165 2454 5245 posteriori
2481 5164 2668 5225 modo
2695 5162 3104 5243 intelligatur,
3136 5169 3226 5224 est
3247 5163 3448 5227 facilis
3477 5170 3538 5225 et
3575 5164 3716 5227 cla-

2127 5276 2222 5334 ra,
2243 5259 2392 5338 quia
2429 5258 2616 5319 homo
2661 5263 2864 5337 potest
2889 5258 2954 5318 in
2994 5274 3060 5318 se
3089 5257 3357 5336 experiri
3401 5257 3513 5319 bas
3537 5257 3716 5318 divi-

2126 5370 2240 5413 nas
2275 5350 2613 5427 motiones,
2663 5356 2725 5412 et
2757 5368 2840 5413 ex
2884 5348 3202 5412 effectibus
3255 5368 3474 5415 earum
3508 5350 3717 5413 vehe-

2127 5443 2510 5505 mentissime
2536 5444 2870 5523 conjectari
2917 5442 3055 5505 illas
3097 5460 3228 5505 esse
3257 5444 3519 5522 divinas,
3553 5452 3621 5506 et
3665 5464 3716 5505 a

2125 5536 2288 5599 bono
2315 5536 2536 5618 spiritu
2549 5552 2571 5615 ;
2615 5546 2678 5599 et
2718 5535 2856 5599 ideo
2893 5541 3056 5599 recte
3089 5544 3500 5601 numerantur
3523 5538 3714 5601 inter·
