3900 6217
618 450 784 506 SECT.
823 456 903 508 lv,
938 455 1021 507 AN
1053 454 1345 507 'mamito
1380 453 1500 507 NON
1532 453 1789 509 SCRIPTA
1824 456 1921 509 SIT
1957 456 2358 509 INFALLlBlLlS
2391 456 2635 509 REGULA
2669 452 2850 509 Flosst.

223 574 399 623 canone
434 554 712 635 scripto);
740 555 1071 635 aliquando
1105 575 1250 618 vero
1305 558 1504 619 solum
1550 576 1695 621 con-

221 658 305 715 stat
336 650 399 709 de
440 648 603 709 initio
648 667 758 727 per
804 650 1221 729 negationem,
1262 652 1516 728 scilicet,
1548 650 1695 731 quia

220 751 365 827 potest
388 749 637 805 constare
667 742 733 803 in
760 744 971 825 aliquo
996 750 1299 823 tempore,
1346 764 1535 826 prope
1576 744 1696 805 ini-

220 840 279 899 tia
308 836 575 907 Ecclesiae,
604 853 729 897 non
760 836 945 899 fuisse
984 840 1052 899 in
1093 838 1204 899 illa
1230 838 1419 900 talem
1446 856 1697 901 consue-

218 932 430 993 tudinem
452 927 545 988 vel
565 928 929 1007 doctrinam,
969 937 1032 992 et
1057 938 1268 1010 postea
1296 931 1364 993 in
1391 930 1500 993 illa
1523 931 1696 993 inve·

218 1024 305 1085 niri
322 1046 335 1095 ;
355 1038 481 1081 nam
502 1026 645 1081 tunc
670 1028 831 1083 recte
854 1022 1167 1103 colligitur
1192 1022 1552 1103 huiusmodi
1572 1028 1699 1085 tra-

216 1118 445 1179 ditionem
500 1112 787 1176 habuisse
842 1116 1091 1178 initium
1153 1124 1291 1196 post
1338 1115 1658 1197 Apostolos
1672 1161 1694 1193 ,

216 1208 394 1272 etiamsi
421 1207 891 1270 determinatum
918 1215 1162 1289 tempus
1183 1211 1248 1271 in
1272 1228 1395 1291 quo
1422 1210 1694 1289 incoepe-

212 1304 267 1366 rit
288 1304 564 1379 ignoretur
580 1318 601 1379 ;
630 1302 765 1365 haec
816 1321 965 1381 ergo
1008 1303 1259 1364 traditio
1304 1302 1539 1365 habens
1571 1304 1691 1365 iui-

210 1400 323 1459 tium
354 1395 511 1457 nobis
538 1414 667 1457 non
707 1396 1003 1473 deservit,
1054 1416 1169 1457 nec
1202 1396 1280 1458 de
1330 1397 1439 1458 illa
1472 1402 1693 1458 tracta-

206 1510 305 1553 mus
318 1508 338 1567 3
362 1488 510 1569 quia,
534 1507 685 1569 ¹cum
721 1508 850 1551 nou
890 1490 973 1551 sit
1013 1490 1377 1551 universalis
1426 1490 1491 1551 in
1537 1496 1693 1553 tem-

206 1601 332 1663 pore,
358 1600 467 1643 non
493 1588 695 1663 potest
724 1601 833 1661 per
858 1602 923 1643 se
964 1582 1165 1645 facere
1211 1582 1397 1645 fidem
1442 1583 1697 1645 catholi-

202 1694 319 1751 cam,
342 1693 459 1753 quie
484 1674 667 1737 debet
692 1695 821 1739 esse
843 1682 1119 1759 tempore
1137 1676 1523 1741 universalis.
1550 1678 1699 1757 Agi-

210 1789 307 1831 mus
320 1787 445 1847 ergo
462 1768 533 1831 de
552 1768 888 1833 traditione
907 1778 1226 1852 perpetua,
1242 1772 1418 1850 cujus
1445 1771 1695 1833 initium

208 1865 456 1943 ignoratur
478 1870 609 1942 post
636 1862 978 1943 Apostolos»,
1003 1870 1066 1927 et
1088 1862 1221 1925 sine
1247 1863 1697 1943 interruptione

206 1960 385 2017 servata
430 1954 767 2031 invenitur,
806 1962 992 2035 prout
1028 1956 1198 2018 illam
1237 1956 1528 2018 describit
1567 1958 1695 2019 Au-

204 2048 438 2129 gustinus,
460 2048 561 2111 lib.
594 2050 639 2113 4
685 2049 763 2110 de
790 2050 1124 2128 Baptismo‚
1154 2068 1289 2131 cap.
1317 2052 1419 2112 24.

256 2146 299 2203 5.
338 2144 524 2205 Tertia
562 2143 813 2205 divisio.
834 2174 917 2189 -
944 2142 1218 2207 ,Tertium
1254 2144 1577 2209 membrum
1624 2146 1693 2209 in

201 2239 281 2301 lac
302 2239 455 2299 tertia
480 2236 781 2301 divisim
818 2238 1217 2317 superfluum.
1237 2271 1321 2285 -
1340 2238 1571 2317 Tertio,
1602 2238 1693 2299 di-

201 2330 372 2391 viditur
394 2329 630 2393 traditio
674 2330 1039 2393 universalis
1064 2336 1125 2393 et
1158 2340 1458 2413 perpetua
1496 2332 1563 2393 in
1601 2330 1693 2393 di-

201 2425 351 2485 vinam
376 2430 429 2484 et
452 2422 894 2504 Apostolicam,
930 2444 1067 2506 quae
1104 2424 1243 2487 dure
1270 2444 1448 2487 voces
1492 2425 1692 2488 solent

202 2518 463 2594 contundi;
508 2526 733 2581 tamen
804 2536 1021 2581 revera
1080 2516 1361 2581 membra
1412 2518 1575 2579 inter
1626 2534 1691 2578 se

200 2618 302 2673 sunt
321 2608 595 2673 distincta.
652 2610 818 2671 Nam
847 2612 1050 2673 omnis
1072 2610 1320 2673 traditio
1360 2611 1571 2673 divina
1598 2617 1693 2673 est

202 2703 349 2783 aliquo
385 2702 552 2765 modo
594 2703 979 2788 Apostolica,
1030 2706 1177 2783 quia
1222 2723 1333 2785 per
1372 2705 1691 2785 Apostolos

204 2794 505 2877 promulgata
532 2802 651 2873 est,
705 2803 767 2859 et
792 2798 932 2859 ideo
952 2797 1107 2860 solet
1130 2798 1445 2859 interdum
1472 2798 1560 2859 ita
1580 2817 1686 2879 ap-

210 2890 377 2967 pellari,
411 2898 465 2952 et
505 2909 539 2951 e
586 2908 896 2951 converso
928 2892 1129 2952 omnis
1154 2890 1407 2953 traditio
1441 2891 1690 2973 Aposto-

219 2981 299 3043 liea
322 2990 381 3043 est
404 2985 601 3063 aliquo
628 2982 827 3045 modo
856 2983 1090 3059 divina,
1122 2984 1267 3064 quia
1289 2985 1565 3067 Apostoli
1597 2986 1691 3045 ni·

222 3074 283 3135 hil
300 3076 517 3137 Ecclesiae
546 3076 953 3137 tradiderunt
997 3076 1130 3137 sine
1158 3074 1403 3157 speciali
1428 3076 1691 3155 Spiritus

216 3168 353 3229 Sancti
372 3170 688 3249 regimine.
722 3168 1140 3231 Nihilominus
1183 3176 1395 3231 tamen
1424 3166 1532 3231 illa
1566 3169 1689 3231 duo

208 3260 425 3336 membra,
462 3263 671 3323 stricte
724 3269 794 3323 et
839 3266 1086 3343 proprie
1134 3267 1380 3341 sumpta
1408 3306 1427 3335 ,
1474 3260 1691 3323 distin·

204 3360 431 3429 guantur,
456 3360 587 3417 tum
621 3374 703 3417 ex
744 3362 996 3417 auctore
1022 3356 1306 3435 proximo
1333 3354 1683 3434 principali,

203 3455 294 3505 tum
318 3448 479 3507 etiam
498 3467 575 3509 ex
599 3446 900 3523 materia,
924 3447 1205 3527 quamvis
1226 3446 1360 3509 haec
1386 3448 1686 3529 posterior

200 3536 469 3603 differentia
490 3558 621 3601 non
668 3541 754 3600 sit
784 3540 1163 3602 universalis.
1201 3540 1372 3601 Prior
1410 3559 1557 3621 pars
1582 3540 1688 3623 de·

199 3632 416 3705 claretur,
456 3652 603 3695 nam
631 3634 701 3693 in
731 3632 1067 3696 traditione
1107 3632 1319 3695 divina
1345 3634 1507 3695 Deus
1532 3633 1684 3714 ipse,

198 3742 271 3783 seu
297 3724 537 3787 Christus
560 3726 895 3801 Dominus,
924 3733 1017 3787 est
1054 3726 1449 3789 immediatus
1476 3733 1689 3787 auctor

196 3826 235 3879 et
250 3820 515 3881 institutor
532 3838 785 3896 rerum,
799 3820 897 3881 vel
916 3820 1215 3881 doctrinae
1240 3839 1376 3899 quae
1395 3839 1505 3899 per
1524 3820 1689 3883 hanc

196 3912 512 3975 traditionem
566 3915 719 3975 data
790 3921 905 3975 est.
962 3912 1238 3993 Apostoli
1288 3931 1435 3973 vero
1486 3913 1686 3974 solum

198 4004 379 4067 fuemnt
418 4006 915 4086 promulgatores
968 4005 1185 4066 similis
1211 4006 1582 4081 traditionis,
1620 4014 1690 4066 ut

202 4101 409 4174 mysterii
444 4100 773 4161 Trinitatis
788 4142 809 4173 ,
842 4097 1014 4160 verbi
1054 4098 1279 4177 gratia,
1310 4096 1409 4158 vel
1448 4098 1679 4159 Eucha-

194 4191 347 4253 ristiae.
370 4196 445 4255 At
487 4212 636 4255 vero
665 4193 737 4253 in
768 4190 1015 4271 propria
1052 4190 1389 4253 traditione
1432 4192 1689 4269 Aposto-

198 4280 311 4358 lica,
352 4286 458 4365 ipsi
510 4286 798 4365 Apostoli
838 4284 1089 4347 fuerunt
1130 4283 1539 4359 institutores„
1592 4290 1683 4357 ut,

198 4376 313 4436 urbi
339 4379 543 4455 gratia,
570 4378 745 4456 quod
786 4376 1071 4455 bigamus
1100 4394 1227 4436 non
1259 4376 1601 4449 ordinetur,
1626 4382 1689 4437 et

200 4467 252 4526 ita
272 4469 381 4529 haec
404 4471 654 4533 traditio
681 4470 1049 4549 simpliciter
1082 4468 1358 4531 humana
1386 4475 1500 4543 est,
1542 4468 1689 4549 quia

196 4578 268 4637 per
324 4563 691 4625 voluntatem
756 4563 1100 4643 humanam
1154 4569 1247 4623 est
1294 4561 1642 4623 introducta
1666 4610 1682 4637 ,

196 4653 375 4715 etiamsi
410 4658 559 4719 Deris
608 4656 964 4737 specialiter
1011 4654 1451 4734 gubernaverit
1499 4655 1687 4717 talem

193 4746 521 4810 voluntatem.
540 4750 725 4811 Unde
752 4748 908 4809 solet
930 4748 1031 4808 hic
1049 4746 1193 4807 addi
1222 4748 1478 4809 tertium
1498 4766 1690 4808 mem-

196 4836 327 4899 brum
370 4844 739 4917 traditioniS,
778 4860 916 4921 quie
964 4847 1217 4901 vocatur
1246 4841 1685 4918 Ecclesiastica,

198 4935 241 4987 et
264 4932 469 5005 catilla,
494 4954 635 5014 quae
660 4941 807 5014 post
846 4932 1167 5013 Apostolos
1193 4951 1306 5015 per
1327 4934 1685 5009 Ecclesiam,

198 5022 421 5099 Gtincilia,
444 5026 539 5089 vel
562 5026 929 5103 PontificeS,
959 5025 1057 5087 vel
1092 5044 1200 5105 per
1234 5043 1360 5087 non
1398 5026 1686 5106 scriptam

200 5120 653 5198 consuetudinem,
694 5118 1053 5182 introducta
1093 5127 1202 5183 est.
1245 5122 1687 5183 Verumtamen

200 5206 479 5285 hujumodi
501 5214 762 5275 traditio
786 5232 920 5275 non
963 5219 1055 5277 est
1094 5232 1171 5279 ex
1211 5212 1333 5275 illis
1374 5233 1525 5295 quas
1552 5234 1689 5295 per-

206 5310 365 5380 petuas
385 5311 735 5371 vocavimus
774 5308 857 5369 ab
902 5310 1083 5371 initio
1120 5309 1431 5383 Ecclesiae,
1459 5315 1521 5370 et
1551 5309 1687 5370 ideo

208 5394 447 5461 afficiunt
490 5420 659 5463 nuuc
716 5401 847 5463 duo
891 5400 1103 5481 priora
1153 5400 1471 5476 membra3
1540 5403 1688 5481 quia

206 5494 383 5551 tantum
418 5500 777 5575 perpetuam
803 5494 1191 5557 traditionem
1224 5494 1545 5556 divisimus
1561 5540 1582 5569 ,
1626 5499 1689 5555 et

208 5582 356 5643 omnis
378 5584 473 5645 illa
509 5588 687 5669 cujus
716 5586 969 5654 initium
1014 5589 1333 5673 ignoratur
1353 5634 1373 5663 ,
1401 5586 1501 5651 vel
1528 5586 1687 5651 divi·

3219 446 3336 509 140
3360 464 3374 474 ·

1772 579 1857 621 na
1896 559 1996 621 vel
2034 559 2370 639 apostolica
2415 566 2508 620 est
2539 581 2556 633 ;
2585 576 2712 618 non
2757 564 2849 619 est
2897 561 3104 617 autem
3154 555 3334 617 facile

1772 650 2154 730 distinguere
2198 651 2450 732 quando
2507 652 2586 711 sit
2629 651 2882 725 divina,
2934 650 3034 709 vel
3087 649 3334 727 quando

1772 744 2131 823 apostolica,
2163 762 2302 824 quse
2329 744 2509 803 initio
2538 749 2727 817 caret,
2753 748 2815 803 et
2836 742 2974 803 ideo
3003 741 3195 801 altera
3219 741 3336 801 dif-

1773 837 2038 899 ferentia
2061 838 2393 917 spectanda
2423 844 2535 899 est.

1854 933 1913 992 6.
1965 930 2197 1005 Quarta
2222 930 2442 993 divisio
2467 930 2776 1009 explicans
2797 929 3232 1009 praecedentem.
3255 960 3333 971 ——

1776 1024 1869 1085 Ad
1908 1040 2047 1084 eam
2076 1040 2224 1083 vero
2265 1022 2717 1101 explicandam,
2749 1020 3030 1082 addimus
3075 1019 3334 1080 alteram

1778 1116 2198 1197 partitionem.
2234 1116 2390 1177 Nam
2413 1115 2664 1176 traditio
2697 1114 2978 1195 quaedam
3007 1113 3085 1173 ad
3113 1113 3335 1173 doctri—

1772 1228 1918 1271 nam
1959 1210 2252 1291 pertinet,
2283 1209 2404 1269 alia
2450 1208 2528 1269 ad
2568 1225 2806 1286 morea-33
2839 1212 2901 1269 et
2945 1208 3032 1267 ita
3081 1212 3336 1287 possunt

1766 1303 2130 1382 doctrinalis
2159 1309 2222 1363 et
2258 1302 2506 1363 moralis
2543 1299 2879 1362 nominari.
2917 1302 3092 1361 Prior
3133 1300 3332 1360 solum

1772 1404 1864 1457 est
1882 1397 1958 1456 de
1989 1396 2088 1456 his
2117 1414 2255 1475 quae
2274 1394 2577 1455 credenda
2603 1402 2770 1469 sunt,
2803 1401 2864 1454 et
2883 1412 2992 1473 per
3006 1412 3070 1455 se
3089 1413 3214 1453 non
3235 1413 3332 1454 or-

1774 1492 2092 1566 dinantur,
2117 1490 2233 1551 nisi
2254 1490 2332 1550 ad
2361 1488 2572 1550 veram
2601 1495 2660 1550 et
2685 1488 3088 1549 sufficientem
3119 1488 3331 1566 cogni-

1772 1585 2008 1646 tionem
2039 1584 2146 1645 Dei
2175 1590 2237 1645 et
2267 1582 2512 1657 Christi,
2542 1600 2614 1643 ac
2642 1581 2950 1643 felicitatis
2982 1588 3250 1655 aeternae,
3270 1585 3332 1641 et

1774 1678 2211 1757 mysteriorum
2248 1694 2387 1755 quse
2415 1676 2490 1735 ad
2529 1674 2705 1737 illum
2736 1674 2923 1735 finem
2954 1674 3330 1750 conducunt,

1775 1770 2162 1832 tradendam.
2195 1770 2332 1830 Alia
2355 1787 2524 1842 νει-ο,
2553 1768 2614 1829 id
2639 1774 2732 1829 est
2759 1767 3028 1839 moralis,
3057 1768 3333 1827 continet

1772 1870 2078 1945 praecepta
2116 1881 2361 1927 morum
2407 1882 2444 1924 a
2481 1862 2717 1924 Christo
2744 1862 2841 1923 vel
2871 1861 3174 1941 Apostolis
3201 1867 3332 1921 tra—

1774 1958 1926 2033 dita,
1950 1958 2068 2019 sub
2095 1958 2320 2037 quibus
2347 1958 2537 2019 etiam
2567 1955 2836 2017 Concilia
2867 1954 3333 2036 comprehendi-

1770 2068 1931 2112 mus.
1965 2050 2238 2113 Traditio
2267 2068 2413 2129 ergo
2445 2048 2798 2111 doctrinalis
2831 2065 3072 2127 semper
3106 2052 3196 2107 est
3231 2046 3331 2107 cli-

1771 2144 1941 2219 vina,
1975 2143 2121 2223 quia
2147 2143 2300 2205 fides
2328 2161 2454 2205 non
2497 2148 2696 2223 potest
2723 2141 2839 2201 niti
2884 2141 3241 2201 immediate
3269 2146 3329 2201 et

1772 2234 2113 2299 formaliter
2162 2238 2284 2298 nisi
2326 2238 2394 2297 in
2423 2238 2782 2297 auctoritate
2819 2236 3051 2307 divina,
3083 2242 3144 2295 et
3188 2234 3327 2296 ideo

1772 2333 1978 2394 omnis
2009 2332 2115 2393 illa
2141 2332 2391 2393 traditio
2419 2330 2686 2412 applicat
2706 2337 2766 2391 et
2783 2331 3071 2409 proponit
3097 2330 3331 2389 revela-

1772 2426 2007 2489 tionem
2056 2426 2355 2501 divinam,
2402 2433 2474 2486 ut
2523 2424 2800 2486 dicemus
2815 2439 2836 2501 3
2891 2422 3144 2483 moralis
3184 2439 3328 2482 vero

1770 2519 2021 2581 traditio
2058 2517 2350 2598 ambigua
2379 2524 2488 2591 est,
2521 2534 2664 2577 nam
2695 2521 2949 2596 possunt
2971 2533 3096 2575 esse
3127 2514 3192 2574 in
3216 2514 3330 2575 Ec-

1772 2612 1955 2673 clesia
1983 2618 2288 2691 praecepta
2314 2611 2528 2672 divina
2564 2628 2673 2690 per
2699 2608 3018 2689 Apostolos
3055 2607 3332 2687 promul-

1773 2711 1943 2784 gata,
1997 2712 2059 2766 et
2097 2712 2350 2785 possunt
2391 2724 2521 2765 esse
2572 2704 2821 2783 propria
2872 2686 3173 2781 praecept‘a
3221 2719 3331 2780 per

1766 2798 2090 2879 Apostolos
2127 2798 2374 2873 tradita,
2406 2798 2505 2859 vel
2551 2797 2616 2857 in
2660 2797 2996 2874 Scriptura,
3045 2800 3114 2853 ut
3157 2792 3328 2855 fuere

1768 2892 1976 2972 aliqua
2011 2910 2088 2953 ex
2114 2892 2354 2953 traditis
2391 2892 2523 2951 Act.
2562 2893 2658 2966 15,
2688 2894 2750 2949 et
2773 2888 2890 2948 fuit
2925 2886 3076 2947 illud
3103 2887 3328 2947 adduc-

1768 2992 1901 3047 tum
1930 2986 2006 3049 de
2029 2986 2486 3065 irregularitate
2519 2984 2790 3063 bigami3
2827 2982 2925 3043 vel
2965 2988 3139 3043 extra
3171 2982 3328 3043 Scri-

1772 3086 2044 3161 pturam,
2074 3087 2143 3141 ut
2171 3086 2452 3141 censetur
2480 3097 2608 3139 esse
2632 3076 2942 3157 jejunium
2983 3074 3327 3154 quadrage·

1771 3174 2010 3249 simale,
2056 3179 2118 3233 et
2170 3172 2485 3233 interdum
2531 3180 2624 3233 est
2671 3171 2882 3249 aliqua
2928 3168 3146 3229 similis
3173 3187 3326 3230 con·

1770 3267 2028 3329 suetudo
2055 3266 2190 3327 sine
2218 3264 2614 3343 obligatione,
2650 3269 2722 3324 ut
2750 3262 3014 3323 frontem
3043 3278 3220 3321 cruce
3248 3260 3326 3321 si-

1768 3378 1985 3439 gnare,
2011 3365 2074 3421 et
2101 3358 2353 3433 simileS,
2384 3375 2536 3436 quas
2573 3356 2890 3418 memorioe
2928 3354 3328 3434 prodiderunt

1766 3455 1978 3515 Patres
2057 3451 2221 3512 infra
2283 3450 2612 3513 referendi.
2684 3449 2778 3511 Ad
2860 3445 3326 3525 distinguendas

1768 3564 1916 3623 ergo
1943 3545 2056 3607 has
2100 3543 2366 3605 morales
2422 3542 2803 3617 traditiones,
2864 3540 3186 3603 materiam
3218 3538 3326 3598 ob-

1768 3656 2012 3700 servare
2073 3643 2348 3717 oportet3
2410 3654 2557 3697 nam
2628 3636 2680 3697 si
2743 3634 2992 3696 traditio
3053 3634 3326 3694 continet

1767 3736 2144 3812 proeceptum
2190 3731 2504 3809 pertinens
2544 3728 2618 3789 ad
2669 3727 3073 3789 substantiam
3126 3742 3325 3785 sacra-

1769 3828 2125 3885 mentorum
2169 3822 2268 3883 vel
2314 3822 2616 3897 sacrificii,
2647 3821 2746 3883 vel
2789 3820 2868 3881 ad
2897 3819 3326 3881 necessitatem

1768 3916 1915 3977 fidei
1942 3934 2242 3995 expressae
2277 3915 2632 4001 necessariae
2659 3914 2736 3973 ad
2761 3912 3046 3987 salutem,
3073 3912 3324 3973 traditio

1770 4016 1865 4069 est
1892 4008 2125 4082 divina,
2154 4009 2300 4087 quia
2323 4008 2424 4069 lex
2452 4025 2614 4067 nova
2643 4006 2856 4067 divina
2895 4011 3006 4081 est,
3039 4012 3100 4067 et
3132 4005 3327 4064 maxi-

1768 4121 1870 4163 me
1908 4102 2040 4163 hoec
2065 4108 2368 4181 praecepta
2395 4102 2711 4163 continere
2735 4106 3039 4174 censetur,
3067 4105 3130 4159 et
3153 4097 3326 4158 insti-

1766 4196 2076 4261 tutionem
2099 4194 2406 4270 Ecclesiae‚
2431 4195 2634 4273 quoad
2653 4190 3080 4255 substantialia
3107 4182 3327 4253 funda'-

1770 4294 1981 4349 menta
2010 4289 2178 4365 ejus3
2211 4288 2264 4349 si
2294 4306 2441 4348 vero
2473 4288 2726 4349 traditio
2753 4287 2833 4347 sit
2861 4288 2936 4347 de
2964 4286 3100 4345 aliis
3123 4284 3328 4346 obser-

1770 4380 1997 4441 vantiis
2023 4388 2084 4442 et
2114 4381 2498 4443 caeremoniis
2519 4378 2952 4441 Ecclesiasticis
2979 4378 3322 4439 accidenta-

1768 4472 1955 4549 libus,
1999 4472 2250 4534 traditio
2296 4473 2598 4533 censenda
2644 4479 2736 4533 est
2785 4473 3140 4553 apostolica,
3183 4472 3330 4550 quia

1770 4566 1871 4627 lex
1900 4584 2084 4641 nova,
2115 4575 2186 4629 ut
2208 4567 2420 4628 divina
2447 4574 2562 4641 est,
2600 4585 2725 4628 non
2757 4568 3028 4628 continet
3057 4568 3329 4645 particu-

1768 4660 1929 4723 lares
1956 4660 2501 4722 determinationes
2528 4659 2750 4721 harum
2786 4678 3018 4732 rorum,
3057 4665 3124 4719 ut
3165 4664 3329 4718 recte

1769 4754 1961 4814 tradit
1985 4754 2053 4813 D.
2087 4750 2352 4815 Thomas
2383 4757 2439 4814 1.
2465 4756 2528 4826 2,
2559 4759 2775 4833 quoest.
2811 4754 2948 4827 106,
2970 4758 3086 4813 art.
3123 4754 3150 4811 1
3179 4757 3241 4811 et
3263 4753 3326 4826 Ξ,

1771 4852 1832 4907 et
1859 4845 2190 4920 Quodlibet
2220 4845 2282 4920 4,
2315 4851 2430 4907 art.
2470 4848 2544 4907 13
2562 4862 2583 4923 ;
2613 4853 2676 4907 et
2701 4845 2886 4906 simili
2917 4845 3101 4907 modo
3125 4846 3176 4904 si
3207 4851 3332 4905 tra-

1770 4938 1925 4999 ditio
1951 4938 2031 4998 sit
2057 4943 2301 5000 tantum
2337 4938 2602 5012 consilii,
2641 4937 3021 5015 distinguere
3049 4943 3324 5017 oportet3

1770 5048 1919 5092 nam
1948 5029 2003 5090 si
2032 5031 2344 5091 contineat
2363 5031 2616 5091 consilia
2631 5028 3044 5110 perfectioniS,
3071 5035 3132 5091 et
3151 5027 3329 5108 quasi

1770 5122 2199 5185 substantialia
2231 5123 2308 5183 ad
2357 5123 2534 5183 illum
2581 5128 2836 5193 statum,
2862 5122 2942 5185 ad
2970 5122 3328 5183 traditiones

1770 5217 2013 5277 divinas
2068 5214 2392 5277 referenda
2437 5223 2600 5277 sunt.
2656 5216 2887 5277 Caetera
2932 5234 3078 5276 vero
3128 5214 3329 5293 magis

1772 5310 2131 5371 communia
2185 5308 2262 5368 ad
2316 5308 2694 5389 Apostolicas
2757 5308 3338 5370 determinationes.·

1770 5402 2049 5481 Denique
2081 5402 2148 5461 in
2176 5400 2274 5461 his
2313 5382 2648 5463 moralib³us
2688 5401 3122 5463 traditionibus
3151 5418 3331 5481 opor-

1770 5500 1861 5555 tet
1892 5494 2214 5555 advertere
2242 5494 2431 5574 quod,
2463 5495 2604 5555 licet
2644 5511 2770 5555 non
2807 5493 2933 5555 sint
2970 5494 3146 5573 quasi
3193 5512 3328 5574 spe-

1769 5586 2038 5657 culative
2069 5586 2146 5647 ad
2196 5587 2610 5667 cognitionem
2646 5586 2970 5661 ordinatae,
3002 5587 3104 5651 sed
3151 5604 3331 5667 prac-
