3900 6217
459 822 466 829 .
687 768 828 805 „.
1027 684 2323 1005 TRAGTATUS
2424 688 2705 912 DE
2804 682 3301 912 FIDE

1463 1172 1730 1267 PARS
1795 1171 2286 1267 SECUNDA
2352 1172 2861 1271 MORALIS.

1589 1488 2739 1549 *w

1215 1782 1250 1811 Ο

1878 1828 2434 1905 PROOEMIUM.

662 2038 1108 2138 Unaquaeque
1143 2040 1354 2113 virtus
1395 2050 1462 2113 et
1491 2040 1831 2138 propriam
1867 2040 2077 2115 habet
2112 2052 2422 2115 naturam
2458 2052 2666 2138 atque
2694 2044 3082 2127 essentiam,
3126 2055 3198 2119 et
3232 2046 3613 2143 principium
3644 2058 3727 2118 est

561 2139 852 2212 activum
909 2140 1197 2235 aliquus
1252 2139 1560 2213 honestae
1609 2139 2020 2235 moralisque
2076 2140 2527 2237 operationis;
2588 2151 2656 2212 et
2712 2141 2868 2213 ideo
2920 2144 3176 2238 integra
3238 2144 3727 2239 uniuscujusque
3833 2188 3834 2231 1

559 2238 825 2309 virtutis
878 2238 1182 2311 doctrina
1234 2237 1405 2309 duas
1442 2247 1668 2335 partes
1717 2238 2051 2333 requirit:
2094 2260 2327 2329 unam,
2368 2261 2527 2334 quae
2578 2239 2819 2312 merito
2880 2240 3291 2337 speculativa
3346 2240 3473 2313 dici
3519 2254 3723 2336 potest,
3833 2236 3834 2259 ³

561 2335 721 2430 quia
759 2338 1149 2426 essentiam,
1185 2346 1253 2407 et
1287 2336 1755 2433 proprietateS,
1789 2336 2161 2432 obJectum,
2195 2348 2445 2425 actum,
2478 2346 2548 2407 et
2580 2335 2887 2409 habitum
2936 2339 3199 2412 virtutis
3246 2338 3722 2437 contemplatui-3
3833 2334 3834 2343 '

558 2433 842 2506 alteram
885 2457 1043 2507 vero
1095 2434 1461 2531 practicam
1499 2446 1566 2507 et
1618 2434 1969 2524 moralem,
2008 2435 2168 2529 quia
2215 2457 2351 2507 non
2406 2434 2623 2506 solum
2679 2434 2767 2507 de
2821 2435 2931 2507 his
2985 2436 3189 2509 rebus
3246 2447 3504 2525 tractat,
3540 2460 3673 2531 quae
3697 2460 3729 2511 a
3833 2460 3834 2463 ’

559 2530 757 2603 nobis
795 2532 995 2620 fiunt,
1031 2534 1151 2605 sed
1181 2532 1384 2604 etiam
1419 2532 1624 2605 modo
1657 2534 1952 2629 practico
1992 2542 2062 2605 et
2091 2532 2239 2604 utili
2276 2532 2365 2604 ad
2400 2554 2624 2604 mores
2658 2532 3045 2629 dirigendos
3083 2536 3412 2633 procedit.
3450 2533 3634 2630 Igitur
3662 2534 3729 2607 de
3833 2576 3834 2613 ξ

559 2629 804 2704 virtute
839 2630 1003 2702 fidei
1041 2632 1331 2727 priorem
1385 2647 1647 2726 partem
1685 2631 2011 2704 hactenus
2049 2632 2503 2703 tractavimus.
2556 2628 2753 2701 Nunc
2786 2654 2945 2703 vero
2980 2633 3419 2729 posteriorem
3466 2632 3728 2727 aggredi·
3833 2674 3834 2679 =

559 2749 738 2818 mur,
771 2728 842 2799 in
881 2752 1016 2825 qua
1048 2728 1172 2801 tria
1209 2731 1551 2824 praecipue
1585 2730 1806 2825 capita
1843 2755 1881 2801 a
1917 2728 2113 2802 nobis
2159 2728 2507 2811 tractanda
2547 2738 2729 2800 sunt.
2770 2726 3073 2803 Primum
3126 2731 3257 2803 erit
3295 2732 3383 2804 de
3417 2730 3728 2827 praeceptis
3833 2744 3834 2783 ³

561 2824 751 2917 fidei,
800 2837 869 2899 et
910 2848 1144 2899 eorum
1181 2826 1609 2920 obligatione,
1645 2850 1727 2900 ac
1759 2828 2035 2922 quando
2069 2837 2139 2898 et
2165 2825 2507 2921 quomodo
2536 2824 2880 2921 implenda
2916 2828 3072 2899 sint.
3109 2826 3500 2902 Secundum
3529 2828 3639 2901 erit
3661 2830 3729 2901 de

560 2923 737 2997 vitiis
772 2935 840 2997 et
873 2925 1167 3022 peccatis
1219 2925 1380 2997 huic
1421 2924 1649 2997 virtuti
1683 2926 2061 3014 contrariis,
2116 2924 2257 2996 sive
2294 2924 2427 2995 sint
2472 2922 2879 3015 omissionis,
2918 2924 3059 2997 sive
3095 2926 3607 3013 commissioniS,
3638 2924 3730 2997 ubi

561 3021 929 3095 dicendum
965 3024 1091 3095 erit
1123 3023 1210 3095 de
1243 3022 1616 3117 ignorantia
1650 3035 1718 3095 et
1750 3023 1838 3095 de
1864 3022 2294 3112 infidelitate,
2324 3031 2463 3093 tam
2496 3020 2569 3091 in
2590 3044 2840 3115 genere
2868 3045 3075 3118 quam
3110 3026 3489 3097 secundum
3515 3023 3729 3119 species

561 3123 622 3216 ej
633 3144 734 3193 us,
766 3120 1064 3194 Tertium
1093 3131 1296 3217 caput
1322 3120 1446 3192 erit
1471 3120 1558 3191 (le
1586 3122 1830 3215 poenis,
1861 3120 2239 3217 praesertim
2265 3117 2763 3209 ecclesiasticis,
2794 3142 2955 3215 quae
2983 3133 3262 3218 propter
3292 3122 3445 3197 haec
3467 3131 3723 3218 peccata,
3833 3172 3834 3175 ,

560 3220 939 3314 praesertim
975 3219 1320 3302 haeresim,
1366 3220 1800 3292 incurruntur
1832 3218 1940 3290 vel
1974 3218 2439 3315 imponuntur,
2474 3228 2543 3288 et
2578 3238 2716 3312 quo
2749 3218 2986 3289 ordine
3018 3231 3087 3290 et
3116 3220 3329 3293 modo
3354 3220 3729 3316 imponendae

561 3316 720 3391 sint.
758 3315 957 3391 Prius
991 3340 1150 3391 vero
1185 3340 1391 3414 quam
1437 3316 1729 3413 primum
1776 3328 1981 3413 caput
2030 3316 2524 3412 aggrediamur,
2561 3316 2721 3409 quia
2778 3328 3198 3413 praeceptum
3260 3317 3429 3391 fidei
3462 3318 3733 3415 supponit

559 3417 1033 3489 necessitatem
1068 3420 1244 3512 eJ'uS,
1301 3428 1638 3511 quatenus
1674 3425 1778 3487 est
1815 3416 2119 3487 medium
2171 3414 2259 3485 ad
2312 3412 2626 3499 salutem,
2664 3424 2823 3485 ante
2869 3413 3243 3487 doctrinam
3302 3416 3393 3489 de
3438 3426 3733 3512 praecepto

561 3513 650 3585 de
679 3515 1077 3587 necessitate
1113 3516 1244 3586 hac
1277 3513 1640 3586 dicendum
1675 3525 1812 3595 est;
1845 3523 1948 3585 est
1974 3514 2156 3585 enim
2180 3511 2373 3607 quasi
2398 3510 2917 3583 fundamentum
2942 3514 3147 3586 totius
3174 3515 3481 3587 materiae
3506 3512 3735 3587 moralis

562 3611 651 3683 ad
689 3612 1004 3685 virtutem
1035 3613 1198 3687 fidei
1231 3612 1666 3710 pertinentis;
1703 3622 1939 3708 postea
1970 3632 2129 3683 vero
2160 3618 2407 3682 caetera
2442 3630 2955 3705 prosequemur.

1069 3889 1520 3955 DISPUTATIO
1565 3891 1613 3962 Ι.
1970 3892 1989 3911 ·
2214 3885 2394 3946 nobis
2432 3872 2849 3964 praeceptum‘;
2893 3884 3053 3945 nihil
3086 3886 3255 3947 enim
3292 3887 3494 3967 magis
3532 3852 3736 3948 hoinini

2212 3978 2569 4057 injungitur
2594 4026 2611 4053 ,
2647 3994 2839 4057 quam
2874 3983 2945 4038 ut
2984 3996 3111 4039 suoe
3162 3979 3381 4040 salutis
3424 3996 3621 4041 curam
3651 3978 3739 4037 ba-

2213 4072 2358 4133 beat
2382 4071 2677 4150 illamque
2704 4078 3031 4151 procuret3
3066 4071 3386 4136 obtinetur
3432 4079 3627 4135 autem
3650 4086 3739 4150 per

2216 4166 2423 4227 media
2437 4208 2458 4241 ,
2503 4166 2847 4244 praesertim
2876 4166 3215 4227 necessaria
3232 4182 3253 4244 3
3282 4186 3435 4247 ergo
3460 4168 3587 4228 haec
3620 4169 3738 4227 sunt

567 4250 646 4297 nn
681 4250 1076 4299 Nmssrrssn
1103 4250 1284 4310 mum,
1310 4248 1618 4301 ouarssnus
1645 4246 1884 4325 munitm
1914 4247 2023 4294 sssr
2052 4246 2133 4293 An
2211 4276 2347 4337 quae
2419 4257 2689 4318 maxime
2762 4256 3003 4318 homini
3080 4260 3563 4340 praeeipiuntlm
3618 4273 3739 4334 erg„

883 4065 942 4101 ΙΤ
976 4066 1026 4103 ut
1056 4064 1240 4103 ΟΒΒΙΙΒ
1271 4064 1337 4102 An
1364 4062 1713 4102 amantium
1738 4064 1825 4101 xit.

1639 4132 1652 4151 ι

961 4344 1229 4391 suumn
1255 4342 1738 4396 cousmumfflffl·
2212 4350 2515 4431 quidquid
2557 4352 2970 4411 necessarium
3018 4358 3111 4413 est
3152 4354 3513 4415 necessitate
3558 4349 3737 4421 medii,

2212 4450 2305 4505 est
2350 4443 2541 4503 etiam
2586 4444 3001 4504 necessarium
3040 4446 3405 4507 necessitate
3446 4442 3736 4527 praeeept13

654 4542 711 4603 t.
755 4537 1105 4605 Necessitas
1151 4537 1282 4602 alia
1321 4538 1533 4610 medii,
1569 4536 1698 4601 alia
1716 4537 2028 4619 praecepti.
2054 4568 2135 4581 -—
2216 4556 2251 4599 e
2278 4554 2573 4599 converso
2600 4536 2905 4613 similiter,
2934 4538 3238 4619 quidquid
3280 4547 3375 4602 est
3406 4540 3575 4602 nobis
3610 4554 3739 4617 prte-

569 4634 760 4699 Ratio
815 4631 1128 4698 dubitandi
1181 4650 1294 4713 pro
1348 4630 1721 4713 reprobanda
1767 4630 1932 4694 diota
1982 4631 2137 4692 divi·
2216 4636 2492 4710 ceptum,
2532 4634 2627 4691 est
2666 4629 2857 4693 etiam
2904 4631 3183 4693 medium
3230 4632 3633 4695 necessarium
3674 4626 3738 4689 ad

568 4730 756 4791 sione.
791 4760 873 4773 —-
905 4726 1266 4804 Priusquam
1322 4726 1400 4784 ad
1446 4724 1814 4802 quaestiones
1861 4722 2137 4801 singulas
2214 4723 2501 4801 salutem,
2527 4724 2705 4802 juxta
2728 4724 2988 4785 verbum
3008 4725 3234 4787 Christi
3262 4727 3527 4803 Domini,
3551 4724 3735 4787 Matth.

570 4820 648 4881 de
700 4820 1061 4881 necessitate
1107 4818 1251 4878 fidei
1297 4816 1376 4878 ad
1427 4816 1687 4877 salutem
1729 4816 2093 4877 accedamus
2112 4864 2128 4891 ,
2219 4821 2293 4879 19
2322 4838 2335 4878 τ
2368 4814 2449 4881 Sa·
2474 4816 2567 4879 vis
2594 4817 2678 4879 ad
2697 4818 2887 4881 vitam
2912 4817 3183 4899 inqredi,
3222 4838 3399 4883 sorva
3444 4820 3741 4885 mandata:

570 4919 813 4993 oportet
839 4912 1185 4991 generatim
1217 4927 1524 4990 exponere
1552 4910 1704 4991 quid
1733 4911 1834 4984 sit,
1882 4916 1944 4970 et
1984 4928 2138 4987 quo·
2218 4910 2633 4989 interrogatus
2664 4910 2832 4970 enim
2860 4909 2937 4971 de
2968 4912 3187 4973 mediis
3217 4930 3361 4992 quae
3398 4913 3477 4975 ad
3510 4911 3741 4973 salutem

572 5008 786 5087 tuplex
812 5006 948 5067 haec
985 5006 1374 5074 necessitas&
1411 5004 1614 5065 solent
1641 5003 1808 5065 enim
1835 5002 2137 5083 Theologi
2218 5002 2499 5063 adhiberi
2522 5009 2783 5083 oportet,
2816 5004 3111 5065 mandata
3151 5006 3473 5085 proponit3
3497 5022 3634 5083 ergo
3654 5000 3741 5060 illa

571 5098 881 5179 duplicem
909 5098 1334 5160 necessitatem
1364 5098 1740 5176 distinguere
1770 5114 1783 5157 ε
1811 5113 2005 5155 unam
2031 5113 2139 5157 vo-
2220 5102 2365 5156 sunt
2394 5097 2723 5176 proecipua,
2766 5101 2829 5158 et
2872 5096 3145 5159 maxime
3188 5100 3562 5175 necessaria;
3593 5092 3741 5159 nulla

573 5201 719 5256 cant
762 5192 1184 5253 necessitatem
1225 5192 1456 5264 medii,
1504 5190 1764 5253 alteram
1817 5190 2141 5250 necessita·
2220 5205 2369 5267 ergo
2393 5196 2648 5269 apparet
2668 5189 2983 5251 distinctio
3008 5190 3267 5271 duplicis
3296 5190 3673 5253 necessitatis.

571 5292 700 5348 tem
731 5286 1040 5365 praecepti,
1079 5302 1342 5363 quorum
1374 5284 1798 5347 membrorum
1827 5282 2139 5344 distinctio
2301 5284 2360 5342 2.
2410 5282 2625 5356 Qualis
2682 5284 2767 5347 sit
2814 5284 2931 5347 illa
2968 5285 3208 5348 divisio.
3248 5318 3331 5333 -—
3364 5283 3741 5347 Nihilominus

573 5380 945 5441 subobscura
986 5377 1182 5439 videri
1230 5384 1446 5459 potest.
1497 5378 1652 5439 Nam
1696 5375 1999 5455 quidquid
2050 5381 2141 5437 est
2218 5373 2531 5437 distinctio
2568 5375 2789 5438 merito
2834 5395 2871 5438 a
2920 5378 3247 5458 Theologis
3288 5380 3429 5440 data
3464 5384 3571 5439 est.
3608 5376 3738 5437 Nam

577 5472 859 5534 medium
895 5470 1310 5534 necessarium
1358 5470 1439 5533 ad
1485 5469 1775 5546 salutem,
1813 5476 1907 5531 est
1950 5468 2139 5531 etiam
2219 5467 2297 5529 ad
2328 5469 2695 5548 quaestiones
2730 5470 2995 5531 morales
3020 5470 3483 5552 distinguendas
3524 5476 3609 5532 est
3634 5482 3743 5527 ma-
