3900 6217
547 364 666 424 304

533 475 598 531 et
639 468 1054 531 Conciliorum
1104 468 1467 547 citavimus3
1499 469 1690 532 refert
1718 471 1906 533 etiam
1951 473 2106 533 Tur-

534 581 822 639 reerem.,
852 562 962 624 lib.
994 566 1097 640 22,
1127 582 1182 623 c.
1215 564 1317 637 39,
1345 562 1572 625 dixisse
1603 566 1900 644 quosdam
1933 566 2107 627 insti-

509 662 736 717 tutam
781 656 966 717 fuisse
999 656 1162 716 hanc
1188 656 1558 735 dignitatem
1597 658 1676 719 ab
1721 658 2109 738 imperatori-

537 748 676 810 buS.
709 750 810 809 Sic
846 748 1134 810 Calvinus
1162 748 1300 810 vult
1333 749 1625 826 Phocam,
1669 750 2106 832 imperatorem

535 860 833 922 graecum,
864 841 1100 903 dedisse
1133 842 1412 903 Pontifici
1446 845 1726 905 Romano
1768 845 2105 923 primatum

534 936 601 995 in
629 935 865 995 Graecos
874 951 894 1013 ;
944 934 1232 1015 Pipinum
1265 942 1326 997 et
1372 936 1660 999 Carolum
1705 938 2001 1015 Magnum
2037 938 2103 997 in

533 1027 738 1090 Gallos
783 1034 846 1089 et
888 1028 1246 1105 Germanos,
1295 1030 1460 1109 quod
1511 1030 1798 1110 equidem
1847 1030 2105 1091 vanissi-

535 1139 713 1182 mum
756 1126 865 1182 est.
901 1122 1055 1183 Nam
1085 1122 1404 1183 evidenter
1445 1124 1828 1185 ostendimus
1856 1122 2106 1203 pontifi-

531 1214 696 1277 ciam
754 1216 1122 1295 dignitatem
1189 1232 1320 1278 esse
1385 1216 1582 1278 multo
1639 1217 2055 1296 antiquiorem
2080 1232 2102 1295 3

533 1306 770 1369 Phocas
788 1326 936 1387 ergo
958 1307 1162 1369 solum
1184 1308 1522 1371 declaravit
1541 1311 1741 1371 edicto
1760 1310 2103 1371 Romanam

531 1400 868 1463 Ecclesiam
915 1419 1046 1463 esse
1093 1411 1279 1483 caput
1328 1403 1610 1465 omnium
1659 1403 2102 1479 Ecclesiarum‚

535 1493 722 1573 idque
747 1500 818 1554 ut
844 1494 1251 1558 ambitionem
1281 1496 1646 1577 patriarchae
1673 1496 2104 1558 Constantino-

533 1586 795 1667 politani
838 1596 1269 1669 compesceret,
1308 1592 1466 1652 sicut
1505 1590 1671 1653 Beda
1716 1590 1904 1652 refert
1943 1590 2106 1652 libro

535 1680 612 1742 de
641 1682 762 1743 Sex
788 1682 1096 1761 aetatibus,
1131 1684 1198 1745 in
1233 1684 1472 1762 Phoca;
1506 1684 1671 1765 quod
1701 1692 1911 1747 tamen
1940 1685 2105 1747 idem

535 1774 954 1837 declaraverat
993 1777 1382 1838 Justinianus
1423 1776 1782 1857 imperator,
1809 1780 1992 1860 epist.
2028 1777 2108 1840 ad

533 1869 854 1930 Innocent.
896 1869 968 1944 11,
1011 1875 1074 1930 et
1103 1870 1412 1932 Valentin.
1457 1876 1722 1951 utroque
1766 1872 2103 1953 antiquior,

535 1962 797 2041 epistola
823 1962 902 2024 ad
929 1962 1360 2024 Theodosium.
1392 1963 1647 2044 Pipinus
1675 1972 1881 2027 autem
1909 1973 1971 2027 et
1999 1967 2109 2027 Ca-

532 2054 700 2117 rolus
751 2055 1012 2135 Magnus
1065 2056 1224 2119 nihil
1277 2056 1611 2136 spiritualis
1663 2059 1981 2137 potestatis
2036 2060 2103 2121 in

537 2147 802 2209 Galliam
858 2148 959 2211 vel
1015 2149 1414 2211 Germaniam
1469 2150 1766 2230 Episcopo
1823 2153 2105 2215 Romano

539 2242 975 2319 contuleruntj,
1007 2244 1201 2304 multo
1242 2243 1410 2304 enim
1454 2250 1730 2323 tempore
1772 2252 1916 2307 ante
1945 2248 2107 2327 ipsos

539 2335 660 2396 Leo
688 2335 877 2415 Papa,
903 2337 1163 2415 epistola
1188 2338 1289 2411 89,
1313 2343 1375 2398 ct
1403 2336 1756 2416 GregoriuS,
1781 2338 1825 2401 1.
1857 2342 1922 2415 4,
1949 2340 2107 2420 epis-

535 2426 662 2489 tola
704 2430 806 2504 52,
845 2430 1224 2510 scripserunt
1251 2429 1328 2492 ad
1361 2430 1692 2512 Epist-opos
1733 2432 1943 2494 Galliae
1970 2440 2104 2492 tan-

537 2540 726 2601 quam
756 2522 1082 2585 Pontifices
1111 2524 1350 2585 Summi
1385 2544 1455 2585 ac
1483 2526 1828 2604 superiores
1861 2543 2100 2586 eorum.

537 2616 652 2677 Per
677 2616 743 2678 id
781 2634 1027 2697 quoque
1067 2624 1336 2697 tcmpuS,
1377 2624 1711 2697 antequam
1745 2620 1998 2697 Pipinus
2037 2622 2103 2681 in

535 2728 746 2789 regem
777 2711 1052 2773 Franciae
1073 2712 1432 2791 eligeretur,
1461 2713 1756 2793 primates
1793 2720 1856 2775 et
1881 2713 2107 2775 Gallia-

533 2822 676 2863 rum
717 2804 930 2885 populi
967 2806 1412 2867 relaxationem
1438 2808 1781 2885 juramenti
1807 2808 1886 2867 ob
1907 2809 2106 2887 justas

535 2914 748 2957 causas
777 2916 816 2958 a
850 2896 1145 2961 Pontifice
1181 2900 1438 2961 Summo
1466 2900 1800 2979 petierunt,
1833 2908 1905 2962 ut
1941 2901 2105 2963 licite

531 2997 782 3070 possent
810 2991 1095 3071 iniquum
1126 3010 1336 3071 regem
1360 2993 1690 3073 deponere,
1715 3012 1787 3055 ac
1816 2995 2104 3075 Pipinum

533 3081 896 3164 subrogare,
923 3104 1060 3166 quae
1087 3086 1344 3147 historia
1372 3086 1569 3147 videri
1591 3093 1792 3165 potest
1817 3088 1884 3147 in
1914 3087 2106 3149 Paulo

531 3176 823 3253 Diacon0‚
851 3180 890 3239 6
909 3179 984 3239 de
1009 3179 1204 3241 Gestis
1227 3179 1641 3259 Longobard„
1667 3197 1719 3241 c.
1749 3182 1786 3241 5
1796 3195 1817 3259 3
1841 3185 1903 3241 et
1927 3180 2099 3243 Paul.

530 3271 773 3348 AEmil.,
799 3272 842 3334 l.
869 3276 897 3333 1
931 3278 994 3333 et
1016 3275 1055 3334 2
1082 3272 1158 3333 de
1185 3272 1380 3334 Gestis
1403 3272 1804 3349 Francorum,
1832 3278 1895 3334 et
1921 3272 2103 3334 Blon-

533 3364 640 3439 do,
668 3363 899 3427 decade
929 3368 989 3442 1,
1023 3364 1067 3425 l.
1104 3366 1202 3427 10.

612 3463 675 3523 3.
726 3459 890 3533 Quid
909 3459 1023 3523 alii
1056 3460 1439 3523 damnati.—-
1453 3459 2103 3539 Rejiciwntur.-Alii

528 3556 769 3635 opinati
817 3560 964 3615 sunt
999 3554 1475 3617 Constantinum
1518 3554 1960 3633 imperatorem
2003 3554 2105 3617 de—

527 3650 691 3711 disse
740 3648 1083 3729 primatum
1136 3648 1432 3728 Episcopo
1484 3648 1764 3709 Romano
1783 3692 1806 3725 ,
1853 3654 2105 3727 propter

533 3760 842 3805 canonem
875 3740 1328 3816 Constantinus,
1367 3740 1428 3802 d.
1462 3742 1564 3802 96.
1598 3741 1691 3801 Ita
1717 3745 1920 3821 posuit
1946 3743 2105 3805 lilar-

534 3835 631 3898 sil.
659 3835 738 3897 de
774 3834 1008 3911 Padua,
1036 3834 1366 3895 damnatus
1395 3852 1432 3897 a
1453 3837 1679 3897 Joann.
1706 3833 1870 3897 XXII
1893 3836 1960 3895 in
1992 3854 2106 3897 sua

531 3928 804 4009 quadam
835 3928 1306 4007 Extravaganti,
1333 3928 1646 4008 refertque
1677 3930 2105 3991 Turrecrema-

525 4028 614 4095 ta,
659 4021 818 4083 libro
844 4024 906 4098 2,
939 4021 1122 4103 capit.
1156 4023 1260 4098 42,
1309 4030 1374 4084 et
1401 4022 1561 4083 libro
1601 4025 1665 4100 4,
1694 4022 1760 4083 in
1789 4022 1898 4084 fin.
1932 4023 2099 4085 Idem

525 4116 771 4195 putavit
807 4116 1076 4178 ,Ioannes
1122 4116 1301 4191 Busa,
1351 4117 1680 4179 damnatus
1713 4116 1782 4177 in
1825 4116 2100 4178 Concilio

527 4208 1011 4287 Constantiens„
1033 4227 1177 4271 sess.
1203 4212 1307 4285 14,
1325 4216 1543 4271 contra
1561 4226 1716 4290 quos
1732 4208 1888 4270 illud
1909 4209 2099 4271 etiam

529 4302 756 4365 sufficit
774 4350 797 4380 ,
849 4304 1012 4385 quod
1067 4303 1250 4384 plane
1301 4304 1756 4367 ostenderimus
1803 4303 2101 4385 exemplis

527 4398 801 4478 antiquis
849 4398 1272 4459 Romanorum
1328 4396 1728 4474 Pontificum,
1770 4398 1938 4459 hunc
1976 4398 2105 4479 pri-

529 4496 771 4551 matum
798 4490 1082 4553 Ecclesiae
1104 4492 1398 4554 Romanae
1423 4510 1554 4553 esse
1577 4490 1774 4552 multo
1797 4490 2010 4572 antiqu
2020 4491 2105 4552 io·-

526 4602 686 4649 rem.
719 4585 852 4647 Imo
894 4592 956 4646 et
993 4586 1123 4665 ipsc
1154 4585 1594 4647 Constantinus
1637 4584 1704 4646 in
1731 4584 1841 4645 illo
1881 4585 2103 4647 eodem

521 4686 760 4741 canone
787 4678 1135 4756 confitetur,
1167 4678 1585 4760 principatum
1617 4679 2007 4741 sacerdotum
2040 4684 2103 4740 et

532 4772 882 4835 christianas
905 4772 1224 4853 relig-ionis
1249 4780 1437 4855 caput
1468 4774 1547 4836 ab
1570 4775 1946 4855 Imperatore
1968 4773 2101 4835 Cos-

519 4862 662 4928 lesti
705 4865 1056 4928 institutum
1098 4884 1268 4946 esse3
1313 4868 1623 4948 quocirca,
1673 4884 1811 4947 quse
1861 4864 2100 4926 ibidem

521 4958 961 5023 Constantinus
990 4961 1270 5023 Pontifici
1297 4963 1578 5024 Romano
1607 4960 1874 5040 largitur
1905 4957 2099 5037 (nihil

521 5051 710 5115 modo
733 5052 812 5114 de
837 5052 1004 5115 illius
1025 5054 1281 5117 canonis
1305 5055 1676 5117 auctoritate
1701 5052 2097 5134 disputando)

521 5145 749 5227 partim
779 5147 860 5209 ad
891 5147 1241 5209 dominium
1268 5147 1609 5229 temporale
1635 5150 1933 5227 spectant,
1957 5163 2099 5225 par-

521 5240 640 5304 tim
678 5242 758 5303 ad
787 5243 1216 5307 executionem
1239 5244 1561 5322 dignitatis
1591 5240 1943 5323 pontificias,
1970 5257 2099 5302 non

525 5333 605 5397 ad
655 5337 789 5415 ejus
843 5337 1325 5400 institutionem.
1371 5339 1528 5400 Nam
1547 5384 1568 5414 ,
1616 5336 1760 5397 lieet
1801 5340 1946 5395 ante
1990 5334 2098 5395 illa

521 5436 806 5513 tempora
826 5431 1110 5511 Episcopi
1133 5432 1398 5495 Romani
1423 5434 1488 5493 in
1525 5437 1722 5492 totam
1755 5428 2094 5491 Ecclesiam

518 5521 824 5586 haberent
864 5526 1318 5604 auctoritatem,
1365 5532 1640 5590 attamen
1687 5512 1768 5585 ob
1809 5540 2095 5603 persecu-

1615 370 1854 424 DlSPUT.
1889 371 1950 423 Χ.
1986 372 2068 425 DE
2100 372 2311 425 SUMMO
2344 372 2683 437 PQNTmcE.

2184 473 2385 536 tiones
2424 480 2486 535 et
2524 474 2647 535 alia
2679 470 3156 553 impedimenta,
3199 490 3319 534 non
3346 481 3596 553 poterant
3624 487 3679 541 ut

2187 568 2509 647 oportebat
2550 585 2659 629 sna
2700 566 2793 627 uti
2834 571 3151 644 potestate,
3194 573 3253 629 et
3286 568 3579 633 Ecclesiam
3611 583 3680 637 to-

2190 667 2316 722 tam
2356 661 2727 741 gubernare‚
2773 659 2935 739 quo-l
2974 666 3051 719 ut
3090 660 3283 722 facere
3316 660 3545 725 liberius
3567 685 3680 747 pos-

2187 760 2325 816 sent
2350 755 2789 816 Constantinus
2818 752 3078 815 curavit.

2266 850 2328 910 4.
2378 848 2543 923 Quid
2570 848 2894 921 humer-m,
2920 848 3029 929 qui
3056 846 3232 910 etiam
3256 857 3684 933 amyntam-.—

2184 939 2381 1002 Aliter
2408 940 2591 1002 finxit
2616 941 2921 1003 Lutherus
2945 940 3307 1020 dignitatem
3338 942 3484 1003 lianc
3508 962 3541 1003 a
3560 945 3684 1007 Con-

2186 1034 2460 1095 stantino
2492 1035 2572 1095 IV
2604 1052 2910 1111 manasse,
2936 1034 3176 1115 prolato
3205 1053 3275 1096 ex
3309 1036 3531 1099 Platina
3551 1040 3683 1099 testi·

2185 1128 2421 1203 monio,
2450 1147 2511 1187 in
2537 1128 2683 1189 Vita
2718 1126 3037 1189 Benedicti
3064 1128 3170 1189 ΧΠ
3185 1150 3202 1203 3
3228 1128 3329 1189 sed
3363 1131 3555 1193 eadem
3586 1152 3685 1193 cer-

2185 1218 2452 1283 titudine
2474 1218 2775 1282 Lutherus
2801 1219 3148 1281 excluditur
3172 1238 3247 1281 ex
3272 1221 3571 1285 traditione
3590 1224 3688 1287 dic-

2186 1320 2275 1389 ta,
2305 1320 2369 1375 et
2400 1313 2535 1375 aliis
2563 1331 2699 1394 quoe
2726 1320 2869 1375 ante
2906 1312 3275 1374 adduximus
3286 1330 3307 1391 ;
3331 1313 3549 1377 Platina
3574 1336 3688 1379 vcro

2188 1408 2386 1469 solum
2453 1407 2665 1469 refert'
2700 1407 2929 1470 habere
2983 1406 3132 1468 olim
3194 1408 3566 1489 Imperatores
3610 1412 3691 1490 jus
3813 1470 3814 1473 ,

2186 1500 2499 1581 quoddam
2540 1501 2949 1563 confirmandi
2987 1500 3351 1562 Pontificum
3392 1500 3690 1579 electioneS,

2188 1594 2291 1655 cui
2313 1595 2749 1657 Constantinus
2790 1596 2869 1656 Ν
2894 1612 3004 1656 suo
3042 1600 3321 1674 tempore
3356 1596 3520 1657 cessit
3527 1612 3547 1673 3
3570 1595 3693 1659 illud
3813 1668 3814 1677 ἶ

2188 1706 2375 1768 porro
2412 1689 2542 1768 jus,
2585 1707 2713 1751 non
2760 1689 2883 1751 nisi
2928 1688 3315 1750 concessione
3357 1696 3418 1750 et
3444 1688 3695 1751 beneficio
3813 1740 3814 1751 1

2189 1782 2363 1843 Sedis
2388 1783 2750 1863 Apostolicae
2778 1782 3101 1857 babuerat,
3127 1786 3201 1842 ut
3222 1781 3380 1843 infla
3404 1780 3631 1845 dicetur.
3813 1858 3814 1861 Ἴ

2271 1876 2328 1935 5.
2378 1871 2659 1938 Aliorum
2690 1875 3019 1957 responsio.
3041 1908 3122 1921 —
3142 1875 3508 1957 Reprobatur
3526 1882 3587 1937 ut
3607 1878 3698 1937 lue·
3813 1888 3814 1951 5

2186 1966 2401 2030 rstica.
2423 1999 2505 2013 —
2526 1967 2649 2029 Alii
2674 1974 3005 2028 autumant
3028 1970 3363 2048 primatum
3386 1966 3557 2031 fuisse
3585 1988 3701 2029 con-
3813 2018 3814 2029 2

2188 2076 2429 2120 cessum
2452 2060 2749 2141 Episcopo
2771 2062 3049 2123 Romano
3068 2058 3148 2121 ab
3170 2060 3451 2121 universa
3477 2060 3703 2123 Ecclesia
3813 2126 3814 2135 ,

2184 2152 2251 2211 iu
2282 2153 2531 2213 Nicaeno
2572 2154 2883 2231 Concilio;
2922 2153 3010 2215 ibi
3052 2171 3321 2233 namque
3366 2152 3563 2215 datum
3598 2173 3703 2217 esse

2186 2246 2582 2325 privilegium
2627 2248 2923 2309 Romanae
2969 2247 3133 2322 Sedi,
3168 2246 3333 2307 utin
3366 2244 3703 2325 gravioribus

2186 2342 2389 2401 causis
2433 2339 2512 2401 ad
2568 2340 2741 2401 illam
2786 2358 2863 2401 ex
2908 2340 3200 2401 universa
3246 2339 3501 2401 Ecclesia
3542 2346 3707 2419 posset

2184 2432 2503 2513 appellari.
2553 2434 2726 2496 Unde
2770 2432 3138 2496 Melchiades
3179 2434 3367 2513 Papa,
3397 2432 3613 2511 epistol.
3642 2432 3705 2493 ad

2184 2527 2514 2607 Episcopos
2559 2528 2900 2607 Hispaniae;
2931 2528 3204 2598 Damas„
3245 2526 3419 2606 epist.
3463 2525 3536 2586 ad
3567 2525 3707 2585 Pros-
3813 2530 3814 2539 ³

2183 2637 2438 2699 perum;
2470 2620 2773 2695 ZozimuS,
2807 2622 2986 2701 epist.
3016 2622 3095 2682 ad
3134 2620 3465 2701 Episcopos
3501 2616 3703 2693 Africus,

2184 2716 2363 2793 cujus
2406 2714 2596 2775 verba
2636 2716 2704 2776 in
2742 2715 3015 2777 Concilio
3062 2720 3239 2777 sexto
3287 2714 3707 2793 Carthaginensi

2184 2806 2527 2887 habentur3
2560 2816 2621 2869 et
2646 2809 2847 2870 Julius
2873 2810 2931 2883 1,
2964 2808 3141 2889 epist.
3175 2808 3257 2869 ad
3288 2807 3623 2883 OrientaleS,
3648 2808 3707 2867 de

2184 2901 2300 2962 hac
2340 2901 2641 2981 dignitate
2670 2907 3023 2977 tractanteS,
3054 2900 3260 2963 solum
3300 2919 3433 2961 eam
3472 2900 3709 2961 referunt

2186 2994 2255 3055 in
2280 2994 2563 3057 Ecclesiae
2590 2995 3119 3070 consuetudinem,
3152 2994 3526 3073 Conciliique
3555 2994 3707 3053 Nicae-

2184 3088 2251 3149 ni
2281 3088 2730 3164 definitionem,
2756 3087 2923 3168 quod
2952 3095 3279 3149 senserunt
3306 3090 3491 3150 etiam
3516 3088 3705 3149 Africa-

2183 3182 2250 3243 ni
2276 3182 2555 3261 Episcopi
2580 3182 2645 3242 in
2675 3181 2783 3241 illo
2812 3187 2985 3243 sexto
3012 3180 3289 3243 Concilio
3318 3178 3701 3263 profitentesse

2183 3275 2733 3356 obtemperaturos,
2765 3276 2817 3335 si
2846 3293 3045 3337 canon
3081 3274 3186 3336 ille
3214 3276 3498 3337 Nicaenus
3522 3273 3706 3353 reperi-

2184 3376 2377 3430 retur.
2405 3369 2573 3431 Idem
2606 3369 2916 3430 indieatur
2957 3369 3022 3429 in
3050 3368 3329 3430 Concilio
3357 3368 3709 3441 Chalcedon„

2184 3470 2299 3525 act.
2348 3465 2447 3539 16,
2495 3468 2559 3524 et
2601 3464 2879 3524 Romano
2920 3469 3165 3543 quarto,
3197 3462 3313 3525 sub
3355 3461 3710 3543 symmache.

2184 3559 2331 3619 Haec
2370 3574 2517 3618 vero
2562 3558 2870 3618 sententia
2906 3574 3030 3617 non
3062 3556 3269 3617 solum
3310 3556 3591 3618 haeretica
3620 3561 3713 3628 est,

2184 3651 2290 3711 sed
2315 3669 2389 3712 ex
2414 3651 2545 3731 ipso
2570 3668 2687 3711 usu
2712 3656 2773 3712 et
2790 3650 3124 3711 traditione
3154 3650 3341 3730 plane
3368 3650 3717 3711 convincitur

2182 3744 2493 3819 falsitatiS,
2514 3749 2699 3823 atque
2728 3760 2803 3805 ex
2835 3744 2965 3822 ipso
2990 3744 3179 3803 etiam
3203 3742 3478 3804 Concilio
3506 3743 3716 3803 Nicaeno

2183 3838 2539 3919 impugnari
2577 3842 2797 3917 potest.
2826 3837 3005 3907 Nam,
3032 3842 3105 3897 ut
3136 3855 3329 3919 supra
3364 3836 3634 3911 vidimus,
3661 3834 3717 3893 in

2184 3929 2491 4010 plerisque
2518 3929 2655 3990 aliis
2686 3930 3027 3991 canonibus
3060 3931 3436 4010 pronunciat
3473 3934 3716 3991 veterem

2184 4040 2315 4085 esse
2346 4022 2857 4084 consuetudinem
2887 4028 2957 4083 ut
2980 4023 3149 4084 inter
3180 4041 3400 4085 omnes
3428 4023 3719 4103 Episcopus

2182 4118 2498 4179 Romanus
2535 4116 2872 4196 primatum
2908 4114 3162 4190 habeat3
3196 4116 3438 4177 nullam
3466 4134 3607 4195 ergo
3642 4114 3721 4175 di-

2180 4210 2487 4287 gnitatem
2514 4209 2613 4271 vel
2646 4214 3012 4289 potestatem
3048 4209 3397 4271 Concilium
3437 4208 3527 4270 illi
3570 4206 3719 4268 attri-

2180 4302 2339 4365 buit.
2390 4302 2550 4378 Sed,
2604 4310 2675 4362 ut
2722 4302 2907 4381 paulo
2956 4308 3103 4365 ante
3152 4302 3515 4366 dicebamus
3535 4351 3549 4375 ,
3598 4307 3721 4363 ante

2146 4412 2155 4421 ’
2181 4398 2571 4459 Constantini
2590 4402 2652 4458 et
2669 4397 2927 4459 Concilii
2948 4398 3181 4461 Nicaeni
3202 4405 3484 4479 tempora
3504 4394 3723 4458 aliunde

2182 4491 2547 4553 attributam
2592 4509 2876 4553 exercere
2922 4510 3049 4552 non
3094 4496 3368 4572 poterat3
3416 4488 3726 4553 declaravit

2183 4585 2391 4664 itaque
2419 4584 2763 4645 Concilium
2790 4584 3135 4660 Nicaenum,
3164 4584 3519 4664 postulante
3546 4582 3722 4643 Eccle-

2180 4678 2294 4753 sia,
2318 4684 2390 4738 ut
2418 4678 2737 4739 Romanus
2769 4676 3077 4753 Pontifex,
3102 4678 3304 4757 quoad
3343 4684 3631 4758 punctum
3660 4674 3723 4734 il·

2178 4772 2287 4834 lud
2316 4772 2392 4833 de
2418 4770 2961 4853 appellationibus,
2994 4788 3171 4832 suam
3208 4778 3574 4851 potestatem
3600 4788 3723 4832 exe-

2178 4870 2493 4946 queretur.
2534 4863 2707 4925 Adde
2754 4880 2882 4943 prae
2891 4871 3054 4926 terea
3094 4864 3424 4927 Pontifices
3462 4866 3725 4926 Summos

2178 4958 2471 5020 omnibus
2497 4956 2732 5037 regulis
2766 4957 2915 5019 fidei
2956 4958 3143 5019 fuisse
3170 4976 3315 5021 usos
3346 4958 3428 5019 ad
3457 4975 3625 5019 suam
3648 4955 3725 5014 di-

2180 5054 2481 5131 gnitatem
2528 5049 3057 5124 confirmandam,
3106 5050 3431 5131 Evangelii
3472 5050 3726 5113 testimo-

2178 5144 2325 5221 niis,
2368 5144 2725 5221 traditione,
2760 5142 3176 5205 Conciliorum
3218 5143 3510 5217 decretis3
3544 5157 3725 5220 neque

2179 5244 2485 5318 oportere,
2524 5244 2597 5299 ut
2647 5235 2939 5300 omnibus
2988 5236 3175 5299 simul
3225 5238 3458 5316 regulis
3504 5251 3727 5314 semper

2176 5338 2458 5409 utantur,
2489 5333 2595 5395 sed
2622 5330 2734 5394 illa
2764 5348 2905 5412 qnae
2933 5348 3043 5412 pro
3070 5337 3429 5412 temporum
3460 5333 3731 5410 opportu-

2174 5426 2391 5502 nitate,
2406 5432 2730 5501 eteorum,
2754 5425 2830 5486 ad
2861 5444 3012 5505 quos
3034 5442 3237 5487 sermo
3252 5430 3367 5501 est,
3384 5424 3725 5505 capacitate,

2174 5518 2417 5581 videtur
2448 5520 2662 5583 utilior
2690 5525 2753 5582 et
2779 5517 3340 5581 accommodatior:
3366 5524 3431 5579 et
3452 5516 3727 5598 quoniam
