3900 6217
578 410 696 473 130

578 532 721 577 rum
748 512 1059 575 ordinarie
1086 530 1215 573 non
1253 519 1347 574 est
1379 509 1956 591 irreprehensibilis,
1993 510 2141 590 quia

1164 414 1400 469 ntspuv.
1438 414 1517 467 w.
1552 413 1635 467 ΒΕ
1669 410 2110 466 rnoposi'rionss
2143 409 2388 463 omssc‘rl
2418 408 2582 461 Pium
2614 407 3032 471 surrtclssnrss,
3065 408 3202 463 mc.

2223 508 2416 571 Prius
2448 508 2614 586 apud
2638 525 2703 571 ee
2729 508 2856 587 ipsi
2872 509 3262 582 consentiant,
3287 514 3342 571 et
3367 509 3455 573 ita
3480 513 3576 589 fiet
3607 522 3665 580 ut
3688 536 3719 580 a

580 624 825 687 semper
849 606 1057 685 aliqua
1076 606 1297 667 miscet
1322 623 1460 685 quse
1489 605 1679 665 etiam
1703 603 1933 666 rationi
1960 608 2142 663 natu·
2217 602 2390 664 nobie
2409 601 2582 663 nulla
2603 620 2678 664 ece
2688 606 2865 680 parte
2884 601 3240 664 dissentiant
3253 626 3280 673 ,·
3305 603 3388 664 sic
3403 605 3576 667 etiam
3593 609 3722 671 dixit

578 699 692 761 rali
723 718 847 760 nou
876 705 1021 760 sunt
1042 704 1475 775 consentanea,
1502 697 1668 778 quod
1690 697 1928 757 notavit
1950 698 2013 757 iu
2035 715 2142 757 an-

584 795 769 873 tiquis
812 793 1113 855 haeretic-is
1164 794 1453 868 Irenaeus,
1506 791 1550 852 l.
1596 795 1623 851 ·l
1667 796 1730 853 et
1768 794 1805 851 '2
1816 807 1837 867 3
1868 798 1932 852 et
1958 789 2145 871 Ephi-

579 886 866 968 phanius,
899 887 1125 948 Haeres.
1158 888 1239 947 26
1262 893 1323 947 et
1342 887 1460 964 273
1488 884 1869 965 Augustinus
1888 883 2146 964 epistola

581 982 655 1042 50
678 996 701 1057 3
732 979 1002 1039 maxime
1022 996 1167 1039 vero
1184 978 1501 1040 invenitur
1519 978 1621 1039 hic
1646 976 1913 1038 defectus
1936 976 2004 1036 in
2021 976 2146 1037 hae-

578 1074 785 1133 reticis
813 1072 1007 1133 nostri
1030 1070 1359 1152 temporis3
1406 1071 1636 1132 tollunt
1683 1072 1853 1133 enim
1881 1068 2147 1131 liberum

582 1166 935 1241 arbitrium,
988 1166 1155 1245 quod
1210 1173 1302 1226 est
1352 1164 1839 1226 fundamentum
1892 1162 2147 1225 moralis

580 1259 874 1321 bonitatis
894 1266 957 1320 et
978 1258 1341 1333 honestatis,
1362 1264 1426 1319 et
1452 1258 1646 1319 Deum
1677 1256 1915 1319 faciunt
1935 1262 2148 1317 aucto-

578 1370 713 1415 rem
750 1352 1009 1432 peccati,
1039 1358 1102 1413 et
1125 1360 1363 1431 negant
1388 1352 1815 1413 necessitatem
1837 1350 2148 1412 bonorum

584 1464 863 1527 operum,
913 1445 1349 1525 affirmautque
1414 1445 1607 1505 Deum
1656 1462 1786 1506 non
1840 1444 2148 1523 imputare

584 1547 835 1621 peccata
860 1539 1277 1614 credentibus,
1302 1546 1364 1599 et
1386 1538 1637 1615 similia,
1654 1557 1793 1618 quaa
1820 1538 2148 1599 manifeste

584 1640 731 1695 sunt
752 1639 965 1697 eontra
996 1650 1248 1695 omnem
1284 1632 1589 1694 rationem
1636 1638 1699 1693 et
1724 1633 2109 1694 honestatem
2122 1648 2143 1710 3

586 1746 711 1789 non
747 1733 841 1789 est
856 1745 1005 1806 ergo
1034 1726 1295 1789 verbum
1322 1726 1571 1787 illorum
1603 1726 2146 1805 irreprehensibile,

588 1827 650 1883 et
689 1827 1137 1899 consequenter
1168 1838 1295 1883 non
1342 1826 1542 1899 potest
1572 1838 1703 1881 esse
1732 1838 1970 1894 sanum,
2001 1820 2150 1900 quia

587 1932 703 1977 nec
748 1914 829 1974 ad
856 1913 1186 1975 sanitatem
1228 1913 1453 1975 animae
1498 1912 1772 1988 confert,
1818 1930 2022 1993 neque
2059 1918 2153 1975 est

586 2008 705 2069 sibi
728 2012 1037 2075 constans,
1069 2025 1183 2067 nec
1222 2007 1681 2087 proportionem
1723 2012 1835 2067 aut
1866 2006 2150 2069 solidita·-

586 2109 713 2163 tem
758 2100 968 2175 habet,
1002 2100 1179 2178 cujus
1226 2100 1387 2161 ratio
1416 2100 1664 2179 propria
1689 2105 1806 2174 est,
1836 2099 1986 2179 quia
2013 2098 2152 2160 nul-

586 2195 713 2257 lam
739 2193 975 2255 habent
992 2194 1265 2255 haeretici
1288 2194 1575 2255 credendi
1590 2192 1895 2273 regulam,
1928 2199 2153 2270 proeter

584 2288 927 2349 humanam
949 2286 1390 2367 conjecturam,
1414 2302 1551 2367 quat
1578 2286 1893 2347 ordinarie
1906 2292 1998 2349 est
2007 2286 2152 2365 jux-

584 2389 648 2443 ta
684 2381 1171 2461 uniuscujusque
1210 2380 1525 2455 aflectum,
1568 2386 1633 2442 et
1674 2380 1821 2443 inde
1854 2379 1927 2441 fit
1963 2386 2035 2440 ut
2071 2396 2151 2441 ex

586 2475 805 2535 iisdem
832 2474 1019 2535 rebus
1044 2473 1417 2537 habentibus
1442 2473 1727 2535 eamdem
1750 2473 1859 2535 Dei
1884 2474 2149 2535 auctori-

586 2574 777 2630 tatem
806 2585 979 2646 aeque
1010 2568 1413 2647 propositam,
1446 2585 1557 2629 seu
1594 2567 1912 2647 oequaliter
1955 2565 2152 2627 credi-

588 2661 801 2737 bilem,
832 2662 1117 2740 quoedam
1140 2660 1416 2736 credant,
1442 2659 1567 2721 alia
1588 2678 1717 2721 non
1744 2660 2020 2734 credant,
2053 2676 2152 2719 so·

587 2753 719 2816 lum
754 2756 901 2834 quia
922 2754 1073 2833 ipsis
1094 2753 1183 2813 ita
1208 2753 1479 2828 videtur,
1522 2752 1621 2813 vel
1654 2753 1803 2831 qnia
1830 2768 2030 2813 unum
2058 2756 2152 2812 est

590 2853 1073 2909 cousentaneum
1118 2863 1335 2907 eorum
1372 2845 1645 2920 affectui,
1686 2850 1749 2906 et
1786 2863 1913 2905 nou
1954 2843 2148 2917 aliud,

587 2947 658 3001 ut
685 2942 923 3001 notavit
947 2938 1349 3019 EpiphaniuS,
1374 2939 1591 3001 haeres.
1620 2939 1727 3013 47,
1752 2938 1861 2998 ubi
1884 2938 2154 2999 admira-

590 3039 692 3095 tur
719 3050 907 3113 quam
936 3034 1357 3093 inconstanter
1374 3034 1584 3093 omnia
1610 3032 1895 3093 dicantur
1914 3036 1978 3092 et
1999 3030 2156 3091 fiant

586 3126 755 3207 apud
786 3126 1127 3201 haereticos,
1176 3124 1251 3186 de
1308 3143 1430 3205 quo
1478 3125 1671 3187 videri
1722 3130 1923 3204 potest
1971 3125 2150 3205 epist.

592 3220 915 3281 Athanasii
942 3219 1019 3279 ad
1048 3217 1388 3294 Liberium,
1415 3225 1479 3279 et
1490 3218 1670 3299 epist.
1696 3218 2012 3281 Joviniani
2034 3218 2159 3279 Au-

590 3320 782 3393 gust„
811 3312 857 3373 1.
890 3316 924 3375 7
959 3311 1331 3391 Tripartitoe,
1362 3330 1501 3391 cap.
1536 3312 1597 3373 3.

672 3408 771 3468 12.
815 3404 1141 3469 Hoeretiece
1194 3407 1480 3469 doetrinoe
1514 3407 1695 3485 vitia,
1740 3424 1773 3469 e
1804 3413 2013 3471 eontra
2063 3424 2154 3469 re-

592 3508 923 3565 censentur.
966 3532 1049 3547 —
1094 3501 1381 3563 Primum
1423 3501 1643 3563 vicium
1670 3544 1688 3575 ,
1732 3502 2149 3565 contradictio.

592 3626 675 3641 --
692 3594 1057 3670 Secundam,
1090 3594 1517 3659 inconstantia.
1544 3623 1627 3639 ·—
1661 3592 1959 3669 Tertium,
1999 3595 2156 3657 diei-

591 3689 681 3753 eio
723 3688 791 3749 in
812 3686 1041 3767 plures.
1070 3717 1153 3733 ·—
1178 3688 1381 3767 Atque
1407 3687 1555 3747 hino
1584 3686 1656 3749 fit
1682 3688 1849 3748 utin
1874 3686 2156 3749 doctrina

588 3782 1019 3845 him-eticorum
1048 3798 1293 3843 summa
1332 3781 1413 3843 sit
1442 3780 1823 3843 mutabilitas
1856 3785 1923 3843 et
1947 3780 2152 3841 incon-

592 3874 823 3937 stantia
838 3917 863 3951 ,
910 3891 1051 3953 quae
1100 3874 1369 3935 maxime
1414 3878 1720 3953 repugnat
1772 3890 1933 3933 νοτε
1979 3871 2148 3933 fidei.

552 4038 555 4041 ,
594 3967 819 4031 Tribus
838 3974 1051 4029 autem
1080 3968 1281 4029 modis
1312 3967 1443 4027 haec
1469 3966 1881 4029 inconstantia
1910 3966 2154 4027 contin·

596 4062 725 4142 git:
748 4061 987 4142 primus
1014 4068 1127 4139 est,
1168 4060 1318 4141 quia
1360 4064 1579 4121 auctor
1603 4058 1852 4121 haeresis
1882 4076 2040 4139 προ
2089 4059 2154 4121 in

596 4173 723 4217 uuo
742 4156 875 4217 loeo
892 4155 1273 4217 contrarium
1292 4154 1457 4215 illius
1480 4152 1771 4231 affirmat,
1801 4153 1968 4233 quod
1987 4154 2158 4234 prius

598 4248 841 4311 dixerat
862 4267 973 4329 per
990 4248 1453 4327 incogitantiam
1481 4246 1582 4309 vel
1610 4247 2155 4323 inadvertentiam,

595 4342 763 4424 quod
791 4342 860 4403 iu
898 4341 1074 4403 novis
1100 4340 1404 4403 hoereticis
1430 4340 1701 4403 maxime
1730 4346 2015 4403 notatum
2043 4346 2158 4402 est.

598 4434 905 4512 Secundo,
950 4434 1286 4515 aliquando
1312 4440 1560 4497 mutant
1584 4434 1945 4515 opinionem
1973 4451 2161 4514 quam

601 4528 777 4608 prius
834 4532 1193 4603 tenuerant,
1250 4526 1419 4609 quod
1454 4532 1547 4590 est
1590 4533 1873 4608 apertum
1908 4528 2162 4605 signum

600 4621 911 4702 opinionis
950 4620 1264 4697 humanm,
1290 4638 1417 4682 non
1452 4638 1613 4683 veroe
1643 4616 1815 4697 fidei,
1843 4622 2028 4699 juxta
2053 4620 2162 4681 ‹lo-

600 4715 865 4777 ctrinam
889 4714 1085 4789 Pauli,
1121 4714 1199 4775 ad
1222 4713 1357 4775 Gal.
1397 4716 1457 4790 1,
1474 4713 1607 4775 fere
1636 4732 1747 4794 per
1764 4719 1988 4776 totum.
2017 4715 2166 4776 Ter-

602 4808 729 4885 tio,
774 4808 1163 4890 frequentias
1210 4807 1517 4887 contingit
1556 4814 1627 4869 ut
1642 4852 1663 4884 ,
1704 4814 1843 4888 post
1880 4813 2162 4871 exortam

603 4901 915 4978 heresim,
956 4901 1167 4963 statim
1196 4900 1511 4963 dividatur
1548 4902 1619 4963 in
1652 4901 1884 4983 plures,
1916 4918 2030 4982 per
2055 4918 2162 4963 va-

602 4998 887 5057 rietatem
936 4994 1401 5074 discipulorum,
1452 4996 1619 5075 quod
1636 5002 1945 5076 repugnat
1967 4994 2160 5057 etiam

602 5089 829 5150 unitati
861 5087 1039 5163 fidei3
1069 5088 1147 5149 de
1168 5106 1293 5169 qua
1319 5088 1615 5149 varietate
1640 5093 1703 5149 et
1730 5088 2031 5149 divisione
2051 5087 2160 5149 do-

602 5182 817 5243 ctrinoe
847 5184 1011 5243 inter
1039 5180 1379 5258 haereticos,
1412 5180 1609 5243 multa
1636 5180 1932 5261 leguntur
1963 5181 2029 5241 in
2051 5182 2161 5242 Pa-

602 5275 801 5337 tribus
832 5286 895 5335 et
932 5274 1001 5335 in
1029 5275 1331 5350 Historiis,
1362 5282 1425 5336 et
1464 5276 1801 5355 praesertim
1830 5275 2027 5337 videri
2055 5294 2162 5356 po-

604 5374 725 5427 test
750 5368 1153 5446 Augustinus,
1184 5367 1231 5429 l.
1273 5360 1309 5429 f
1338 5368 1415 5429 de
1452 5368 1790 5450 Baptismo,
1824 5387 1958 5448 cap.
1991 5369 2054 5447 6,
2083 5368 2162 5430 de

602 5462 817 5539 Agone
843 5460 1212 5537 Christiano,
1230 5480 1363 5542 cap.
1394 5464 1498 5539 29,
1521 5469 1585 5525 et
1614 5466 1643 5523 1
1668 5462 1747 5524 de
1766 5464 2160 5525 Peccatorum

602 5556 859 5634 meritis,
905 5574 1039 5636 cap.
1086 5557 1187 5627 34,
1234 5556 1343 5618 ubi
1392 5558 1470 5619 ad
1516 5556 1876 5636 Pelagianos
1922 5556 2153 5636 inquit:

2222 693 2591 756 Tertullian.
2621 693 2781 755 libro
2821 693 2900 755 de
2928 693 3480 775 praescriptionibus
3519 698 3723 763 haereti-

2225 804 2474 848 corum:
2509 788 2674 850 Dum
2704 788 2825 851 :ibi
2863 789 3280 863 adversantur,
3303 790 3471 867 fidem
3495 800 3722 857 nostram

2223 882 2610 958 confirmant.
2641 881 2824 943 Plura
2859 881 3048 943 habet
3093 881 3376 957 irenaeus,
3407 882 3451 944 l.
3475 889 3529 961 1,
3553 904 3668 966 cap.
3694 892 3724 950 5

2225 977 2288 1035 et
2326 975 2442 1051 213
2475 980 2539 1035 et
2579 974 2946 1055 Cyprianus,
2983 974 3028 1035 1.
3071 976 3136 1056 4,
3171 975 3420 1054 epistola
3464 980 3726 1058 secunda3

2227 1066 2608 1140 AmbrosiuS,
2639 1068 2858 1146 quinto
2891 1067 2970 1127 de
2996 1068 3166 1142 Fide,
3211 1084 3344 1147 cap.
3377 1070 3448 1142 43
3489 1078 3546 1131 et
3565 1073 3730 1135 videri

2226 1168 2426 1241 potest
2447 1160 2706 1241 epistola
2738 1161 3084 1239 Agathonis
3113 1162 3312 1241 Papae,
3359 1162 3424 1223 in
3461 1171 3614 1225 sexta
3639 1167 3729 1246 Sy-

2227 1255 2413 1329 nodo,
2461 1256 2689 1316 action.
2718 1256 2795 1330 43
2827 1261 2890 1317 et
2915 1255 3175 1330 Tarasii,
3207 1255 3276 1315 in
3297 1257 3550 1335 septima
3570 1259 3731 1337 Syno-

2227 1348 2330 1424 do,
2361 1348 2588 1409 action.
2629 1349 2864 1429 prima3
2901 1347 3091 1409 refert
3140 1348 3328 1409 etiam
3355 1349 3667 1427 Sozomen.,
3696 1353 3728 1415 l.

2228 1444 2268 1505 9
2309 1442 2564 1519 Histor„
2595 1461 2728 1522 cap.
2783 1446 2846 1517 5,
2881 1442 3111 1503 multos
3151 1441 3485 1518 haereticos,
3525 1452 3734 1524 propter

2226 1535 2388 1595 hanc
2423 1535 2795 1599 varietatem
2845 1540 2908 1596 et
2947 1536 3424 1597 inconstantiam
3463 1536 3734 1612 doctrinae,

2226 1629 2309 1689 ad
2336 1628 2524 1691 fidem
2547 1628 2922 1691 Catholicam
2943 1628 3216 1691 rediisse.
3249 1628 3424 1689 Ratio
3439 1634 3626 1689 autem
3645 1629 3737 1690 hu·

2224 1722 2326 1800 jus
2361 1722 2790 1783 inconstantiae
2821 1727 2936 1799 oet,
2965 1720 3116 1802 qnia
3135 1721 3383 1785 hoereeis
3407 1740 3527 1782 non
3555 1722 3739 1783 funda·

2229 1815 2424 1877 turin
2453 1815 2687 1895 Spiritu
2715 1817 2848 1891 Dei,
2895 1816 3004 1877 sed
3041 1818 3111 1877 in
3157 1816 3406 1895 proprio
3425 1816 3655 1894 judicio,
3693 1825 3742 1878 et

2230 1908 2389 1985 ideo,
2415 1909 2576 1970 sicut
2592 1910 2755 1972 inter
2779 1908 3178 1990 philosophos
3205 1909 3516 1971 invenitur
3538 1909 3654 1970 haec
3667 1911 3742 1969 di-

2230 2002 2386 2063 visio
2415 2008 2724 2064 sectarum
2761 2010 2824 2067 et
2865 2003 3262 2082 opinionum,
3291 2002 3378 2063 ita
3404 2002 3581 2064 etiam
3613 2004 3743 2063 inter

2230 2094 2552 2157 haereticos
2563 2115 2584 2171 3
2617 2094 2694 2156 de
2733 2112 2858 2174 quo
2905 2095 3104 2156 videri
3151 2100 3351 2175 potest
3388 2096 3740 2173 Augustinus,

2231 2204 2516 2249 sermone
2541 2191 2612 2249 11
2647 2188 2724 2251 de
2752 2187 2972 2249 Verbis
3005 2188 3306 2267 Apostoli,
3334 2192 3396 2249 et
3421 2188 3496 2250 18
3523 2188 3590 2249 de
3617 2187 3744 2249 Civi-

2233 2286 2382 2355 tate,
2409 2300 2545 2362 cap.
2578 2284 2648 2343 41
2671 2297 2692 2359 3
2725 2286 2787 2343 et
2801 2280 3081 2360 Niceph.,
3108 2281 3216 2343 1.4
3249 2281 3498 2355 Hister„
3521 2298 3640 2361 cap.
3661 2283 3742 2341 29.

2315 2377 2413 2437 13.
2441 2376 2762 2453 Quartum,
2777 2377 3122 2455 depravatio
3145 2376 3748 2454 Scriptura—Quin-

2230 2478 2382 2547 tum,
2436 2471 2784 2548 inefficacia
2821 2471 2904 2531 ad
2950 2470 3378 2533 convertendae
3426 2472 3659 2532 animes.
3686 2502 3748 2515 —

2230 2567 2387 2627 Hinc
2418 2567 2607 2627 etiam
2627 2571 2846 2627 notant
2875 2566 3080 2633 Patres
3119 2564 3293 2625 aliud
3327 2563 3567 2644 signum
3589 2565 3750 2626 haerc-

2233 2660 2368 2721 ticae
2395 2660 2712 2733 doctrinm,
2733 2659 2900 2739 quod
2931 2664 3023 2721 est
3061 2658 3356 2720 mutilare
3384 2658 3749 2737 scripturam,

2231 2759 2292 2815 et
2319 2770 2457 2813 eam
2477 2754 2728 2832 proprio
2753 2752 3014 2813 arbitrio
3045 2751 3468 2831 interpretari,
3483 2750 3576 2813 vel
3589 2752 3756 2830 potius

2232 2860 2660 2923 corrumpere3
2690 2845 2932 2924 quoties
2955 2844 3125 2907 enim
3145 2845 3236 2905 ita
3257 2850 3556 2923 urgentur
3583 2843 3756 2921 aliquo

2233 2938 2588 2999 testimonio
2637 2938 2994 3017 Scripturae,
3038 2944 3109 2997 ut
3147 2937 3240 2997 illi
3271 2937 3628 3017 respondere
3653 2952 3757 2995 non

2234 3032 2491 3111 possint,
2523 3048 2752 3110 magua
2773 3022 3068 3091 facilitate
3095 3036 3335 3109 negant
3365 3030 3590 3091 librum
3612 3028 3757 3089 illum

2235 3141 2364 3185 esse
2409 3125 2802 3200 canonicum,
2851 3124 3008 3185 sicut
3051 3123 3236 3186 modo
3269 3123 3538 3184 haeretici
3565 3126 3761 3200 negant

2235 3216 2428 3277 libros
2453 3216 2972 3289 Machabaeormn,
3006 3216 3288 3297 primum
3335 3221 3400 3277 et
3439 3214 3760 3286 secundum,

2239 3326 2372 3373 esse
2399 3312 2752 3384 canonicos,
2777 3310 2924 3390 quia
2962 3328 3041 3371 ex
3075 3310 3200 3371 illis
3225 3308 3554 3371 manifeste
3583 3306 3765 3388 proba-

2233 3408 2338 3465 tur
2367 3403 2840 3483 Purgatorium3
2866 3402 3054 3465 etalii
3083 3407 3322 3482 negant
3349 3402 3668 3483 Epistolam
3685 3400 3768 3460 Ja-

2233 3496 2396 3572 cobi,
2427 3498 2574 3577 quia
2623 3514 2702 3558 ex
2745 3494 2856 3557 illa
2888 3496 3286 3559 convincitur
3309 3497 3628 3558 necessitas
3651 3510 3770 3571 ope-

2233 3606 2400 3665 rum,
2425 3596 2612 3669 atque
2657 3591 2745 3650 ita
2765 3588 2838 3651 fit
2883 3595 2954 3649 ut
2980 3589 3232 3669 proprio
3273 3588 3561 3664 arbitrio,
3591 3587 3770 3663 conje-

2234 3688 2412 3744 ctura
2435 3683 2532 3744 vel
2559 3683 2780 3745 affectu
2822 3682 3182 3758 admittant,
3222 3682 3328 3744 vel
3353 3686 3580 3761 negent
3612 3679 3772 3740 libros

2231 3779 2582 3856 canonicos,
2617 3796 2728 3859 per
2755 3777 2924 3859 quod
2961 3777 3307 3839 destruitur
3352 3784 3483 3839 tota
3507 3773 3772 3838 certitudo

2233 3877 2300 3933 et
2328 3874 2678 3933 constantia
2719 3870 2868 3933 fidei
2878 3887 2900 3949 3
2931 3871 3011 3933 de
3043 3888 3171 3952 qno
3199 3870 3406 3934 videri
3453 3874 3644 3952 potest
3677 3870 3775 3929 Ire-

2235 3980 2431 4041 noeus,
2451 3964 2494 4026 l.
2521 3968 2582 4042 1,
2609 3984 2667 4027 c.
2689 3966 2792 4042 29,
2813 3964 2943 4027 etl.
2962 3964 3025 4040 3,
3055 3981 3112 4026 c.
3131 3966 3214 4025 ΞΟ
3239 3980 3301 4025 et
3333 3966 3438 4027 22.
3467 3960 3776 4043 Aliquando

2237 4076 2383 4121 vere
2409 4066 2472 4120 et
2517 4060 2736 4139 saepius
2765 4064 3053 4122 evertnnt
3079 4059 3453 4139 Scripturas,
3489 4055 3776 4138 perfalsus

2239 4154 2798 4235 interpretationes,
2818 4160 2889 4215 ut
2917 4151 3186 4232 figurate
3225 4150 3634 4232 intelligendo
3665 4166 3781 4228 quoe

2240 4248 2307 4309 in
2337 4247 2584 4329 proprio
2613 4262 2796 4309 sensu
2823 4245 2906 4308 ab·
2922 4246 3194 4307 Ecclesia
3215 4250 3281 4307 et
3312 4244 3598 4307 Patribus
3625 4239 3783 4302 intel·

2241 4339 2402 4403 lecta·
2419 4344 2587 4416 sunt,
2613 4341 2775 4402 sicut
2803 4340 2951 4402 fecit
2979 4338 3270 4401 Calvinus
3301 4340 3372 4401 iu
3419 4336 3622 4400 verbis
3661 4352 3784 4397 eou-

2242 4435 2619 4497 secrationis.
2644 4433 2818 4495 Unde
2833 4438 3000 4495 recte
3012 4432 3172 4494 dixit
3205 4432 3497 4507 Irenoeus,
3523 4429 3570 4491 1.
3593 4431 3656 4490 5:
3687 4425 3781 4489 Co-

2241 4532 2472 4607 muntur
2489 4528 2686 4591 muita
2705 4526 2860 4591 male
2873 4526 3294 4607 interpretari,
3317 4525 3472 4606 μία
3489 4538 3668 4585 nuum
3691 4536 3779 4581 no-

2243 4620 2378 4685 lunt
2415 4622 2549 4684 bene
2575 4620 2912 4701 intelliqere
2921 4644 2949 4693 ;
2987 4618 3065 4681 de
3111 4636 3238 4700 quo
3267 4618 3463 4681 etiam
3513 4611 3780 4693 Augusti-

2240 4732 2381 4791 nus,
2417 4714 2495 4777 de
2541 4712 2816 4777 Utilitate
2848 4714 3162 4791 credendi,
3211 4730 3352 4793 cap.
3385 4711 3590 4787 tertio,
3623 4715 3684 4769 et
3707 4705 3785 4766 vi·

2239 4808 2476 4885 gesimo
2501 4813 2718 4869 octavo
2749 4812 2914 4868 cont.
2941 4807 3175 4883 Faust„
3205 4822 3343 4886 cap.
3387 4804 3684 4885 vigesimo
3709 4817 3788 4859 se-

2239 4900 2444 4963 cundo
2457 4922 2478 4975 ς
2513 4906 2578 4963 et
2609 4898 2944 4981 Epiphan„
2980 4900 3209 4963 Ram.
3241 4901 3343 4961 M.
3383 4898 3666 4961 Tandem
3691 4891 3784 4955 ad·

2241 4994 2454 5054 notavi
2474 4992 2818 5053 doctrinam
2839 4991 3066 5053 Christi
3089 4991 3226 5054 fleri
3245 4990 3524 5053 maxime
3545 4984 3788 5051 credibi-

2240 5088 2388 5163 lem,
2405 5104 2484 5149 ex
2513 5086 2786 5149 efficacia
2811 5088 2946 5166 ejus
2967 5086 3048 5147 ad
3065 5084 3513 5149 convertendas
3529 5083 3784 5153 animas3

2241 5180 2617 5241 eontrarium
2673 5194 2823 5258 ergo
2861 5184 3082 5241 notant
3124 5180 3334 5241 Sancti
3361 5180 3574 5241 Patres
3605 5182 3666 5238 et
3695 5174 3792 5234 Ca-

2240 5273 2456 5335 tholici
2523 5274 2810 5335 Doctores
2872 5274 2939 5334 in
2991 5272 3288 5335 doctrinis
3330 5272 3807 5342 baereticorum3,

2241 5384 2391 5429 nam
2441 5366 2756 5429 ordinarie
2813 5383 2942 5427 non
2999 5370 3374 5429 convertunt
3426 5364 3670 5427 animas
3725 5357 3807 5419 ad÷

2239 5458 2574 5535 Christum,
2605 5476 2808 5539 neque
2847 5458 2965 5521 hoc
3009 5459 3370 5533 intendunt,
3403 5456 3514 5519 sed
3562 5470 3807 5535 perver-¹

2238 5560 2382 5615 tunt
2423 5550 2739 5615 credentes
2785 5552 2850 5615 in
2892 5552 3226 5629 Christum,
3275 5557 3338 5613 et
3377 5552 3496 5613 hoc
3537 5548 3807 5611 maxime
