3900 6217
857 430 1054 483 ’sset
1091 430 1172 483 111.
1209 430 1294 483 AN
1326 430 1485 485 DEUS
1517 430 1633 493 SIT,
1667 427 1793 483 NON
1823 426 2029 481 setun
2060 428 2145 483 UT
2174 426 2517 492 uniamus,
2546 427 2682 483 mc.

3304 427 3383 490 47

179 536 294 592 tum
319 528 592 593 formale
619 532 766 593 talis
793 551 1109 607 assensm,
1143 533 1260 594 nisi
1311 540 1620 615 quatenus
1649 535 1744 593 est
1825 538 2147 593 ostensum
2186 538 2279 593 est
2306 533 2370 593 in
2398 531 2661 593 materia
2701 531 2779 592 dc
2820 530 3017 605 Grat.,
3058 530 3101 592 l.
3134 533 3195 606 2,
3240 552 3377 615 cap.

177 624 262 683 vel
313 640 454 683 esse
515 629 730 703 potest
779 626 898 686 sub
955 626 1062 687 illo
1125 625 1384 699 lumine,
1429 626 1741 704 reliquum
1826 626 1922 697 10,
1954 631 2171 704 estque
2202 624 2552 705 specialiter
2580 624 2905 686 definitum
2945 630 3161 687 contra
3208 628 3385 689 Pela-

179 715 330 777 enim
374 717 713 779 mutel-iale
763 725 881 779 est.
933 717 1034 780 Sic
1078 718 1268 779 etiam
1299 718 1582 781 medium
1631 718 1743 779 de-

1822 717 2032 795 gium;
2066 717 2147 779 de
2185 718 2467 781 doctrina
2508 737 2657 779 vero
2685 716 2821 797 ipsa
2861 736 2973 779 seu
3000 720 3380 783 revelatione

173 809 661 883 monstrationis,
719 810 1070 872 secundum
1097 810 1544 891 Philosophum
1569 856 1586 885 ‚
1646 815 1742 871 est
1822 812 2047 891 objecti
2084 810 2251 888 fidei,
2285 814 2471 875 etiam
2500 813 2789 890 Pelagius
2818 812 2882 874 id
2918 831 3047 874 non
3081 816 3375 895 negabat,

173 902 539 981 principium
587 904 864 965 efficiens
927 922 1255 966 assensum
1296 904 1734 981 conclusionis»,

175 1002 232 1057 ct
259 996 662 1058 nihilominus
691 1004 788 1060 est
811 998 970 1060 ratio
1006 998 1284 1059 formalis
1313 999 1538 1078 objecti
1577 999 1740 1077 ejus-

175 1089 312 1150 dem
339 1107 664 1163 assensus,
696 1092 844 1171 quia
879 1098 972 1154 est
999 1094 1300 1155 motivum
1329 1091 1734 1167 assentiendi,

177 1188 238 1243 ut
257 1183 356 1243 hic
377 1182 536 1245 dixit
553 1186 628 1245 D.
655 1187 953 1259 ThomaS,
979 1192 1095 1248 art.
1123 1190 1180 1249 1.
1205 1188 1488 1267 Denique
1516 1186 1736 1248 lumen

175 1276 404 1338 visibile
426 1277 614 1356 juvat
657 1279 940 1340 effective
980 1280 1322 1359 potentiam
1350 1282 1608 1343 visivam
1655 1280 1738 1341 ad

175 1370 530 1447 ridendum,
581 1379 646 1434 et
697 1373 1103 1435 nihilominus
1152 1381 1248 1437 est
1271 1374 1588 1455 objectum
1613 1374 1738 1436 for-

175 1464 328 1535 male
373 1472 670 1545 respectu
715 1466 938 1528 coloris
971 1468 1036 1529 in
1081 1486 1219 1529 esse
1249 1468 1544 1543 visibilis;
1583 1485 1735 1548 ergo

173 1558 450 1620 similiter
461 1559 678 1621 lumen
701 1560 1022 1635 fidei‚licet
1035 1562 1315 1623 effective
1324 1562 1502 1641 juvet
1517 1567 1738 1641 poten-

171 1653 314 1712 tiam
345 1654 428 1714 ad
471 1656 880 1729 credendum,
931 1662 1135 1735 potest
1181 1655 1368 1718 simul
1418 1656 1736 1736 complere

175 1746 482 1824 obJectnm
505 1747 772 1810 formale
799 1748 946 1811 fidei
975 1750 1042 1810 in
1065 1768 1204 1835 esse
1231 1749 1566 1811 credibilis·

245 1844 304 1901 5.
364 1840 524 1906 Vera
547 1841 804 1905 assertio
817 1844 1058 1924 partim
1085 1844 1479 1920 affirmativa,
1495 1842 1732 1924 partim

43 1959 55 1972 ·
175 1934 463 2013 nyctim.
482 1934 934 1999 -Notaudum
943 1955 1056 2014 pro
1075 1940 1407 1999 assertione
1418 1934 1734 2016 probanda

173 2028 274 2087 dua
299 2026 538 2107 requiri
569 2029 654 2091 ad
687 2029 1040 2091 medendum
1055 2055 1078 2089 .·
1105 2048 1295 2091 unum
1339 2042 1414 2091 em
1435 2034 1612 2109 parto
1637 2028 1730 2089 ob·

159 2121 320 2197 jacti,
363 2120 638 2183 alterum
674 2138 750 2184 σω
769 2131 946 2203 ρων-ια
971 2124 1279 2203 potentioe.
1304 2152 1388 2167 -—
1415 2120 1733 2183 Nihilomi-

167 2233 276 2273 nus
309 2220 438 2275 lota
467 2215 608 2277 haec
647 2216 956 2276 sententia
989 2215 1199 2295 quoad
1229 2220 1560 2295 utramque
1593 2216 1730 2295 ejus

159 2314 393 2385 partem
435 2309 604 2369 mihi
629 2308 812 2369 valde
841 2308 1153 2387 displicet3
1181 2328 1409 2371 censeo
1440 2310 1610 2371 enim
1632 2310 1729 2369 lu-

157 2420 294 2461 men
327 2401 510 2475 fidei,
561 2403 696 2464 sive
725 2408 1006 2463 sumatur
1029 2418 1144 2481 pro
1187 2403 1423 2475 habitu,
1457 2404 1588 2465 sive
1611 2422 1726 2484 pro

149 2495 402 2559 auxilio,
435 2514 574 2555 non
611 2514 798 2575 posse
841 2514 978 2558 esse
1013 2497 1330 2577 obJectum
1357 2496 1622 2559 formale
1659 2496 1730 2559 fi-

147 2590 266 2661 dei,
297 2606 425 2649 nec
451 2590 996 2668 complementum
1017 2590 1072 2670 ej
1081 2610 1175 2663 us,
1195 2596 1255 2653 et
1271 2596 1730 2669 consequenter

145 2683 364 2755 Deum,
400 2688 476 2744 ut
502 2683 921 2745 auxiliantem
949 2684 1332 2745 intellectum
1362 2684 1445 2745 ad
1473 2684 1729 2746 creden·

147 2778 294 2837 dum
317 2796 398 2839 ex
433 2783 628 2855 parte
653 2776 978 2856 potentias,
1018 2794 1144 2837 non
1171 2778 1486 2858 pertinere
1511 2777 1592 2838 ad
1623 2778 1728 2840 ob·

149 2873 384 2950 jectum
417 2871 726 2943 formale,
769 2870 884 2933 sed
911 2877 1154 2932 tantum
1196 2872 1278 2933 ad
1317 2872 1727 2952 principalem

165 2983 416 3027 causam
456 2965 840 3026 efficientem
875 2964 1045 3038 fidei,
1095 2983 1170 3026 ac
1205 2965 1468 3045 proinde
1498 2968 1724 3040 Deum,

167 3068 228 3119 ut
257 3060 718 3133 testitimntem,
743 3078 855 3121 seu
871 3060 1256 3121 revelantem
1275 3080 1375 3123 res
1393 3060 1564 3135 fidei,
1587 3078 1726 3122 esse

153 3156 530 3233 completum
575 3155 904 3234 objectum
936 3153 1200 3216 formale
1245 3154 1428 3217 illius.
1463 3156 1560 3216 Ad
1587 3172 1729 3234 pro·

145 3248 414 3309 handum
471 3248 652 3309 hanc
698 3248 1096 3322 sententiam,
1147 3253 1216 3308 ut
1255 3248 1508 3311 tollatur
1559 3266 1727 3328 quae·

141 3341 280 3402 dam
305 3342 768 3420 aequivocatio,
805 3359 946 3421 quae
975 3341 1040 3403 in
1059 3342 1259 3404 verbo·
1279 3342 1556 3415 luminis,
1582 3344 1725 3406 illu-

141 3435 528 3509 minationis,
557 3440 620 3498 et
637 3434 1028 3499 meletianis
1059 3452 1198 3498 esse
1227 3436 1407 3510 solet,
1435 3454 1722 3517 suppono

145 3528 218 3587 ad
269 3529 686 3591 credendum
733 3529 856 3598 duo
905 3547 1042 3591 esse
1087 3530 1442 3591 necessaria
1479 3548 1492 3591 :
1527 3548 1724 3591 unum

147 3642 218 3683 ex
242 3628 432 3701 parte
453 3624 720 3703 objecti,
747 3623 916 3685 aliud
938 3643 1010 3686 ex
1029 3630 1206 3705 parte
1223 3626 1542 3705 potentiae3
1573 3642 1724 3686 nam

149 3736 218 3779 ex
249 3724 436 3798 parte
469 3718 714 3797 objecti
752 3720 1104 3780 necessario
1144 3720 1504 3799 praecedere
1535 3719 1724 3783 debet

147 3814 348 3891 aliqua
369 3812 696 3887 ostensio,
721 3830 834 3875 seu
861 3814 1200 3892 propositio
1221 3815 1278 3894 ej
1287 3832 1358 3874 us
1377 3814 1494 3875 suh
1513 3813 1724 3875 divina

153 3908 566 3979 auctoritate3
595 3925 673 3967 ex
696 3913 870 3986 parte
890 3926 1040 3967 vcro
1066 3909 1355 3987 potentiae
1383 3906 1724 3985 requiritur

149 4003 332 4061 virtus
362 4002 666 4063 effectiva
696 4008 892 4073 actus,
925 4002 1054 4062 sive
1075 4000 1186 4063 illa
1215 4000 1411 4063 virtus
1441 4002 1519 4061 sit
1543 4000 1726 4062 habi-

149 4102 262 4166 tus‚
311 4095 456 4156 sive
501 4093 840 4168 auxilium;
893 4095 1011 4156 hoc
1041 4094 1388 4157 secundum
1433 4110 1718 4175 suppono

151 4195 452 4267 tanquam
503 4194 750 4250 certum
796 4206 874 4249 ex
913 4188 1176 4250 materia
1205 4188 1285 4250 de
1313 4188 1546 4250 Gratia.
1592 4188 1726 4249 Pri-

150 4302 312 4343 mum
331 4301 494 4347 vero
513 4300 648 4343 non
665 4283 868 4345 solum
887 4290 1150 4357 certum,
1175 4282 1288 4345 sed
1312 4282 1566 4345 evidens
1599 4289 1714 4358 est,

149 4398 216 4439 ex
241 4385 486 4441 natura
512 4379 810 4457 potentiae
845 4379 1303 4459 cognoscitivoe,
1335 4383 1404 4439 ut
1431 4384 1718 4441 constare

143 4479 344 4551 potest
387 4490 476 4533 ex
516 4472 726 4545 dictis,
767 4476 830 4533 et
857 4472 1123 4552 amplius
1161 4472 1628 4534 confirmabitur
1653 4473 1722 4534 in

141 4550 564 4645 requentihus
590 4610 606 4638 ,
659 4571 722 4627 et
763 4571 1016 4627 tradunt
1063 4566 1478 4628 communiter
1517 4568 1722 4629 Theo·-

139 4659 286 4737 logi,
317 4660 384 4719 in
422 4659 599 4720 Prol.
636 4660 1040 4735 Sententiam,
1077 4662 1229 4723 etin
1259 4660 1321 4722 d.
1354 4662 1456 4735 23,
1499 4666 1561 4723 et
1579 4678 1724 4741 spe-

141 4752 376 4815 cialiter
395 4752 706 4815 Albertus
729 4753 993 4833 Magnus
1022 4754 1128 4828 ihi,
1161 4764 1276 4815 art.
1307 4755 1384 4828 83
1419 4758 1482 4815 et
1506 4754 1570 4815 in
1600 4756 1720 4817 hoc

141 4865 330 4908 sensu
347 4846 516 4909 dixit
537 4848 946 4927 Augustinus,
969 4846 1012 4907 l.
1043 4848 1120 4909 de
1151 4848 1441 4909 Proedest.
1479 4848 1715 4923 Sanct.,

141 4959 192 4999 c.
219 4944 262 5003 ἓ
297 4961 313 5001 ;
347 4940 560 5005 Nemo
591 4938 784 5004 crodit
810 4938 1060 5021 aliquid,
1110 4941 1238 5004 nisi
1274 4942 1458 5023 prim
1501 4942 1720 5023 ooyitet

137 5053 260 5097 esse
285 5034 662 5099 credendum
681 5057 710 5106 ,·
737 5034 862 5095 imo
889 5036 1007 5095 hac
1027 5034 1270 5096 ratione
1290 5035 1444 5095 dixit
1463 5034 1714 5111 PauluS,

141 5129 218 5189 ad
247 5130 440 5191 Rom.
489 5132 597 5201 10,
646 5128 828 5205 fidem
872 5146 998 5191 esse
1035 5146 1108 5192 em
1137 5127 1383 5203 auditu,
1431 5128 1578 5209 quia
1604 5146 1720 5209 per

141 5223 434 5285 auditum
461 5222 776 5284 formatur
803 5221 869 5281 in
893 5226 1103 5283 mente
1131 5228 1494 5302 conceptuS‚
1514 5228 1578 5284 et
1606 5240 1720 5301 ap-

143 5316 486 5393 prehensio
511 5334 732 5377 rerum
774 5316 1252 5379 credendarum.
1298 5316 1476 5379 Unde
1529 5316 1718 5378 etiam

145 5418 388 5473 constat
427 5416 778 5489 utrumque
801 5410 1027 5472 horum
1057 5410 1532 5489 supernaturale
1555 5426 1716 5487 esse,

147 5511 204 5564 et
229 5504 602 5585 specialiter
623 5522 662 5565 a
683 5504 816 5565 Deo
839 5524 856 5577 ;
881 5522 1034 5565 nam
1058 5504 1135 5565 de
1159 5504 1382 5567 virtute
1413 5521 1527 5565 seu
1547 5503 1717 5565 auxi-

149 5596 224 5661 lio
249 5599 564 5683 requisito
594 5616 676 5661 ex
711 5604 890 5677 parte
921 5598 1232 5679 potentiae,
1261 5598 1326 5660 id
1366 5600 1556 5661 etiam
1590 5598 1715 5660 late

1818 910 1890 965 ut
1913 912 2157 967 constat
2183 925 2261 967 ex
2288 906 2660 987 Augustino,
2686 906 2794 967 lib.
2828 906 2907 969 de
2934 907 3103 969 Grat.
3132 908 3376 985 Christi,

1819 1018 1958 1081 cap.
1984 1002 2020 1061 '1
2042 1005 2105 1062 et
2130 1018 2261 1080 seq.
2296 1002 2370 1062 Et
2396 1007 2589 1081 patet,
2614 1000 2760 1079 quia
2786 1000 3064 1061 doctrina
3088 1000 3240 1063 fidei
3268 1004 3378 1063 ha-

1817 1093 1952 1153 beri
1996 1112 2127 1155 non
2158 1100 2403 1175 poterat
2440 1095 2573 1156 sine
2602 1094 2983 1156 revelatione
3012 1100 3073 1155 et
3106 1096 3381 1159 testimo·

1814 1187 1920 1248 nio
1951 1188 2215 1267 Spiritus
2244 1188 2477 1261 Sancti,
2508 1194 2571 1251 et
2592 1188 2734 1250 ideo
2762 1187 2915 1249 dixit
2942 1188 3195 1264 Petrus,
3230 1187 3379 1272 Spi-

1811 1282 1946 1345 ritu
1978 1280 2211 1345 Sancto
2252 1282 2591 1364 inspiratos
2628 1281 2856 1345 locutos
2890 1282 3083 1359 fuisse
3108 1282 3380 1364 Prophe-

1816 1378 1960 1447 tas;
1992 1381 2054 1437 et
2089 1377 2273 1437 Joan.
2322 1376 2496 1451 dixit,
2547 1393 2677 1450 eoS,
2717 1373 2823 1453 qui
2854 1375 3136 1449 credunt,
3170 1377 3379 1441 habere

1817 1468 2227 1531 testimonium
2272 1468 2387 1532 Dei
2424 1469 2493 1531 in
2528 1486 2627 1535 εει
2676 1474 2739 1529 et
2778 1474 3034 1547 propter
3086 1469 3377 1531 eamdem

1818 1578 2075 1623 causam
2092 1562 2357 1623 verbum
2380 1560 2527 1623 fidei
2544 1560 2771 1621 dicitur
2794 1562 3035 1623 verbum
3062 1562 3197 1636 Dei,
3227 1564 3377 1641 quia

1815 1656 1985 1716 Deus
2024 1662 2121 1717 est
2160 1654 2518 1735 principalis
2572 1658 2791 1714 auctor
2828 1653 3124 1715 doctrinas
3168 1654 3315 1717 fidei
3355 1674 3371 1717 ε

1817 1752 2075 1827 propter
2098 1747 2269 1827 quod
2306 1747 2459 1808 dixit
2487 1745 2895 1826 Augustiana,
2922 1746 2965 1807 l.
3002 1750 3069 1808 11
3110 1747 3190 1809 de
3218 1748 3373 1824 Civ„

1811 1858 1868 1903 c.
1901 1841 2009 1901 25:
2032 1840 2189 1914 Quia
2210 1844 2440 1903 natm-a
2466 1846 2678 1903 nostra
2694 1844 2764 1901 wc
2790 1845 2967 1915 esset,
2987 1840 3181 1903 Deum
3204 1842 3378 1905 habet

1811 1936 2129 2008 auctorem,
2156 1934 2371 2015 procul
2398 1934 2591 2009 dubio,
2623 1940 2695 1997 ut
2734 1950 2875 1997 vera
2902 1934 3235 2017 sapiamus,
3279 1935 3377 2015 ip-
3461 2014 3465 2017 ¹

1810 2044 1946 2090 mm
1972 2026 2239 2090 debemus
2264 2027 2472 2090 habere
2498 2028 2832 2091 Doctorem.
2855 2027 3139 2105 Denique
3160 2027 3224 2087 in
3254 2028 3374 2089 hoc

1813 2138 2007 2182 sensu
2044 2119 2271 2181 docent
2298 2136 2519 2181 omnes
2546 2118 2849 2199 Theologi
2886 2119 3234 2181 doctrinam
3274 2138 3375 2181 sa-

1813 2232 2009 2289 cram,
2048 2214 2322 2276 divinam
2372 2220 2437 2275 et
2484 2214 3053 2294 supernaturalem,
3086 2232 3228 2275 esse
3266 2232 3376 2277 ne-

1811 2307 2149 2370 cessariam
2190 2308 2271 2369 ad
2298 2308 2585 2383 salutem,
2622 2311 2693 2370 ut
2728 2314 2900 2388 patet
2924 2326 3001 2369 ex
3030 2308 3102 2369 D.
3132 2308 3373 2370 Thoma

1807 2404 1934 2477 hic,
1964 2408 2027 2465 et
2046 2422 2108 2482 q.
2143 2405 2203 2475 1,
2225 2402 2427 2483 prima
2445 2408 2648 2481 parte,
2682 2408 2743 2464 et
2770 2401 2907 2463 aliis
2928 2401 3285 2483 TheologiS,
3306 2404 3372 2464 in

1809 2496 1963 2558 locis
1991 2495 2213 2558 citatis.

1889 2592 1950 2651 6.
1992 2590 2325 2670 Utrumque
2342 2604 2415 2651 σω
2432 2587 2565 2650 illi—s
2592 2586 2907 2670 requisitis
2923 2592 3158 2669 spectat
3174 2590 3258 2653 ad
3280 2590 3369 2653 di-

1809 2684 2017 2747 vinam
2040 2682 2569 2745 diminutionum.
2588 2714 2671 2729 —
2682 2681 3059 2763 Differentia
3074 2683 3238 2747 inter
3254 2684 3373 2747 illa

1810 2778 1945 2839 dne.
1978 2810 2059 2821 —-
2084 2778 2175 2837 Ex
2220 2793 2345 2855 quo
2397 2774 2659 2836 ulterius
2704 2774 2987 2853 sequitur
3032 2782 3369 2856 utrumque

1810 2872 2037 2931 horum
2064 2868 2378 2949 pertinere
2409 2868 2491 2929 ad
2514 2868 2790 2929 divinam
2819 2868 3365 2945 illuminationem,

1813 2970 1875 3025 et
1923 2968 2385 3043 consequenter
2426 2963 2495 3022 in
2532 2968 2799 3040 utroque
2848 2963 3227 3026 intervenire
3258 2965 3374 3025 ali-

1811 3058 1983 3137 quod
2010 3058 2227 3119 lumen
2250 3056 2550 3118 divinum.
2578 3054 2943 3119 Declaratur
2966 3058 3087 3119 hoc
3110 3076 3189 3117 ex
3226 3056 3369 3120 divo

1807 3154 2073 3227 Thema,
2100 3155 2129 3212 1
2161 3169 2253 3231 p.,
2282 3156 2497 3229 quaest.
2534 3152 2671 3226 lL‘G,
2700 3154 2815 3212 art.
2846 3151 3071 3231 prim0,
3095 3150 3201 3211 ubi
3224 3149 3373 3212 dicit

1807 3246 2191 3327 spiritualem
2226 3244 2749 3307 illuminationem
2782 3244 3097 3307 interdum
3124 3243 3263 3305 fleri
3292 3261 3371 3305 ex

1805 3346 1985 3421 parte
2010 3339 2259 3421 objecti,
2288 3338 2607 3401 interdum
2632 3356 2781 3401 vero
2827 3358 2905 3401 ex
2942 3342 3119 3419 parte
3147 3344 3371 3418 poten-

1803 3435 1928 3495 tiae.
1964 3435 2156 3496 Priori
2200 3434 2391 3495 modo
2425 3432 2495 3493 fit
2526 3432 2985 3494 manifestando
3028 3432 3091 3493 in
3122 3432 3368 3511 objecto

1805 3528 2130 3589 veritatem
2160 3528 2325 3607 ejus,
2374 3526 2475 3587 vel
2496 3527 2801 3588 rationem
2831 3526 3209 3589 assentiendi
3238 3526 3366 3600 i11i;

1805 3622 1893 3682 sic
1937 3622 2107 3682 enim
2154 3624 2509 3701 praeceptor
2556 3620 2869 3681 illuminat
2912 3620 3255 3698 auditores,
3306 3628 3372 3683 et

1804 3714 2086 3793 Angelus
2110 3714 2394 3793 superior
2419 3714 2727 3775 illuminat
2752 3713 3133 3789 inferiorern,
3154 3734 3369 3794 quam-

1802 3808 1896 3868 vis
1919 3808 2135 3869 lumen
2160 3826 2237 3869 ex
2262 3813 2441 3889 parte
2467 3810 2761 3888 potentiae
2786 3808 2873 3869 illi
2903 3826 3029 3869 non
3058 3807 3362 3870 infundat.

1805 3902 1904 3963 Sic
1933 3919 2082 3981 ergo
2105 3902 2288 3977 DeuS,
2313 3902 2599 3964 revelans
2628 3910 2691 3966 et
2710 3901 3049 3964 testificans
3068 3921 3169 3964 res
3192 3902 3363 3975 fidei,

1799 3996 2025 4057 merito
2060 3994 2285 4057 dicitur
2310 3996 2665 4059 illuminare
2704 3996 2865 4073 illas,
2912 4002 2975 4057 et
3018 3996 3105 4057 sic
3144 3996 3367 4057 dicitur

1803 4087 2188 4151 illuminasse
2234 4090 2600 4169 Prophetas,
2640 4095 2705 4151 et
2748 4089 3027 4151 Christus
3066 4088 3365 4151 Dominus

1801 4181 2027 4245 dicitur
2040 4182 2425 4244 illuminasse
2444 4182 2749 4244 mundum
2765 4179 3207 4263 praedicatione
3226 4199 3361 4255 sua,

1793 4277 1975 4356 juxta
2007 4277 2161 4339 illud
2195 4296 2209 4338 ε
2240 4278 2381 4341 Luoe
2407 4277 2569 4340 venit
2605 4277 2673 4339 in
2707 4278 3021 4351 mundum,
3057 4280 3117 4339 et
3143 4274 3367 4339 dilexe-

1800 4376 1951 4434 runt
1962 4372 2228 4435 homines
2245 4368 2443 4453 mayis
2460 4370 2730 4433 tenebrae
2746 4388 2927 4451 quam
2944 4369 3157 4433 lucem.
3182 4370 3339 4431 Deni

1804 4484 1926 4545 que
1969 4466 2056 4527 ait
2086 4466 2337 4538 PauluS,
2370 4482 2537 4528 omne
2580 4466 2738 4547 quod
2764 4466 3214 4543 manifestatur,
3268 4464 3366 4528 lu·-

1801 4578 1935 4623 mm
1957 4578 2105 4637 esse,
2132 4566 2321 4639 atque
2346 4559 2533 4621 etiam
2560 4558 2977 4621 manifestatio
3013 4557 3239 4639 obJecti
3270 4564 3365 4623 est

1803 4654 2091 4735 quasdam
2120 4655 2510 4717 illuminatio.
2542 4653 2777 4715 Deinde
2818 4654 2955 4734 ipsa
2983 4652 3172 4715 etiam
3200 4652 3365 4713 infu-

1802 4749 1894 4809 sio
1922 4746 2072 4809 fidei
2108 4747 2328 4809 divinae
2356 4746 2723 4809 illuminatio
2756 4754 2883 4821 est;
2917 4764 3063 4808 nam
3086 4746 3245 4808 fides
3270 4753 3365 4809 est

1801 4841 2119 4922 quoddam
2148 4842 2387 4919 lumen,
2420 4847 2482 4903 et
2510 4842 2653 4904 ideo
2686 4841 2936 4916 Paulus„
2968 4840 3051 4901 ad
3078 4839 3269 4902 Hebr.
3297 4842 3361 4917 6,

1798 4935 2142 5015 baptizatos
2180 4942 2364 4997 vocat
2402 4935 2807 5011 illuminatos,
2850 4934 2997 5015 quia
3036 4934 3253 4996 lumen
3294 4933 3365 4995 fi-

1800 5028 1904 5090 dei
1936 5030 2262 5109 recipiunt,
2320 5034 2389 5091 ut
2426 5027 2513 5090 ibi
2541 5033 2715 5091 notat
2750 5030 2819 5089 D.
2854 5030 3146 5091 Thomas·
3183 5026 3362 5092 Unde

1801 5122 2209 5200 AugustinuS‚
2250 5122 2359 5183 lib.
2390 5124 2429 5185 2
2468 5128 2685 5183 contra
2724 5122 2915 5202 Epist.
2964 5122 3361 5183 Parmeniani

1801 5226 1937 5296 cap.
1975 5218 2053 5278 14
2088 5235 2101 5278 :
2137 5215 2451 5281 Credimus
2494 5216 2777 5297 (inquit)
2822 5234 2945 5279 nou
2987 5206 3357 5291 hominibus,

1797 5311 1906 5373 sed
1923 5310 2049 5390 ipsi
2074 5310 2223 5386 Deo,
2252 5309 2623 5375 intrinsecus
2650 5310 2917 5375 animam
2950 5316 3226 5373 nostram
3245 5310 3363 5389 fir-

1795 5404 1995 5467 manti
2016 5410 2075 5468 et
2092 5401 2490 5468 illuminanti.
2519 5406 2751 5483 Estque
2768 5402 3047 5463 notanda
3067 5400 3360 5463 differen-

1795 5496 1880 5558 tia
1931 5496 2097 5559 inter
2144 5498 2281 5559 haec
2330 5497 2457 5558 duo
2500 5514 2735 5577 genera
2780 5493 3303 5557 illuminationum
3337 5512 3352 5555 ε

1796 5607 1944 5652 nam
1984 5592 2109 5668 illa,
2152 5611 2291 5672 quae
2322 5598 2515 5653 estex
2542 5596 2719 5669 parte
2762 5588 3011 5669 objecti,
3044 5589 3115 5651 fit
3144 5608 3183 5651 a
3224 5590 3357 5653 Deo
