3900 6217
757 362 927 415 SECT.
964 362 1045 413 111.
1082 363 1145 414 ΙΝ
1176 362 1299 425 Qua
1331 364 1745 417 Necessi'ra‘rss
1776 364 2108 415 TENEATUR
2142 364 2310 416 notio
2344 364 2815 427 ELEEMOSYNAM,
2851 366 2986 419 me.

190 527 203 541 ‚
260 464 461 524 ultim.
494 484 510 524 ε
544 464 822 546 Proecipe
863 464 1153 528 divitibus
1180 465 1357 541 facilc
1384 468 1668 539 tm'buerc,
1700 472 1814 527 etc.

260 559 565 619 Praeterea
607 560 813 618 Patres
847 558 964 617 hac
996 559 1065 617 in
1111 576 1179 618 re
1207 558 1549 637 loquuntur
1585 560 1821 637 rigoro-

258 652 514 722 sissimo,
548 652 919 713 nominatim
952 652 1164 727 Basil.,
1189 651 1361 713 hom.
1386 653 1453 714 in
1485 652 1638 713 illud
1668 653 1814 713 Luc.

264 748 375 807 12:
418 747 745 809 Des-cruam
786 746 1024 822 horrea,
1059 752 1175 806 etc.
1201 769 1218 821 ;
1248 746 1512 809 Nissen..
1552 754 1710 807 orat.
1744 746 1820 808 de

260 838 634 918 Pauperibus
676 840 1000 915 amandis3
1039 840 1319 903 Nazianz.
1350 886 1366 913 ‚
1418 847 1574 901 orat.
1622 840 1815 919 ejusd.

262 937 615 1009 argument.
645 948 665 1009 3
698 932 1007 1005 Ambros‚
1040 950 1226 994 serm.
1272 937 1339 994 81
1366 956 1383 1008 3
1414 934 1661 994 Hieron.
1690 978 1709 1006 ‚
1754 932 1823 993 in

260 1022 479 1101 regula
518 1025 837 1103 Monach.;
890 1025 1171 1102 August„
1205 1026 1271 1086 in
1315 1026 1539 1087 Psalm.
1590 1027 1730 1100 147,
1761 1030 1825 1087 et

258 1134 443 1179 serm.
476 1120 629 1194 219;
668 1118 1111 1197 chrysostom„
1138 1119 1353 1182 homil.
1386 1120 1467 1181 34
1502 1119 1582 1180 ad
1625 1121 1821 1198 Popu-

259 1210 413 1271 lum.
450 1212 707 1273 Summa
743 1228 958 1272 eorum
1000 1218 1112 1287 est,
1152 1212 1375 1274 divites
1411 1230 1538 1275 esse
1566 1210 1819 1293 dispen-

261 1311 493 1365 satores
518 1307 880 1367 constitutos
898 1324 935 1367 a
962 1309 1083 1368 Deo
1107 1307 1412 1369 bonorum
1435 1325 1649 1368 eorum
1678 1325 1817 1385 quse

260 1397 381 1459 sibi
410 1405 557 1459 sunt
580 1399 919 1479 superflua,
955 1406 1017 1461 et
1050 1418 1181 1462 esse
1226 1408 1501 1479 raptores
1536 1406 1601 1461 et
1633 1400 1819 1461 latro-

260 1508 369 1553 nes
404 1491 460 1551 si
500 1510 627 1553 non
664 1493 1059 1569 distribuant,
1094 1500 1209 1555 etc.
1239 1495 1361 1556 Nec
1386 1494 1621 1555 faciunt
1646 1512 1820 1555 men·

262 1586 497 1647 tionem
548 1586 803 1647 alterius
856 1588 1241 1649 necessitatis
1272 1634 1291 1663 ,
1346 1588 1469 1648 nisi
1512 1588 1645 1667 ejus
1678 1605 1817 1667 quae

264 1680 675 1741 communiter
711 1680 995 1741 occurrit.
1027 1682 1205 1743 Ratio
1230 1682 1499 1761 denique
1528 1687 1639 1756 est,
1668 1681 1818 1761 quia

260 1772 394 1835 haec
434 1772 597 1835 bona
620 1773 1009 1853 temporalia,
1038 1774 1091 1835 si
1136 1774 1454 1854 superflua
1494 1774 1638 1846 sint,
1675 1775 1819 1852 jure

260 1871 497 1927 naturae
540 1872 685 1927 sunt
717 1866 1165 1945 indigentium3
1204 1885 1353 1946 ergo
1395 1884 1521 1929 non
1564 1872 1823 1947 possunt

263 1960 395 2019 sine
426 1964 675 2037 peccato
703 1959 982 2035 retineri,
1012 1961 1066 2021 si
1096 1960 1292 2040 aliqui
1326 1961 1668 2039 indigeant.
1698 1962 1826 2021 An·

264 2051 551 2112 tecedens
582 2052 949 2131 explicatur,
980 2060 1042 2114 et
1065 2054 1364 2133 probatur
1386 2071 1464 2115 ex
1486 2055 1557 2114 D.
1586 2052 1827 2115 Thoma

266 2147 326 2207 2.
360 2148 423 2219 2,
448 2164 509 2223 q.
536 2148 635 2220 66,
662 2153 782 2206 art.
810 2150 871 2221 7,
914 2148 1062 2226 quia
1097 2147 1227 2209 haec
1254 2148 1420 2209 bona
1450 2166 1528 2209 ex
1582 2147 1688 2207 Dei
1736 2147 1829 2207 in·-

263 2238 583 2299 stitutione
624 2244 769 2300 sunt
808 2242 1207 2301 communia:
1236 2242 1379 2318 jure
1426 2245 1635 2301 autem
1676 2257 1826 2318 gen-

263 2331 419 2391 tium
446 2336 595 2413 sunt
622 2330 841 2409 divisa,
872 2350 1011 2413 quae
1040 2332 1259 2394 divisio
1292 2351 1421 2393 non
1449 2338 1653 2412 potest
1692 2350 1825 2395 esse

258 2424 444 2501 justa,
474 2430 538 2484 et
576 2424 803 2486 rationi
834 2444 1120 2501 consona,
1152 2426 1274 2488 nisi
1314 2427 1433 2487 hac
1471 2426 1607 2504 lege
1658 2424 1823 2487 facta

265 2516 671 2595 intelligatur,
702 2526 772 2579 ut
811 2538 951 2597 quae
976 2520 1239 2599 propriis
1272 2519 1541 2581 dominis
1570 2518 1825 2579 fuerunt

232 2610 607 2695 superflua,
658 2612 797 2672 aliis
838 2612 1189 2672 efficiantur
1228 2611 1627 2681 commuuia;
1674 2629 1822 2673 nam

262 2706 606 2781 oppositum
634 2710 794 2768 esset
823 2710 1037 2765 contra
1064 2704 1256 2765 finem
1279 2706 1555 2785 ipsarum
1579 2722 1813 2781 rerum,

261 2803 323 2858 et
360 2796 479 2857 hoc
521 2798 797 2859 indicant
846 2800 1051 2859 Patres
1073 2844 1092 2873 ,
1142 2816 1287 2860 cum
1332 2803 1555 2859 vocant
1600 2797 1821 2860 divites

262 2889 729 2968 dispensatores.

340 2985 401 3044 3.
488 2985 701 3049 Tertia
748 2985 1067 3047 sententia.
1116 3017 1198 3032 -
1240 2986 1445 3047 Tertia
1512 2986 1819 3047 sententia

266 3084 353 3139 est
380 3076 640 3155 obligari
670 3078 953 3139 homines
975 3078 1049 3139 ad
1076 3078 1349 3139 dandum
1390 3098 1470 3141 ex
1508 3078 1605 3139 his
1646 3078 1825 3139 bonis

262 3172 453 3233 etiam
492 3174 559 3232 in
591 3172 767 3250 gravi
807 3172 1163 3231 necessitate
1204 3173 1509 3251 proximi,
1542 3190 1670 3233 non
1719 3189 1826 3232 au-

258 3270 384 3325 tem
414 3266 481 3324 in
520 3265 837 3326 communi
868 3284 882 3339 ;
920 3266 1011 3325 ita
1040 3264 1277 3337 Alens.‚
1304 3265 1420 3325 sibi
1454 3266 1821 3339 contrarius,

258 3360 325 3419 in
350 3361 391 3419 3
412 3366 601 3438 part.,
632 3378 697 3439 q.
730 3361 835 3433 65,
864 3364 935 3418 ut
964 3357 1154 3418 refert
1179 3358 1427 3421 Medina
1445 3404 1464 3433 ,
1494 3358 1699 3419 codice
1744 3358 1820 3419 de

258 3452 688 3531 Eleemosynn,
718 3471 779 3531 q.
816 3455 893 3528 33
936 3452 1234 3514 Antonin.
1262 3498 1281 3528 ,
1313 3455 1351 3513 2
1383 3460 1541 3532 part.
1568 3497 1583 3525 ‚
1616 3453 1712 3513 tit.
1758 3456 1817 3527 1,

258 3564 392 3624 cap.
424 3548 526 3620 2-2,
550 3545 589 3625 ᾗ
618 3546 745 3608 Pro
784 3546 1015 3626 majori
1033 3571 1059 3618 ;
1102 3545 1389 3620 Armilla,
1420 3544 1607 3606 verbo
1632 3546 1823 3609 Elee-

255 3656 529 3719 mosgma,
564 3638 761 3699 citans
800 3637 989 3715 alios;
1029 3638 1254 3699 Navar.
1280 3684 1300 3713 ,
1333 3637 1402 3698 in
1432 3636 1731 3711 Manuali,
1763 3657 1816 3697 c.

258 3733 357 3805 44,
384 3748 560 3791 num.
594 3733 665 3805 53
698 3730 953 3791 Adrian.
981 3774 1001 3803 ,
1032 3730 1313 3803 Quodlib.
1349 3734 1378 3792 1
1408 3776 1427 3805 ,
1458 3736 1573 3790 art.
1604 3733 1666 3803 2,
1697 3730 1818 3791 litt.

262 3824 333 3899 G,
364 3826 428 3884 et
466 3823 751 3898 Quodlib.
780 3825 881 3898 12,
914 3828 1033 3884 art.
1075 3826 1136 3897 2,
1167 3842 1409 3903 propos.
1442 3827 1506 3897 2,
1538 3822 1645 3883 ubi
1674 3823 1824 3884 citat

259 3917 501 3993 Palud„
531 3918 597 3977 in
624 3919 689 3991 4,
734 3917 1011 3977 distinct.
1061 3920 1169 3990 153
1210 3918 1413 3993 Sotus,
1442 3918 1521 3977 de
1548 3917 1815 3994 Justitia,

254 4010 363 4072 lib.
398 4013 435 4071 5
462 4056 481 4085 ,
510 4028 572 4089 q.
601 4011 640 4071 8
662 4056 675 4083 ,
724 4016 839 4071 art.
882 4012 938 4072 1.
988 4011 1167 4071 Ratio
1200 4017 1293 4071 est
1319 4056 1339 4085 ,
1390 4011 1537 4090 quia
1596 4011 1819 4076 divites

257 4110 404 4163 sunt
424 4104 555 4164 veri
590 4103 827 4163 domini
857 4103 1042 4163 etiam
1074 4102 1550 4182 superfluorum,
1577 4104 1645 4163 in
1670 4122 1819 4183 qua·

256 4214 519 4275 cumque
547 4196 891 4275 quantitate
926 4212 949 4272 ;
1002 4196 1409 4276 supponimus
1451 4196 1617 4259 enim
1648 4197 1817 4274 justo

178 4348 183 4353 .
257 4288 434 4349 titulo
460 4306 533 4349 ea
563 4288 724 4350 bona
764 4288 1067 4367 possidere
1098 4304 1119 4365 ;
1163 4306 1275 4349 nec
1312 4290 1555 4366 agimus
1592 4289 1670 4349 de
1708 4290 1815 4350 bo·

254 4380 355 4443 nis
388 4382 748 4443 clericorum
784 4380 1088 4460 spirituali
1117 4382 1325 4461 aliquo
1353 4382 1533 4443 titulo
1572 4398 1817 4461 compa·

254 4475 424 4545 ratis,
474 4474 553 4535 de
588 4474 815 4555 quibus
852 4476 1268 4535 controversia
1304 4482 1417 4550 est,
1452 4494 1533 4535 an
1560 4476 1684 4535 sint
1716 4493 1817 4536 eo-

254 4585 391 4628 rum
432 4568 733 4627 bonorum
764 4566 999 4627 domini
1028 4566 1229 4643 (utin
1270 4563 1527 4628 materIa
1573 4567 1651 4627 de
1704 4569 1815 4629 Be-

254 4659 491 4721 neficiis
516 4661 855 4737 tractatur)
882 4676 902 4736 ;
929 4660 1073 4719 hinc
1090 4660 1165 4719 fit
1200 4660 1421 4720 divites
1448 4677 1555 4739 per
1590 4679 1654 4721 se
1676 4660 1815 4721 nul-

252 4752 375 4813 lam
416 4752 621 4814 facere
644 4752 940 4831 injuriam
972 4752 1296 4813 retinendo
1326 4752 1455 4813 haec
1480 4754 1813 4831 superflua,

246 4846 353 4905 vel
376 4845 442 4906 in
472 4863 665 4905 vanos
704 4862 849 4905 usus
901 4844 1297 4922 prodigendo‚
1340 4846 1636 4905 nimirum
1668 4846 1817 4925 quia

252 4944 399 4999 sunt
430 4939 690 5001 domini.
746 4940 833 5000 Ex
878 4957 1001 5019 quo
1041 4938 1241 5000 obiter
1276 4938 1647 5016 intelligitur
1690 4939 1820 5019 pri-

253 5049 398 5108 mu,
440 5032 505 5094 iu
548 5034 672 5093 illis
728 5034 1094 5095 Sanctorum
1142 5034 1321 5094 dictis
1372 5032 1645 5113 aliquam
1688 5052 1815 5095 esse

251 5127 814 5205 exaggerationem,
846 5132 1031 5204 atque
1070 5126 1223 5186 adeo
1251 5125 1653 5203 intelligenda
1685 5144 1817 5189 esse

250 5218 589 5277 secundum
628 5218 965 5296 quamdam
988 5218 1485 5293 similitudinem,
1510 5225 1815 5297 quatenus

250 5310 405 5371 tales
434 5311 673 5371 domini
705 5316 963 5391 possunt
984 5329 1237 5391 peccare
1262 5310 1613 5372 mortaliter
1646 5330 1817 5373 occa-

248 5405 425 5465 sione
464 5404 771 5465 bonorum
812 5405 1251 5485 temporalium
1269 5450 1286 5480 ,
1340 5407 1499 5466 sicut
1543 5415 1817 5485 raptores

252 5503 317 5561 et
353 5496 543 5579 fures,
576 5502 641 5561 et
672 5496 984 5561 interdum
1024 5497 1293 5587 gravius.
1328 5498 1503 5568 Unde
1548 5494 1816 5591 seeundo

3347 366 3466 429 683

1903 464 2311 544 intelligitur,
2342 465 2575 530 seclusa
2623 466 2970 545 indigentia
3014 470 3464 550 proximorum,

1903 558 2138 618 nullam
2209 576 2334 619 esse
2393 558 2838 635 obligationem
2900 563 3257 625 conserendi
3325 565 3462 627 aliis

1902 650 2032 711 baec
2074 650 2257 713 bona.
2293 652 2490 731 Atque
2527 653 2615 712 ita
2663 654 2914 714 tandem
2945 654 3106 729 fieri,
3139 654 3461 735 obligatio-

1902 762 2048 803 nem
2099 749 2291 803 totam
2333 745 2481 805 oriri
2511 762 2584 805 ex
2633 747 2996 808 necessitate
3023 748 3308 809 aliorum.
3340 751 3467 811 Uu-

1902 834 1979 896 de
2007 836 2137 915 jam
2180 836 2266 897 sic
2311 837 2738 898 concluditur:
2769 845 2901 899 tota
2951 840 3250 920 obligatio
3277 842 3469 903 dandi

1902 930 2102 990 oritur
2129 946 2208 989 ex
2236 930 2602 991 necessitate
2630 931 2896 1010 proximi
2919 948 2938 1010 3
2988 950 3139 1012 ergo
3163 933 3306 995 talis
3349 935 3468 997 erit

1904 1021 2208 1100 obligatio
2261 1022 2461 1102 qualis
2513 1026 2874 1099 necessitas;
2926 1043 3076 1105 ergo
3129 1028 3178 1088 si
3224 1044 3468 1108 semper

1900 1117 2230 1177 necessitas
2260 1134 2589 1179 occurrens
2621 1124 2714 1179 est
2754 1119 2928 1197 levis,
2962 1120 3258 1201 obligatio
3311 1140 3468 1183 sem·

1899 1228 2010 1290 per
2029 1215 2132 1276 ‚est
2167 1210 2346 1286 levis,
2377 1216 2560 1290 atque
2603 1211 2758 1273 adeo
2796 1230 3117 1293 nunquam
3158 1215 3273 1276 sub
3298 1232 3468 1277 mor·

1900 1301 2032 1363 tali.
2065 1304 2141 1363 Et
2167 1322 2202 1365 e
2232 1305 2546 1366 contrario
2597 1304 2729 1365 sola
2771 1307 3100 1367 necessitas
3128 1309 3334 1386 gravis
3374 1308 3468 1369 in-

1900 1395 2083 1457 ducet
2121 1395 2566 1475 obligationem
2594 1398 2710 1459 sub
2747 1399 3018 1460 mortali.
3058 1400 3470 1463 Confirmatur

1900 1489 2126 1569 primo,
2158 1490 2304 1569 quia
2343 1489 2493 1551 alias
2531 1491 2781 1552 omissio
2817 1492 3243 1573 eleemosynas,
3277 1496 3467 1555 etiam

1898 1582 1966 1642 in
2001 1582 2262 1661 singulis
2305 1584 2544 1645 levibus
2579 1586 3082 1661 necessitatibus,
3123 1595 3282 1649 esset
3325 1606 3470 1668 pec-

1898 1682 2105 1737 catum
2147 1677 2428 1749 mortale,
2456 1678 2621 1757 quod
2645 1686 2738 1741 est
2769 1680 3171 1743 incredibile:
3215 1682 3465 1762 sequela

1897 1776 2088 1849 patet,
2124 1773 2274 1851 quia.
2299 1770 2399 1831 vel
2425 1771 2738 1851 quaelibet,
2769 1773 2869 1835 vel
2898 1774 3070 1835 nulla
3093 1780 3207 1835 est.
3238 1776 3467 1836 Secun-

1901 1862 2004 1935 do,
2037 1863 2182 1941 quia
2212 1862 2364 1924 alias
2403 1865 2608 1925 omnis
2635 1866 3036 1945 prodigalitas
3073 1874 3230 1929 esset
3255 1886 3470 1947 pecca·

1904 1960 2042 2017 tum
2083 1948 2366 2021 mortale.
2400 1958 2632 2035 Tei-tic,
2665 1960 2812 2039 quia
2841 1980 2970 2022 non
3007 1961 3222 2023 liceret
3261 1961 3470 2022 diviti·

1910 2046 2028 2109 bus
2081 2049 2161 2109 ad
2203 2048 2488 2111 altiorem
2545 2050 2807 2129 gradum
2865 2054 3194 2115 ascendere
3232 2072 3472 2115 conser-

1912 2142 2114 2203 vando
2165 2141 2410 2205 divitias
2434 2188 2455 2220 ,
2509 2145 2638 2206 imo
2681 2164 2882 2226 neque
2919 2146 3219 2207 aedificare
3263 2165 3471 2229 sump-

1906 2242 2107 2298 tuose.

1991 2333 2052 2393 4.
2102 2332 2326 2394 Prima
2364 2333 2683 2397 conclusio.
2705 2332 2951 2394 —Dico
2989 2338 3198 2394 tamen
3243 2334 3468 2412 primo,

1904 2424 2269 2504 simpliciter
2295 2425 2603 2505 loquendo
2634 2440 2650 2485 ε
2689 2426 2910 2487 divites
2935 2425 3232 2487 habentes
3258 2444 3469 2505 super-

1906 2517 2030 2578 flua
2076 2518 2432 2597 obligantur
2461 2518 2668 2597 aliquo
2698 2519 2882 2580 modo
2915 2537 2992 2579 ex
3017 2526 3318 2597 praecepto
3351 2520 3469 2579 mi-

1902 2612 2248 2673 sericordiae
2293 2612 2369 2672 ad
2404 2612 2759 2673 faciendum
2800 2611 3282 2692 eleemosynam.
3325 2612 3470 2673 Haec

1900 2705 2208 2766 conclusio
2239 2752 2259 2781 ,
2318 2705 2728 2766 abstrahendo
2789 2705 2870 2765 ab
2922 2704 3298 2783 obligatione
3351 2704 3467 2765 sub

1900 2800 2150 2860 mortali
2199 2798 2292 2860 vel
2322 2799 2573 2874 veniali,
2605 2800 2852 2861 videtur
2879 2800 3136 2860 omnino
3185 2804 3374 2872 certa,
3405 2805 3470 2861 et

1902 2892 2278 2953 sufficienter
2307 2892 2697 2953 convincitur
2740 2892 3160 2953 fundamentis
3185 2892 3470 2953 secundm

1904 2986 2263 3062 sententiae,
2311 2992 2374 3046 et
2415 3004 2490 3045 ex
2531 2985 2692 3061 aliis,
2734 3004 2872 3065 quae
2912 2986 3120 3046 statim
3165 2984 3464 3048 dicemus.

1904 3077 2126 3157 Colligi
2168 3085 2374 3139 tamen
2409 3084 2609 3157 potest
2649 3096 2725 3139 ex
2765 3079 3048 3158 superius
3087 3078 3222 3156 jam
3265 3078 3464 3154 dictis,

1901 3172 2065 3232 hanc
2089 3172 2317 3232 scilicet
2340 3171 2782 3251 obligationem
2808 3189 3032 3250 genere
3060 3188 3171 3232 suo
3199 3188 3328 3231 esse
3352 3170 3466 3232 sub

1905 3264 2183 3339 mortali3
2215 3264 2594 3325 ostendimus
2623 3265 2814 3339 enim,
2846 3264 3208 3325 charitatem
3258 3270 3322 3324 et
3349 3265 3471 3325 mi-

1901 3358 2294 3419 sericordiam
2347 3376 2424 3418 ex
2476 3374 2703 3435 genere
2749 3375 2860 3418 suo
2903 3357 2994 3417 ita
3037 3356 3310 3436 obligare
3327 3374 3346 3435 3
3397 3358 3466 3419 in

1902 3449 2260 3531 particulari
2314 3468 2463 3511 vero
2517 3449 2966 3512 consideranda
3021 3451 3137 3511 erit
3194 3451 3464 3529 gravitas

1902 3544 2201 3618 materiae,
2231 3542 2310 3603 ad
2353 3543 2824 3605 discernendum
2865 3542 3066 3623 qualis
3095 3542 3176 3602 sit
3207 3542 3464 3603 necessi-

1902 3644 2016 3697 tas.

1983 3732 2040 3793 5.
2093 3729 2374 3793 Secunda
2399 3727 2807 3793 conclusio.-
2825 3728 2966 3788 Dico
2993 3728 3301 3791 secundo:
3336 3746 3466 3789 non

1902 3823 2102 3883 solum
2141 3824 2206 3882 in
2237 3828 2535 3897 extrema,
2559 3822 2664 3882 sed
2693 3823 2880 3881 etiam
2907 3822 2973 3882 in
3004 3823 3180 3901 gravi
3207 3821 3465 3883 necessi-

1902 3922 2027 3977 tate
2056 3916 2289 3995 obligat
2325 3920 2698 3995 praeceptum
2727 3914 2844 3976 hoc
2873 3915 2990 3975 sub
3014 3915 3282 3991 mortali,
3319 3932 3466 3977 eum

1899 4010 2008 4091 qui
2061 4009 2248 4070 habet
2301 4007 2636 4088 superflua.
2692 4010 2836 4070 Haec
2893 4009 3206 4070 conclusio
3262 4012 3464 4089 primo

1898 4103 2195 4183 probatur
2221 4101 2638 4163 fundamentis
2665 4102 2948 4163 secundoe
2975 4102 3316 4164 sententias.
3350 4103 3465 4163 De-

1898 4196 2047 4257 inde
2073 4197 2222 4277 quia
2249 4195 2546 4273 obligatio
2583 4194 2714 4256 baec
2741 4196 2804 4257 in
2835 4196 3151 4275 Scriptura
3179 4214 3350 4256 sacra
3375 4202 3466 4255 ta·

1896 4289 1973 4350 lis
2001 4289 2388 4368 significatur
2413 4294 2485 4348 ut
2505 4288 2862 4367 frequenter
2878 4294 3187 4365 occurrat;
3213 4288 3460 4366 siguum

1897 4392 1989 4443 est
2043 4400 2196 4461 ergo
2251 4400 2374 4443 non
2429 4382 2532 4461 agi
2579 4388 2824 4442 tantum
2875 4382 2954 4443 de
3002 4388 3302 4451 extrema,
3357 4380 3465 4442 sed

1897 4479 2112 4554 etiam,
2140 4483 2211 4539 ut
2233 4477 2592 4551 minimum,
2622 4478 2698 4537 de
2731 4478 2926 4557 gravi.
2953 4476 3332 4538 Antecedens
3351 4494 3465 4556 pa-

1898 4576 1988 4631 tet
2033 4570 2249 4633 Matth.
2285 4572 2389 4643 25,
2421 4570 2530 4630 ubi
2579 4577 2826 4649 propter
2871 4576 3188 4649 peceatum
3223 4582 3464 4630 contra-

1898 4665 2062 4723 rium
2116 4662 2264 4723 huic
2309 4662 2673 4741 obligationi
2707 4663 3081 4724 damnantur
3131 4662 3461 4739 homines;

1897 4757 2279 4817 damnantur
2305 4762 2511 4816 autem
2542 4774 2652 4835 per
2671 4764 2920 4836 peccata
2943 4775 3082 4835 quae
3107 4756 3466 4835 frequenter

1899 4848 2392 4909 committuntur.
2422 4849 2598 4909 Unde
2635 4849 2721 4909 ibi
2756 4867 2882 4909 non
2917 4856 3328 4909 numerantur
3357 4866 3464 4909 ne-

1898 4941 2207 5001 cessitates
2237 4948 2550 5015 extremae,
2581 4942 2688 5003 sed
2729 4960 2948 5020 graves
2958 4958 2979 5019 3
3022 4946 3084 5002 et
3109 4941 3325 5003 Mattli.
3359 4942 3458 5016 18,

1897 5034 2228 5094 damnatur
2268 5052 2502 5111 servus,
2531 5033 2677 5114 quia
2719 5052 2846 5096 non
2873 5041 2968 5095 est
2996 5034 3282 5094 misertus
3317 5052 3462 5095 con-

1898 5129 2059 5189 servi
2097 5128 2192 5187 sui
2235 5128 2302 5187 in
2333 5128 2505 5205 gravi
2549 5129 2906 5189 necessitate
2921 5142 2942 5204 3
2987 5128 3155 5187 unde
3197 5128 3466 5189 sumitur

1896 5227 2337 5297 argumentum
2365 5235 2380 5279 :
2421 5237 2566 5280 nam
2597 5222 2647 5280 si
2677 5238 2898 5299 urgere
2925 5219 3268 5281 debitorem
3297 5239 3464 5285 mor.

1894 5311 2020 5371 tale
2055 5311 2176 5372 fuit
2203 5312 2390 5371 etiam
2419 5312 2478 5373 ci
2513 5313 2622 5391 qui
2651 5312 2976 5377 videbatur
3004 5330 3132 5374 esse
3162 5313 3228 5373 in
3257 5332 3464 5379 neces·

1896 5404 2101 5478 sitate,
2147 5410 2380 5482 quanto
2409 5405 2608 5483 magis
2636 5404 2890 5466 habenti
2919 5404 3232 5485 superflua
3274 5424 3464 5485 grave

1896 5497 2016 5569 erit
2043 5512 2166 5555 non
2197 5494 2528 5563 subvenire
2561 5498 2829 5581 graviter
2859 5497 3210 5581 indigenti!
3235 5498 3466 5565 Secun-
