3900 6217
1480 394 1673 453 mnssx
1702 394 1933 453 RERUM.

69 496 124 542 s.
164 494 455 621 scii-iptura
487 506 553 548 eo
594 493 785 561 spiritu
816 493 1219 562 interpretanda
1244 505 1343 563 est,
1368 512 1477 567 quo
1510 501 1667 565 sacta,

144 583 205 621 n.
282 576 333 624 3.

70 650 127 697 Ἰ.
172 648 237 698 1η
273 647 549 713 Scriptura
580 662 647 701 an
676 647 875 714 aliquid
906 651 1141 705 humano
1170 650 1361 717 spirim
1388 654 1663 719 scriptum,

146 725 251 781 ib..
292 738 347 777 n.
374 731 431 777 14
456 734 508 779 et
530 730 605 779 15.

70 802 119 849 8.
164 800 439 867 scriptori
492 802 759 855 canonico
810 804 1081 867 quomodo
1128 806 1407 861 auxiliatur
1442 805 1666 873 Spiritus

140 877 411 939 Sanctus,
443 885 591 930 tract.
620 883 669 940 1,
692 878 830 943 disp.
859 884 906 941 8,
930 886 1058 933 sect.
1088 885 1137 943 ⁴,
1162 895 1215 933 n.
1244 887 1290 934 6.

144 956 238 1004 An
283 962 433 1007 certo
456 958 587 1008 sciat
614 967 673 1007 se
693 955 951 1009 canonice
976 957 1233 1022 scribere,
1260 958 1352 1020 ib.,
1376 965 1429 1013 et
1451 959 1589 1025 disp.
1614 964 1661 1023 5,

140 1036 294 1081 sect.
328 1034 373 1093 3,
398 1044 453 1083 ιι.
480 1035 555 1083 15.

794 1151 942 1191 sucu
948 1178 959 1190 .

74 1261 127 1309 1.
172 1258 344 1313 Secta
375 1260 503 1325 quid
537 1262 623 1319 sit.
668 1269 721 1315 et
755 1275 824 1315 an
870 1276 937 1317 eo
972 1266 1193 1319 nomine
1238 1267 1374 1320 fides
1405 1266 1667 1319 catholica

148 1336 425 1399 appellari
456 1340 643 1403 possit,
677 1347 824 1393 tract.
850 1348 897 1401 1,
925 1340 1062 1407 disp.
1090 1347 1169 1401 19,
1199 1352 1329 1397 sect.
1350 1348 1397 1404 1,
1421 1357 1473 1395 n.
1503 1346 1549 1395 ⁴.

74 1414 127 1461 2.
175 1410 533 1477 Quacumque
563 1420 707 1466 secta
735 1414 867 1469 tides
897 1417 1188 1470 christiana
1220 1424 1301 1471 est
1338 1418 1662 1480 credibilior,

152 1492 321 1539 tract.
346 1491 391 1549 1,
424 1488 563 1563 disp.
584 1492 631 1549 ⁴,
655 1497 784 1543 sect.
818 1495 864 1555 ⁴,
902 1504 930 1543 a
956 1505 1007 1544 n.
1039 1497 1085 1545 1.

148 1560 297 1615 vide
323 1577 642 1629 insinuatus,
673 1581 902 1631 uAEnsssls,
925 1582 1241 1621 numisma.

782 1698 989 1737 SssDU’IO·

78 1789 130 1838 1.
174 1786 389 1842 Seditio
422 1789 570 1854 quid,
596 1794 743 1843 tract.
771 1795 818 1854 8,
846 1791 987 1858 disp.
1012 1797 1090 1855 1³,
1116 1800 1245 1846 sect.
1272 1797 1319 1855 8,
1343 1806 1396 1846 n.
1430 1798 1476 1846 1.

154 1864 312 1915 inter
342 1864 477 1917 duas
508 1866 837 1931 respublicas
878 1880 1092 1933 semper
1131 1876 1213 1921 est
1244 1869 1386 1921 mala
1418 1882 1481 1921 ex
1521 1876 1671 1933 parte

151 1940 526 2005 aggressoris;
552 1944 693 2005 justa
726 1954 787 1994 ex
822 1949 969 2007 parte
1002 1942 1317 2005 defensoris,
1344 1945 1415 1997 ib.

80 2018 133 2064 2.
174 2013 389 2067 seditio
421 2016 728 2081 reipublicae
764 2030 947 2071 contra
978 2019 1274 2085 principem
1320 2032 1429 2072 non
1464 2025 1546 2072 est
1584 2019 1671 2071 in-

153 2090 401 2143 trinsece
448 2092 679 2154 malum,
728 2094 822 2145 sed
885 2101 1056 2158 potest
1104 2095 1503 2149 conditionibus
1541 2094 1669 2161 justi

152 2165 294 2218 belli
329 2168 618 2231 honestari,
646 2169 738 2232 ib.,
770 2184 823 2222 n.
850 2174 897 2221 2.

84 2246 133 2292 s.
180 2242 396 2296 seditio
420 2246 633 2311 proprie
666 2253 718 2298 et
751 2246 1041 2301 intrincese
1065 2254 1145 2300 est
1184 2247 1380 2301 bellum
1412 2247 1671 2313 reipubli-

152 2330 242 2370 cae
282 2326 471 2372 contra
504 2332 681 2388 regem
714 2334 825 2375 non
854 2329 1159 2389 tyrannum,
1185 2338 1238 2377 n.
1276 2328 1322 2375 3.

794 2490 970 2528 SBBUO.

84 2600 137 2646 1.
176 2594 379 2651 Sermo
424 2598 547 2651 fidei
603 2600 840 2653 scientiae
870 2606 924 2653 et
965 2602 1279 2668 sapientiae,
1332 2602 1455 2656 vide
1496 2618 1671 2656 cum

152 2688 337 2725 Gnarus
362 2690 505 2737 nara,
538 2689 590 2728 n.
631 2682 676 2729 5.

87 2751 140 2796 2.
180 2749 509 2803 Sermonum
542 2752 922 2820 interpretatiO,
953 2755 1075 2809 vide
1104 2754 1318 2809 ibidem.

787 2896 987 2937 SERVUS.

94 2996 145 3043 1.
190 2994 395 3049 Servus
428 3000 751 3055 christianus
792 3016 859 3056 an
906 3012 957 3059 et
998 3006 1271 3071 quomodo
1314 3007 1467 3059 eximi
1505 3008 1671 3073 possit

163 3070 238 3121 ab
276 3071 433 3124 herili
462 3082 720 3139 potestate
752 3078 953 3132 domini
984 3080 1229 3145 infideliS,
1255 3082 1373 3134 vide
1408 3098 1663 3147 matuatus,

160 3158 216 3195 n.
242 3150 327 3207 17,
352 3152 430 3209 ta,
453 3154 514 3200 20
542 3158 593 3204 et
620 3157 700 3204 21.

98 3224 147 3269 2.
186 3221 391 3275 Servus
422 3237 517 3291 per
552 3226 797 3280 haeresim
828 3229 1029 3283 domini
1065 3245 1173 3285 non
1208 3234 1546 3297 confiscatur,
1570 3238 1664 3287 sed

161 3308 354 3350 manet
398 3300 551 3363 liber,
596 3304 803 3355 etiarnsi
832 3305 1081 3359 dominus
1115 3308 1423 3374 resipiscat,
1468 3316 1521 3362 et
1563 3308 1665 3361 alia

156 3372 311 3426 bona
361 3376 408 3427 ei
458 3389 521 3429 ex
566 3378 935 3433 misericordia
988 3382 1385 3447 condonentur,
1430 3391 1579 3438 tract.
1613 3389 1661 3449 1,

158 3449 307 3515 disp.
334 3455 414 3513 22,
437 3460 564 3505 sect.
592 3460 638 3515 5,
666 3468 718 3507 n.
757 3462 803 3507 6.

97 3527 145 3575 3.
184 3522 374 3578 Servis
402 3540 469 3579 an
512 3528 665 3582 liceat
698 3532 1003 3587 ministrare
1038 3534 1169 3589 hero
1199 3535 1347 3589 cibos
1374 3538 1565 3591 vetitos
1611 3535 1663 3587 in

157 3600 254 3653 die
281 3603 489 3667 jejunii,
516 3604 635 3657 vide
660 3622 963 3670 εοιιωιιιιιιι,
992 3616 1143 3663 n.15.

98 3680 147 3727 ⁴.
182 3677 341 3729 Servi
384 3692 451 3731 an
499 3682 701 3745 possint
747 3684 921 3739 facere
966 3686 1379 3755 eleemosynam,
1417 3693 1565 3741 tract.
1614 3694 1663 3751 s,

162 3752 309 3818 disp.
344 3757 391 3817 7,
420 3764 546 3809 sect.
583 3762 630 3820 2,
662 3772 713 3811 ιι.
734 3765 781 3812 2.

108 3835 153 3880 5.
194 3832 253 3881 ln
286 3842 473 3884 servos
506 3845 617 3886 non
653 3835 857 3900 possint
887 3836 1171 3890 christiani
1201 3850 1311 3890 non
1346 3840 1609 3904 Apostatae
1642 3851 1673 3889 a

164 3907 491 4033 Chrssflanis
541 3912 813 3977 captivari,
860 3918 1008 3966 tract.
1058 3916 1114 3977 6,
1157 3914 1294 3979 disp.
1335 3916 1415 3977 13,
1458 3921 1585 3967 sect.
1622 3916 1671 3975 7,

168 3996 223 4033 n.
338 4026 346 4034 .

784 4106 995 4145 SPECIRS.

106 4216 151 4263 1.
189 4214 410 4279 Species
450 4218 662 4283 generis
708 4216 971 4270 interioris
1016 4218 1222 4271 excellit
1263 4230 1669 4285 nonnumquam

168 4290 409 4354 speciem
442 4292 752 4358 superioris,
777 4297 925 4346 tract.
952 4296 999 4357 1,
1026 4293 1167 4361 disp.
1199 4298 1278 4358 16,
1308 4300 1437 4349 sect.
1469 4296 1517 4357 2,
1545 4307 1599 4347 n.
1622 4298 1666 4347 8.

831 4423 961 4462 ΒΡΕΒ.

109 4524 153 4572 1.
172 4520 320 4648 ¹Sgei
342 4520 618 4586 multiplex
636 4520 968 4587 significatio,
992 4527 1141 4577 tract.
1157 4527 1205 4586 2,
1224 4522 1362 4589 disp.
1390 4523 1507 4588 1,in
1534 4536 1673 4591 prae-

192 4612 225 4649 u
270 4613 281 4648 ι
330 4638 341 4649 .
750 4636 759 4643 .

170 4673 229 4724 In
254 4611 453 4726 νξιιιιιθ
484 4672 599 4739 spei
633 4678 862 4739 quatuor
888 4671 1283 4741 distinguenda,
1331 4674 1425 4737 ib.,
1457 4682 1585 4729 sect.
1621 4680 1670 4739 1,

112 4756 323 4891 2.ῃὲςξὲἰ
370 4824 633 4889 objectum
676 4824 948 4878 materiale
988 4825 1315 4891 Draecipuum
1356 4832 1437 4879 est
1475 4833 1675 4881 aeterna

173 4900 471 4960 beatitudo,
500 4900 591 4959 ib.,
624 4904 751 4965 ιι.2;
794 4913 904 4953 ιιοιι
938 4900 1112 4954 solum
1147 4900 1410 4954 visionem
1438 4902 1546 4965 Dei,
1577 4902 1674 4955 sed

177 4978 343 5028 Deum
389 4976 561 5040 ipsum
612 4974 846 5040 attingit,
890 4981 947 5028 ut
988 4976 1299 5041 primarium
1337 4977 1602 5043 objectum
1642 4990 1674 5030 a

114 5058 330 5194 ans-pes
379 5127 539 5191 habet
588 5127 746 5179 etiam
798 5139 894 5193 pro
940 5128 1148 5193 objecto
1189 5128 1448 5181 materiati
1494 5129 1675 5182 omnia

175 5211 352 5257 creata
371 5203 513 5256 bona
532 5208 583 5253 et
597 5203 757 5255 etiam
778 5204 1041 5256 naturalia
1062 5217 1181 5270 quae
1201 5205 1269 5257 ad
1292 5205 1671 5258 beatitudinem

174 5280 497 5341 conducunt,
523 5293 573 5330 n.
606 5282 652 5330 7.

117 5357 162 5405 4.
198 5356 317 5420 Spei
358 5354 625 5420 objectum
668 5352 943 5408 materiale
989 5354 1322 5420 adaequatum
1363 5355 1467 5409 dici
1501 5361 1673 5422 potest

180 5432 331 5494 Deus,
365 5439 522 5497 prout
555 5439 636 5483 est
670 5438 851 5483 nostra
892 5430 1179 5495 beatitudo,
1213 5447 1263 5484 n.
1295 5438 1339 5485 8.

120 5512 146 5556 5
200 5508 328 5573 Spes
362 5514 411 5559 et
440 5507 615 5573 quoad
655 5508 891 5559 habitum
920 5514 971 5560 et
994 5508 1168 5571 quoad
1210 5516 1383 5562 actum
1410 5522 1441 5561 a
1466 5508 1567 5561 fide
1591 5522 1679 5561 es-

182 5585 471 5636 sentialiter
510 5584 869 5652 distinguitur,
919 5590 1067 5636 tract.
1097 5588 1145 5649 2,
1188 5584 1328 5650 disp.
1368 5588 1416 5650 1,
1458 5591 1585 5637 sect.
1628 5590 1677 5649 2,

3193 394 3308 458 797
3323 412 3328 415 “

1810 514 1864 553 ιι.
1909 506 1964 560 2;
2014 496 2161 553 nullo
2203 494 2366 553 modo
2401 499 2572 565 potest
2609 508 2729 551 esse
2771 497 2826 551 in
2861 497 3150 563 intellectu,
3177 513 3231 552 n.
3260 504 3305 565 ⁴;

1817 584 1899 631 est
1922 582 2100 629 motus
2135 575 2189 628 in
2211 575 2481 629 voluntate
2507 574 2572 627 ad
2587 575 2786 629 bonum
2811 575 2914 629 sub
2935 575 3140 629 ratione
3162 575 3308 637 boni,

1811 666 1864 705 n.
1898 657 1945 705 5.

1748 735 1794 783 6.
1841 730 1972 795 Spes
1993 728 2262 795 quomodo
2288 727 2493 782 dicatur
2515 735 2677 792 certa,
2696 741 2817 783 cum
2839 741 2946 781 non
2983 728 3051 781 sit
3072 727 3124 781 in
3153 729 3312 783 intel-

1814 808 1971 867 lectu,
2002 820 2054 857 ιι.
2089 811 2136 857 6.

1748 888 1794 935 7.
1832 886 1955 949 Spei
1994 881 2257 946 objectum
2291 880 2510 933 formale
2541 892 2649 932 non
2680 888 2758 933 est
2791 880 3046 941 arduitas,
3075 885 3221 933 tract.
3259 886 3311 943 2,

1810 958 1949 1023 disp.
1979 961 2027 1016 1,
2063 963 2192 1009 sect.
2219 961 2266 1013 8,
2299 970 2352 1008 n.
2391 960 2421 1007 2
2469 964 2522 1009 et
2553 961 2609 1020 ⁵3
2641 969 2742 1009 nec
2783 957 2918 1009 Deus
2955 964 3013 1007 ut
3052 956 3310 1009 auxilians

1806 1040 1860 1088 et
1922 1030 2244 1099 principium
2300 1031 2566 1084 bonorum
2615 1032 3097 1096 supernaturalium
3127 1071 3142 1091 ,
3189 1046 3243 1084 n.
3284 1037 3310 1083 3

1806 1115 1858 1161 et
1895 1112 1984 1170 21;
2013 1106 2107 1159 sed
2133 1112 2190 1159 ut
2225 1114 2309 1158 est
2335 1118 2610 1159 summum
2634 1105 2836 1159 bonum
2863 1107 3094 1159 amabile
3127 1120 3312 1161 amore

1806 1182 2255 1249 concupiscentiae
2298 1182 2452 1247 quasi
2484 1180 2538 1233 in
2571 1183 2916 1235 commodum
2933 1182 3184 1247 amantis,
3207 1183 3314 1235 late

1810 1272 1842 1312 a
1867 1272 1919 1311 n.
1948 1263 1996 1311 ⁴.
2362 1278 2368 1283 ·

1748 1340 1795 1389 8.
1831 1334 1952 1401 Spei
1995 1340 2143 1388 actus
2171 1346 2204 1387 a
2245 1332 2512 1387 desiderio
2557 1332 2791 1399 perfecto
2829 1332 3191 1395 beatitudinis,
3228 1333 3311 1388 vel

1811 1412 2077 1480 boporum
2106 1410 2620 1477 supernaturalium,
2652 1410 2941 1476 aliquando
2965 1410 3080 1463 sola
3109 1411 3314 1465 ratione

1811 1485 2171 1553 distinguitur,
2205 1487 2298 1549 ib.,
2331 1499 2385 1539 n.
2422 1490 2500 1538 1ο.

1748 1567 1795 1614 9.
1832 1567 1993 1615 Actus
2025 1562 2142 1627 spei
2164 1570 2216 1614 et
2237 1561 2491 1615 desiderii
2516 1561 2607 1627 qui
2631 1574 2693 1614 ex
2721 1572 2906 1614 amore
2925 1562 3314 1627 concupiscen-

1812 1640 1895 1692 tiae
1916 1641 2004 1691 Dei
2023 1641 2282 1703 oriantur,
2300 1639 2368 1691 ad
2384 1640 2628 1691 eamdem
2651 1639 2766 1704 spei
2786 1638 3032 1691 virtutem
3051 1646 3310 1704 spectant,

1814 1727 1845 1766 a
1876 1728 1931 1767 n.
1959 1718 2038 1765 13.

1751 1795 1809 1842 1ο
1866 1790 2090 1856 Sperare
2132 1789 2274 1842 bona
2310 1788 2566 1856 proximis
2595 1788 2868 1854 quomodo
2905 1789 3173 1855 possimus
3217 1802 3314 1856 per

1811 1866 2058 1919 virtutem
2078 1866 2374 1929 charitatis,
2389 1879 2442 1918 n.
2468 1870 2526 1917 16
2550 1874 2600 1917 et
2619 1870 2676 1915 17
2690 1882 2702 1930 ;
2729 1866 3000 1931 quomodo
3023 1878 3117 1931 per
3139 1879 3310 1932 spem,

1814 1955 1869 1995 n.
1897 1946 1956 1993 19

1751 2023 1828 2069 11.
1864 2016 1984 2082 Spei
2022 2016 2288 2083 objectum
2330 2016 2553 2071 formale
2588 2016 2860 2082 quomodo
2889 2018 2956 2069 ad
2981 2017 3158 2071 varios
3197 2018 3312 2084 spei

1814 2100 1964 2147 actus
1992 2094 2305 2158 applicetur,
2337 2093 2408 2143 ib.

1752 2174 1829 2222 12.
1857 2171 1988 2236 Spes
2015 2183 2046 2221 a
2075 2170 2330 2223 charitate
2354 2169 2531 2235 reipsa
2555 2168 2916 2237 distinguitur,
2948 2183 3003 2222 n.
3043 2174 3128 2234 12;
3165 2184 3234 2222 an
3263 2176 3318 2223 et

1814 2260 1955 2311 quos
1985 2253 2133 2299 actus
2167 2247 2375 2299 timoris
2405 2245 2597 2308 eliciat,
2626 2245 2747 2298 vide
2768 2261 2934 2297 τιιιοιι.

1753 2326 1831 2375 13.
1868 2322 2082 2388 Operari
2109 2322 2300 2375 intuitu
2331 2321 2592 2375 mercedis
2624 2329 2834 2374 aeternze
2864 2322 2948 2375 vel
2983 2321 3310 2387 temporaliS,

1816 2411 1883 2462 an
1910 2408 1964 2450 et
1990 2398 2263 2463 quomodo
2297 2404 2365 2449 stt
2396 2404 2544 2450 actus
2581 2400 2697 2461 spei
2735 2397 3008 2460 honestuS,
3031 2398 3153 2451 vide
3175 2412 3314 2451 orus.

1754 2479 1832 2527 1⁴.
1869 2476 1989 2541 Spei
2015 2475 2292 2528 habitusin
2309 2474 2464 2527 nobis
2493 2474 2666 2535 datur,
2693 2473 2880 2526 eadem
2903 2474 3313 2540 disp.1,sect.e,

1819 2554 1945 2614 n.1;
1983 2550 2132 2615 isque
2158 2564 2250 2615 per
2279 2562 2338 2603 se
2367 2549 2596 2610 infusus,
2617 2548 2722 2612 ib.;
2755 2556 2837 2601 est
2873 2550 3086 2615 proprie
3113 2548 3312 2613 virtus,

1820 2640 1875 2679 n.
1908 2631 1968 2689 23
1995 2628 2152 2677 etiam
2178 2624 2396 2691 quando
2415 2632 2497 2677 est
2522 2624 2784 2687 informis,
2817 2638 2869 2674 n.
2903 2628 2948 2677 3.

1758 2705 1836 2754 16.
1873 2702 2003 2767 Spes
2033 2709 2112 2754 est
2141 2702 2399 2754 charitate
2441 2700 2828 2765 imperfectior,
2856 2713 2909 2751 n.
2942 2703 2996 2762 ⁴;
3035 2698 3316 2765 perfectior

1812 2776 2050 2837 tide,tam
2072 2778 2247 2841 quoad
2262 2776 2499 2828 habitum
2515 2776 2614 2841 piae
2635 2774 3116 2840 affectionis,quam
3137 2775 3316 2840 quoad

1814 2853 2243 2915 intellectualem,
2277 2866 2329 2904 n.
2354 2858 2382 2902 5
2405 2858 2455 2905 et
2475 2857 2520 2903 6.

1752 2934 1829 2982 16.
1868 2930 1999 2995 Spes
2024 2935 2102 2982 est
2125 2928 2392 2995 posterior·
2410 2927 2752 2995 generatione
2774 2941 2934 2993 quam
2957 2928 3110 2993 fides,
3129 2929 3315 2983 eadem

1816 3006 1956 3071 disp.
1984 3010 2031 3066 1,
2059 3012 2188 3057 sect.
2216 3008 2264 3066 7,
2296 3020 2346 3057 n.
2374 3008 2420 3057 1.

1812 3082 1937 3144 Quis
1957 3080 2081 3133 fidei
2110 3087 2260 3134 actus
2287 3080 2477 3133 debeat
2499 3079 2798 3147 praecedere
2815 3094 2986 3147 spem,
3012 3094 3045 3133 a
3061 3095 3115 3133 n.
3137 3085 3184 3133 2.

1748 3162 1826 3209 17.
1863 3158 1995 3223 Spes
2039 3163 2122 3209 est
2169 3156 2314 3223 prior
2359 3156 2616 3209 charitate
2667 3156 2855 3209 ordine
2905 3156 3268 3223 generationis
3296 3196 3308 3217 ,

1812 3247 1863 3285 n.
1897 3238 1954 3295 6;
1984 3232 2272 3299 aliquando
2294 3233 2411 3287 solo
2437 3232 2626 3286 ordine
2647 3240 2848 3285 naturae
2884 3232 3151 3299 praecedit,
3171 3232 3245 3285 ib.

1749 3314 1827 3361 18.
1866 3312 1907 3360 Α
1930 3321 2026 3373 spe
2053 3309 2225 3361 infusa
2247 3321 2526 3374 quousque
2547 3307 2731 3375 attingi
2755 3315 2953 3373 queant
2972 3307 3115 3362 bona
3131 3321 3314 3375 super·

1811 3384 2074 3438 naturalia
2102 3397 2212 3437 non
2242 3385 2524 3451 promissa,
2550 3384 2643 3447 ib.,
2668 3398 2720 3435 n.
2751 3388 2796 3436 5.

1745 3466 1825 3514 19.
1863 3462 1993 3527 Spes
2036 3462 2398 3527 corrumpitur
2431 3464 2512 3513 vel
2547 3474 2640 3526 per
2665 3467 2815 3514 actus
2857 3460 3204 3525 infidelitatis,
3229 3460 3314 3515 vel

1808 3538 1967 3591 etiam
2009 3551 2103 3604 per
2134 3546 2310 3589 actum
2353 3536 2761 3602 desperationis,
2797 3542 2926 3589 sect.
2960 3541 3007 3598 8,
3039 3550 3093 3588 n.
3120 3540 3177 3599 1;
3205 3550 3313 3590 non

1809 3626 1904 3680 per
1926 3614 2354 3679 desperationem
2372 3613 2442 3666 de
2462 3626 2519 3665 re
2539 3612 2605 3665 ad
2625 3613 2850 3665 salutem
2880 3610 3102 3665 minime
3127 3626 3317 3667 neces-

1812 3688 1972 3749 saria,
1995 3689 2096 3751 ib.;
2131 3702 2238 3742 non
2264 3701 2358 3755 per
2383 3689 2731 3741 omissionem
2763 3689 2878 3753 spei
2904 3688 3178 3740 moraliter
3199 3689 3316 3741 cul-

1816 3766 2068 3833 pabilem,
2097 3766 2188 3829 ib.;
2225 3766 2331 3820 imo
2363 3779 2462 3819 nec
2493 3778 2589 3831 per
2610 3766 2986 3831 quodcumque
3023 3766 3168 3819 aliud
3197 3779 3318 3831 pec·

1816 3848 1994 3894 catum
2041 3841 2264 3894 mortale
2305 3847 2498 3907 praeter
2536 3840 2896 3894 infidelitatem
2927 3848 2980 3894 et
3013 3841 3314 3907 positivam,

1817 3918 2244 3982 desperationem
2262 3953 2275 3974 .
2304 3932 2354 3969 ιι.
2381 3922 2427 3969 2.

1757 3998 1836 4046 2ο.
1872 3995 1930 4045 ln
1966 4006 2306 4059 quocumque
2344 4005 2455 4046 non
2509 3999 2589 4046 est
2623 3994 2854 4060 cognitio
2895 3993 3320 4059 supernaturalis

1816 4080 1915 4122 nec
1951 4076 2033 4122 est
2071 4081 2214 4134 spes,
2255 4076 2414 4134 atque
2458 4068 2592 4120 adeo
2625 4081 2726 4121 nec
2755 4068 2807 4120 in
2837 4069 3114 4132 haereticiS,
3157 4069 3314 4122 dam-

1818 4145 1976 4207 natis,
2005 4152 2095 4197 aut
2118 4145 2352 4211 parvulis
2385 4157 2508 4197 cum
2553 4144 2670 4196 solo
2695 4143 2959 4209 originali,
2993 4142 3086 4205 ib.,
3118 4158 3174 4197 n.
3205 4150 3253 4197 8.

1752 4224 1830 4273 21.
1868 4222 1999 4287 Spes
2034 4226 2213 4273 manet
2237 4220 2324 4273 ubi
2353 4220 2487 4273 tides
2515 4218 2674 4272 simul
2700 4225 2752 4271 et
2783 4219 3033 4283 charitas,
3059 4234 3112 4275 n.
3157 4224 3202 4285 ⁴3
3229 4226 3346 4293 ιιι-ο

1814 4310 1918 4363 que
1960 4297 2095 4351 adeo
2125 4297 2180 4349 in
2215 4296 2498 4349 animabus
2524 4296 2576 4347 in
2616 4296 2942 4363 purgatorie,
2965 4304 3016 4349 et
3051 4294 3104 4349 in
3145 4296 3318 4351 Patri-

1813 4376 1931 4437 bus,
1967 4376 2057 4441 qui
2100 4375 2154 4427 in
2200 4374 2371 4428 limbo
2410 4374 2680 4428 Christum
2722 4381 3084 4439 expectat-unt,
3117 4374 3192 4427 ib.

1751 4455 1830 4502 22.
1867 4452 1998 4517 Spes
2028 4451 2080 4503 in
2118 4451 2288 4516 patria
2309 4462 2420 4503 non
2454 4455 2633 4502 manet
2657 4450 2834 4514 quoad
2860 4449 3172 4514 primarium
3202 4452 3318 4515 ejus

1814 4531 1988 4579 actum
2023 4526 2090 4579 de
2111 4525 2437 4579 beatitudine
2463 4523 2754 4586 essentiali,
2775 4523 2868 4587 ib.,
2891 4530 3018 4588 n.5;
3042 4534 3222 4579 manet
3247 4534 3318 4578 ta·

1819 4614 1940 4653 men
1977 4602 2089 4667 spei
2117 4600 2332 4655 habitus
2348 4600 2524 4665 quoad
2550 4598 2922 4661 substantiam,
2944 4614 2999 4652 n.
3022 4605 3069 4663 tt,
3089 4605 3117 4653 6
3138 4606 3252 4654 et‘l.

1816 4678 1956 4740 Quos
1979 4684 2126 4730 actus
2149 4676 2261 4741 spei
2285 4674 2496 4728 eliciant
2521 4675 2661 4728 Beati
2693 4675 2748 4727 in
2781 4674 2964 4741 patria,
2995 4674 3068 4727 ib.

1754 4758 1835 4807 23.
1870 4754 2002 4820 Spes
2033 4752 2237 4807 nullum
2260 4752 2419 4804 habet
2455 4752 2732 4817 proprium
2769 4758 2946 4803 actum
2981 4752 3316 4817 exteriorem,

1820 4834 1968 4882 tract.
2001 4830 2048 4889 2,
2075 4827 2214 4893 disp.
2248 4830 2296 4885 2,
2323 4827 2376 4878 in
2403 4826 2676 4892 praeludi0.

1755 4908 1835 4956 2⁴.
1870 4904 2139 4969 Praecepto
2170 4903 2353 4955 divino
2387 4902 2701 4956 affirmativo
2732 4908 2979 4957 tenemur
3017 4916 3235 4969 sperare
3265 4904 3318 4956 in

1820 4980 1924 5031 Deo
1957 4978 2341 5032 beatitudinem
2373 4986 2646 5040 aeternam,
2683 4979 3049 5032 remissionem
3073 4986 3320 5045 peccato-

1818 5068 1956 5117 rum,
2007 5061 2060 5107 et
2101 5054 2203 5106 alia
2229 5053 2390 5108 etiam
2424 5053 2747 5117 necessaria,
2795 5062 2944 5107 tract.
2998 5059 3046 5117 2,
3097 5054 3236 5121 disp.
3267 5061 3318 5118 2,

1816 5136 1945 5183 sect.
1978 5133 2025 5192 1,
2054 5143 2108 5181 ιι.
2138 5135 2184 5181 1.

1754 5210 1833 5257 26.
1872 5205 1994 5271 Spei
2029 5212 2348 5271 praeceptum
2379 5203 2752 5259 affirmativum
2779 5204 2997 5270 quando
3026 5205 3225 5271 obliget
3257 5218 3321 5257 ex

1816 5281 2097 5344 accidenti,
2127 5294 2163 5333 n
2205 5286 2252 5343 2,
2278 5281 2492 5346 quando
2521 5294 2610 5345 per
2639 5293 2716 5343 se,
2745 5293 2797 5332 n.
2831 5285 2884 5345 ες
2916 5280 3132 5346 quinam
3172 5286 3322 5332 actus

1818 5363 2098 5409 teneantur
2118 5357 2219 5409 sub
2250 5365 2512 5422 praecepto
2552 5356 2685 5420 spei.
2729 5370 2780 5409 n.
2818 5360 2874 5422 ⁴;
2920 5370 3054 5422 quas
3087 5369 3174 5410 res
3195 5368 3322 5421 spe-

1822 5445 1942 5485 rare
1967 5440 2261 5492 teneamur,
2291 5445 2341 5484 n.
2369 5438 2414 5485 5.

1759 5513 1839 5561 26.
1878 5508 1996 5572 Spei
2029 5516 2349 5573 praeceptuin
2375 5509 2778 5573 supernaturale
2798 5514 2894 5571 est,
2922 5522 2972 5560 n.
2999 5514 3044 5561 6.

1824 5590 1904 5637 An
1927 5584 2086 5637 etiam
2113 5584 2291 5649 aliquo
2318 5584 2477 5636 modo
2505 5584 2760 5647 naturale,
2788 5584 2916 5636 ibid.
