<?xml version="1.0" encoding="UTF-8"?>
<!DOCTYPE html PUBLIC "-//W3C//DTD XHTML 1.0 Transitional//EN"
    "http://www.w3.org/TR/xhtml1/DTD/xhtml1-transitional.dtd">
<html xmlns="http://www.w3.org/1999/xhtml" xml:lang="en" lang="en">
 <head>
  <title>
</title>
<meta http-equiv="Content-Type" content="text/html;charset=utf-8" />
  <meta name='ocr-system' content='tesseract 3.04.00' />
  <meta name='ocr-capabilities' content='ocr_page ocr_carea ocr_par ocr_line ocrx_word'/>
</head>
<body>
  <div class='ocr_page' id='page_1' title='image "./rpfranciscisuar00duvagoog_0790.png"; bbox 0 0 3900 6217; ppageno 0'>
   <div class='ocr_carea' id='block_1_1' title="bbox 524 441 642 504">
    <p class='ocr_par' dir='ltr' id='par_1_1' title="bbox 524 441 642 504">
     <span class='ocr_line' id='line_1_1' title="bbox 524 441 642 504; baseline 0 0"><span class='ocrx_word' id='word_1_1' title='bbox 524 441 642 504; x_wconf 75' lang='lat'><strong>&#39;172</strong></span> 
     </span>
    </p>
   </div>
   <div class='ocr_carea' id='block_1_2' title="bbox 528 543 2099 2038">
    <p class='ocr_par' dir='ltr' id='par_1_2' title="bbox 533 543 2099 912">
     <span class='ocr_line' id='line_1_2' title="bbox 533 543 2098 612; baseline 0 -16"><span class='ocrx_word' id='word_1_2' title='bbox 533 551 579 596; x_wconf 73' lang='grc' dir='ltr'><strong>ο.</strong></span> <span class='ocrx_word' id='word_1_3' title='bbox 620 547 945 608; x_wconf 74' lang='lat' dir='ltr'><strong>Praeceptum</strong></span> <span class='ocrx_word' id='word_1_4' title='bbox 982 544 1255 597; x_wconf 85' lang='lat' dir='ltr'><strong>charitatis</strong></span> <span class='ocrx_word' id='word_1_5' title='bbox 1292 543 1490 612; x_wconf 80' lang='lat' dir='ltr'><strong>obligat</strong></span> <span class='ocrx_word' id='word_1_6' title='bbox 1528 556 1625 612; x_wconf 84' lang='lat' dir='ltr'><strong>pro</strong></span> <span class='ocrx_word' id='word_1_7' title='bbox 1643 557 1857 611; x_wconf 86' lang='lat' dir='ltr'><strong>semper</strong></span> <span class='ocrx_word' id='word_1_8' title='bbox 1878 556 1946 597; x_wconf 87' lang='lat' dir='ltr'><strong>ne</strong></span> <span class='ocrx_word' id='word_1_9' title='bbox 1962 547 2098 597; x_wconf 89' lang='lat' dir='ltr'><strong>Deus</strong></span> 
     </span>
     <span class='ocr_line' id='line_1_3' title="bbox 608 619 1928 687; baseline 0.001 -16"><span class='ocrx_word' id='word_1_10' title='bbox 608 619 735 672; x_wconf 90' lang='lat' dir='ltr'><strong>odio</strong></span> <span class='ocrx_word' id='word_1_11' title='bbox 759 619 1035 682; x_wconf 85' lang='lat' dir='ltr'><strong>habeatur,</strong></span> <span class='ocrx_word' id='word_1_12' title='bbox 1067 619 1184 672; x_wconf 77' lang='lat' dir='ltr'><strong>ead.</strong></span> <span class='ocrx_word' id='word_1_13' title='bbox 1223 620 1360 687; x_wconf 82' lang='lat' dir='ltr'><strong>disp.</strong></span> <span class='ocrx_word' id='word_1_14' title='bbox 1387 626 1430 678; x_wconf 76' lang='grc'>5,</span> <span class='ocrx_word' id='word_1_15' title='bbox 1462 629 1589 673; x_wconf 82' lang='lat' dir='ltr'><strong>sect.</strong></span> <span class='ocrx_word' id='word_1_16' title='bbox 1616 625 1663 679; x_wconf 77' lang='lat'><strong>8,</strong></span> <span class='ocrx_word' id='word_1_17' title='bbox 1697 633 1842 673; x_wconf 88' lang='lat' dir='ltr'><strong>num.</strong></span> <span class='ocrx_word' id='word_1_18' title='bbox 1879 625 1928 672; x_wconf 89' lang='grc'><strong>1.</strong></span> 
     </span>
     <span class='ocr_line' id='line_1_4' title="bbox 591 695 2099 762; baseline -0.001 -14"><span class='ocrx_word' id='word_1_19' title='bbox 591 696 810 758; x_wconf 81' lang='lat' dir='ltr'>Quando</span> <span class='ocrx_word' id='word_1_20' title='bbox 834 695 1033 762; x_wconf 73' lang='lat' dir='ltr'><strong>obliget</strong></span> <span class='ocrx_word' id='word_1_21' title='bbox 1054 695 1120 749; x_wconf 88' lang='lat' dir='ltr'><strong>ad</strong></span> <span class='ocrx_word' id='word_1_22' title='bbox 1149 704 1324 750; x_wconf 85' lang='lat' dir='ltr'><strong>actum</strong></span> <span class='ocrx_word' id='word_1_23' title='bbox 1353 697 1552 751; x_wconf 86' lang='lat' dir='ltr'><strong>amoris</strong></span> <span class='ocrx_word' id='word_1_24' title='bbox 1581 697 1690 759; x_wconf 85' lang='lat' dir='ltr'><strong>Dei,</strong></span> <span class='ocrx_word' id='word_1_25' title='bbox 1711 696 1873 750; x_wconf 81' lang='lat' dir='ltr'><strong>varioe</strong></span> <span class='ocrx_word' id='word_1_26' title='bbox 1888 695 2099 761; x_wconf 85' lang='lat' dir='ltr'><strong>opinio·</strong></span> 
     </span>
     <span class='ocr_line' id='line_1_5' title="bbox 589 777 1082 832; baseline 0.002 -10"><span class='ocrx_word' id='word_1_27' title='bbox 589 785 702 832; x_wconf 73' lang='lat' dir='ltr'><strong>neS,</strong></span> <span class='ocrx_word' id='word_1_28' title='bbox 731 785 876 822; x_wconf 90' lang='lat' dir='ltr'><strong>num.</strong></span> <span class='ocrx_word' id='word_1_29' title='bbox 909 778 934 824; x_wconf 99' lang='grc'><strong>1</strong></span> <span class='ocrx_word' id='word_1_30' title='bbox 961 780 1012 824; x_wconf 89' lang='lat' dir='ltr'><strong>et</strong></span> <span class='ocrx_word' id='word_1_31' title='bbox 1036 777 1082 823; x_wconf 74' lang='grc' dir='ltr'><strong>Ξ.</strong></span> 
     </span>
     <span class='ocr_line' id='line_1_6' title="bbox 591 847 1415 912; baseline 0.007 -18"><span class='ocrx_word' id='word_1_32' title='bbox 591 850 724 900; x_wconf 85' lang='lat' dir='ltr'><strong>vera</strong></span> <span class='ocrx_word' id='word_1_33' title='bbox 751 847 1021 912; x_wconf 72' lang='lat' dir='ltr'><strong>resolutio,</strong></span> <span class='ocrx_word' id='word_1_34' title='bbox 1054 861 1199 900; x_wconf 91' lang='lat' dir='ltr'><strong>num.</strong></span> <span class='ocrx_word' id='word_1_35' title='bbox 1233 851 1260 898; x_wconf 78' lang='lat'><em>8</em></span> <span class='ocrx_word' id='word_1_36' title='bbox 1286 855 1338 900; x_wconf 90' lang='lat' dir='ltr'><strong>et</strong></span> <span class='ocrx_word' id='word_1_37' title='bbox 1368 852 1415 900; x_wconf 91' lang='lat'><strong>⁴.</strong></span> 
     </span>
    </p>

    <p class='ocr_par' dir='ltr' id='par_1_3' title="bbox 528 921 2083 1058">
     <span class='ocr_line' id='line_1_7' title="bbox 528 921 2083 990; baseline 0 -18"><span class='ocrx_word' id='word_1_38' title='bbox 528 927 572 974; x_wconf 82' lang='grc'><strong>7.</strong></span> <span class='ocrx_word' id='word_1_39' title='bbox 611 925 936 986; x_wconf 74' lang='lat' dir='ltr'><strong>Praeoeptum</strong></span> <span class='ocrx_word' id='word_1_40' title='bbox 972 922 1036 974; x_wconf 87' lang='lat' dir='ltr'><strong>de</strong></span> <span class='ocrx_word' id='word_1_41' title='bbox 1054 924 1324 990; x_wconf 81' lang='lat' dir='ltr'><strong>diligendo</strong></span> <span class='ocrx_word' id='word_1_42' title='bbox 1357 924 1596 990; x_wconf 85' lang='lat' dir='ltr'><strong>proximo</strong></span> <span class='ocrx_word' id='word_1_43' title='bbox 1611 923 1744 986; x_wconf 89' lang='lat' dir='ltr'><strong>dari,</strong></span> <span class='ocrx_word' id='word_1_44' title='bbox 1769 921 1964 976; x_wconf 86' lang='lat' dir='ltr'><strong>deiide</strong></span> <span class='ocrx_word' id='word_1_45' title='bbox 1986 931 2083 980; x_wconf 88' lang='lat' dir='ltr'><strong>est,</strong></span> 
     </span>
     <span class='ocr_line' id='line_1_8' title="bbox 589 1003 1039 1058; baseline 0.002 -10"><span class='ocrx_word' id='word_1_46' title='bbox 589 1006 716 1051; x_wconf 89' lang='lat' dir='ltr'><strong>sect.</strong></span> <span class='ocrx_word' id='word_1_47' title='bbox 742 1003 789 1058; x_wconf 97' lang='lat'><strong>⁴,</strong></span> <span class='ocrx_word' id='word_1_48' title='bbox 815 1011 961 1050; x_wconf 90' lang='lat' dir='ltr'><strong>num.</strong></span> <span class='ocrx_word' id='word_1_49' title='bbox 993 1003 1039 1049; x_wconf 87' lang='lat'><strong>1.</strong></span> 
     </span>
    </p>

    <p class='ocr_par' dir='ltr' id='par_1_4' title="bbox 589 1073 2088 1293">
     <span class='ocr_line' id='line_1_9' title="bbox 589 1073 2088 1140; baseline 0 -16"><span class='ocrx_word' id='word_1_50' title='bbox 589 1073 834 1127; x_wconf 75' lang='lat' dir='ltr'><strong>Naturale</strong></span> <span class='ocrx_word' id='word_1_51' title='bbox 853 1081 950 1134; x_wconf 89' lang='lat' dir='ltr'><strong>est,</strong></span> <span class='ocrx_word' id='word_1_52' title='bbox 975 1073 1057 1126; x_wconf 79' lang='lat' dir='ltr'><strong>vel</strong></span> <span class='ocrx_word' id='word_1_53' title='bbox 1081 1074 1504 1140; x_wconf 84' lang='lat' dir='ltr'><strong>supernaturale,</strong></span> <span class='ocrx_word' id='word_1_54' title='bbox 1533 1080 1688 1139; x_wconf 88' lang='lat' dir='ltr'><strong>prout</strong></span> <span class='ocrx_word' id='word_1_55' title='bbox 1713 1074 1765 1126; x_wconf 92' lang='lat' dir='ltr'><strong>in</strong></span> <span class='ocrx_word' id='word_1_56' title='bbox 1791 1079 1967 1126; x_wconf 87' lang='lat' dir='ltr'><strong>actum</strong></span> <span class='ocrx_word' id='word_1_57' title='bbox 1988 1085 2088 1124; x_wconf 83' lang='lat' dir='ltr'><strong>na-</strong></span> 
     </span>
     <span class='ocr_line' id='line_1_10' title="bbox 593 1150 1969 1216; baseline -0.001 -14"><span class='ocrx_word' id='word_1_58' title='bbox 593 1150 813 1203; x_wconf 88' lang='lat' dir='ltr'><strong>turalem</strong></span> <span class='ocrx_word' id='word_1_59' title='bbox 837 1150 920 1202; x_wconf 87' lang='lat' dir='ltr'><strong>vel</strong></span> <span class='ocrx_word' id='word_1_60' title='bbox 945 1150 1402 1216; x_wconf 88' lang='lat' dir='ltr'><strong>supernaturalem</strong></span> <span class='ocrx_word' id='word_1_61' title='bbox 1422 1150 1583 1213; x_wconf 85' lang='lat' dir='ltr'><strong>cadit,</strong></span> <span class='ocrx_word' id='word_1_62' title='bbox 1611 1163 1758 1202; x_wconf 85' lang='lat' dir='ltr'><strong>num.</strong></span> <span class='ocrx_word' id='word_1_63' title='bbox 1781 1155 1810 1200; x_wconf 76' lang='lat'><em>2</em></span> <span class='ocrx_word' id='word_1_64' title='bbox 1839 1157 1890 1202; x_wconf 89' lang='lat' dir='ltr'><strong>et</strong></span> <span class='ocrx_word' id='word_1_65' title='bbox 1921 1155 1969 1200; x_wconf 73' lang='lat'><strong>8.</strong></span> 
     </span>
     <span class='ocr_line' id='line_1_11' title="bbox 595 1225 1311 1293; baseline -0.001 -15"><span class='ocrx_word' id='word_1_66' title='bbox 595 1225 817 1288; x_wconf 79' lang='lat' dir='ltr'><strong>Quando</strong></span> <span class='ocrx_word' id='word_1_67' title='bbox 837 1226 1052 1293; x_wconf 83' lang='lat' dir='ltr'><strong>obliget,</strong></span> <span class='ocrx_word' id='word_1_68' title='bbox 1085 1239 1232 1277; x_wconf 90' lang='lat' dir='ltr'><strong>num.</strong></span> <span class='ocrx_word' id='word_1_69' title='bbox 1265 1230 1311 1277; x_wconf 91' lang='lat'><strong>⁴.</strong></span> 
     </span>
    </p>

    <p class='ocr_par' dir='ltr' id='par_1_5' title="bbox 530 1300 2088 1516">
     <span class='ocr_line' id='line_1_12' title="bbox 530 1300 2088 1366; baseline 0.001 -15"><span class='ocrx_word' id='word_1_70' title='bbox 530 1307 574 1351; x_wconf 76' lang='lat'><strong>8.</strong></span> <span class='ocrx_word' id='word_1_71' title='bbox 609 1303 680 1353; x_wconf 85' lang='lat' dir='ltr'><strong>Ex</strong></span> <span class='ocrx_word' id='word_1_72' title='bbox 715 1307 976 1366; x_wconf 83' lang='lat' dir='ltr'><strong>praecepto</strong></span> <span class='ocrx_word' id='word_1_73' title='bbox 997 1300 1272 1353; x_wconf 84' lang='lat' dir='ltr'><strong>charitatis</strong></span> <span class='ocrx_word' id='word_1_74' title='bbox 1300 1308 1544 1353; x_wconf 88' lang='lat' dir='ltr'><strong>tenemur</strong></span> <span class='ocrx_word' id='word_1_75' title='bbox 1565 1311 1674 1353; x_wconf 90' lang='lat' dir='ltr'><strong>non</strong></span> <span class='ocrx_word' id='word_1_76' title='bbox 1696 1301 1875 1354; x_wconf 85' lang='lat' dir='ltr'><strong>odisse</strong></span> <span class='ocrx_word' id='word_1_77' title='bbox 1897 1311 2088 1365; x_wconf 88' lang='lat' dir='ltr'><strong>pecca-</strong></span> 
     </span>
     <span class='ocr_line' id='line_1_13' title="bbox 592 1375 1730 1437; baseline -0.001 -10"><span class='ocrx_word' id='word_1_78' title='bbox 592 1382 755 1436; x_wconf 82' lang='lat' dir='ltr'><strong>tores,</strong></span> <span class='ocrx_word' id='word_1_79' title='bbox 792 1376 954 1429; x_wconf 87' lang='lat' dir='ltr'><strong>etiam</strong></span> <span class='ocrx_word' id='word_1_80' title='bbox 981 1375 1245 1437; x_wconf 90' lang='lat' dir='ltr'><strong>inimicos,</strong></span> <span class='ocrx_word' id='word_1_81' title='bbox 1271 1381 1398 1428; x_wconf 87' lang='lat' dir='ltr'><strong>sect.</strong></span> <span class='ocrx_word' id='word_1_82' title='bbox 1426 1383 1472 1433; x_wconf 77' lang='lat'><strong>5.</strong></span> <span class='ocrx_word' id='word_1_83' title='bbox 1505 1389 1651 1428; x_wconf 90' lang='lat' dir='ltr'><strong>num.</strong></span> <span class='ocrx_word' id='word_1_84' title='bbox 1684 1381 1730 1427; x_wconf 86' lang='grc'><strong>1.</strong></span> 
     </span>
     <span class='ocr_line' id='line_1_14' title="bbox 593 1451 1793 1516; baseline -0.003 -12"><span class='ocrx_word' id='word_1_85' title='bbox 593 1454 707 1504; x_wconf 84' lang='lat' dir='ltr'><strong>lmo</strong></span> <span class='ocrx_word' id='word_1_86' title='bbox 729 1453 886 1504; x_wconf 89' lang='lat' dir='ltr'><strong>etiam</strong></span> <span class='ocrx_word' id='word_1_87' title='bbox 913 1452 1032 1505; x_wconf 89' lang='lat' dir='ltr'><strong>illos</strong></span> <span class='ocrx_word' id='word_1_88' title='bbox 1063 1452 1287 1515; x_wconf 85' lang='lat' dir='ltr'><strong>positive</strong></span> <span class='ocrx_word' id='word_1_89' title='bbox 1308 1451 1546 1516; x_wconf 69' lang='lat' dir='ltr'><strong>diligere,</strong></span> <span class='ocrx_word' id='word_1_90' title='bbox 1573 1464 1719 1503; x_wconf 91' lang='lat' dir='ltr'><strong>num.</strong></span> <span class='ocrx_word' id='word_1_91' title='bbox 1747 1456 1793 1501; x_wconf 80' lang='lat' dir='ltr'><strong>a.</strong></span> 
     </span>
    </p>

    <p class='ocr_par' dir='ltr' id='par_1_6' title="bbox 532 1527 2092 1748">
     <span class='ocr_line' id='line_1_15' title="bbox 532 1527 2092 1594; baseline -0.001 -14"><span class='ocrx_word' id='word_1_92' title='bbox 532 1534 580 1581; x_wconf 83' lang='grc'><strong>9.</strong></span> <span class='ocrx_word' id='word_1_93' title='bbox 617 1529 943 1594; x_wconf 84' lang='lat' dir='ltr'><strong>Praeceptum</strong></span> <span class='ocrx_word' id='word_1_94' title='bbox 974 1527 1228 1594; x_wconf 83' lang='lat' dir='ltr'><strong>diligendi</strong></span> <span class='ocrx_word' id='word_1_95' title='bbox 1261 1527 1506 1579; x_wconf 89' lang='lat' dir='ltr'><strong>inimicos</strong></span> <span class='ocrx_word' id='word_1_96' title='bbox 1535 1540 1644 1579; x_wconf 90' lang='lat' dir='ltr'><strong>non</strong></span> <span class='ocrx_word' id='word_1_97' title='bbox 1675 1527 1847 1579; x_wconf 88' lang='lat' dir='ltr'><strong>solum</strong></span> <span class='ocrx_word' id='word_1_98' title='bbox 1885 1533 1967 1578; x_wconf 89' lang='lat' dir='ltr'><strong>est</strong></span> <span class='ocrx_word' id='word_1_99' title='bbox 1994 1537 2092 1590; x_wconf 85' lang='lat' dir='ltr'><strong>po-</strong></span> 
     </span>
     <span class='ocr_line' id='line_1_16' title="bbox 592 1603 2014 1665; baseline -0.002 -9"><span class='ocrx_word' id='word_1_100' title='bbox 592 1605 811 1656; x_wconf 83' lang='lat' dir='ltr'><strong>sitivum</strong></span> <span class='ocrx_word' id='word_1_101' title='bbox 841 1611 896 1656; x_wconf 84' lang='lat' dir='ltr'><strong>et</strong></span> <span class='ocrx_word' id='word_1_102' title='bbox 913 1604 1172 1665; x_wconf 84' lang='lat' dir='ltr'><strong>divinum,</strong></span> <span class='ocrx_word' id='word_1_103' title='bbox 1197 1603 1292 1655; x_wconf 89' lang='lat' dir='ltr'><strong>sed</strong></span> <span class='ocrx_word' id='word_1_104' title='bbox 1321 1605 1480 1655; x_wconf 88' lang='lat' dir='ltr'><strong>etiam</strong></span> <span class='ocrx_word' id='word_1_105' title='bbox 1508 1604 1766 1664; x_wconf 87' lang='lat' dir='ltr'><strong>naturale,</strong></span> <span class='ocrx_word' id='word_1_106' title='bbox 1793 1615 1942 1655; x_wconf 89' lang='lat' dir='ltr'><strong>num.</strong></span> <span class='ocrx_word' id='word_1_107' title='bbox 1968 1606 2014 1653; x_wconf 92' lang='lat'><strong>⁴.</strong></span> 
     </span>
     <span class='ocr_line' id='line_1_17' title="bbox 594 1679 1744 1748; baseline -0.003 -16"><span class='ocrx_word' id='word_1_108' title='bbox 594 1683 652 1732; x_wconf 89' lang='lat' dir='ltr'><strong>ln</strong></span> <span class='ocrx_word' id='word_1_109' title='bbox 685 1681 799 1748; x_wconf 80' lang='lat' dir='ltr'><strong>lege</strong></span> <span class='ocrx_word' id='word_1_110' title='bbox 827 1681 987 1732; x_wconf 87' lang='lat' dir='ltr'><strong>veteri</strong></span> <span class='ocrx_word' id='word_1_111' title='bbox 1015 1679 1335 1732; x_wconf 82' lang='lat' dir='ltr'><strong>servandum</strong></span> <span class='ocrx_word' id='word_1_112' title='bbox 1363 1687 1492 1738; x_wconf 88' lang='lat' dir='ltr'><strong>erat,</strong></span> <span class='ocrx_word' id='word_1_113' title='bbox 1519 1693 1664 1730; x_wconf 90' lang='lat' dir='ltr'><strong>num.</strong></span> <span class='ocrx_word' id='word_1_114' title='bbox 1699 1685 1744 1729; x_wconf 77' lang='lat'><strong>5.</strong></span> 
     </span>
    </p>

    <p class='ocr_par' dir='ltr' id='par_1_7' title="bbox 534 1753 2091 1899">
     <span class='ocr_line' id='line_1_18' title="bbox 534 1753 2091 1822; baseline -0.003 -13"><span class='ocrx_word' id='word_1_115' title='bbox 534 1762 612 1809; x_wconf 79' lang='grc' dir='ltr'><strong>1ο.</strong></span> <span class='ocrx_word' id='word_1_116' title='bbox 650 1761 972 1822; x_wconf 84' lang='lat' dir='ltr'><strong>Praeceptum</strong></span> <span class='ocrx_word' id='word_1_117' title='bbox 1005 1755 1258 1822; x_wconf 80' lang='lat' dir='ltr'><strong>diligendi</strong></span> <span class='ocrx_word' id='word_1_118' title='bbox 1295 1755 1579 1816; x_wconf 87' lang='lat' dir='ltr'><strong>inimicos,</strong></span> <span class='ocrx_word' id='word_1_119' title='bbox 1623 1753 1839 1819; x_wconf 84' lang='lat' dir='ltr'><strong>quando</strong></span> <span class='ocrx_word' id='word_1_120' title='bbox 1868 1761 1920 1805; x_wconf 89' lang='lat' dir='ltr'><strong>et</strong></span> <span class='ocrx_word' id='word_1_121' title='bbox 1951 1763 2091 1818; x_wconf 88' lang='lat' dir='ltr'><strong>quo-</strong></span> 
     </span>
     <span class='ocr_line' id='line_1_19' title="bbox 593 1830 1469 1899; baseline -0.002 -15"><span class='ocrx_word' id='word_1_122' title='bbox 593 1833 756 1886; x_wconf 88' lang='lat' dir='ltr'><strong>modo</strong></span> <span class='ocrx_word' id='word_1_123' title='bbox 777 1833 992 1899; x_wconf 80' lang='lat' dir='ltr'><strong>obliget,</strong></span> <span class='ocrx_word' id='word_1_124' title='bbox 1020 1830 1172 1892; x_wconf 69' lang='lat' dir='ltr'><strong>ibin„</strong></span> <span class='ocrx_word' id='word_1_125' title='bbox 1197 1844 1230 1882; x_wconf 89' lang='lat' dir='ltr'><strong>a</strong></span> <span class='ocrx_word' id='word_1_126' title='bbox 1253 1845 1400 1883; x_wconf 88' lang='lat' dir='ltr'><strong>num.</strong></span> <span class='ocrx_word' id='word_1_127' title='bbox 1423 1836 1469 1882; x_wconf 82' lang='grc'><strong>6.</strong></span> 
     </span>
    </p>

    <p class='ocr_par' dir='ltr' id='par_1_8' title="bbox 541 1904 2091 2038">
     <span class='ocr_line' id='line_1_20' title="bbox 541 1904 2091 1973; baseline -0.002 -13"><span class='ocrx_word' id='word_1_128' title='bbox 541 1914 620 1962; x_wconf 88' lang='grc'><strong>11.</strong></span> <span class='ocrx_word' id='word_1_129' title='bbox 656 1911 716 1961; x_wconf 88' lang='lat' dir='ltr'><strong>ln</strong></span> <span class='ocrx_word' id='word_1_130' title='bbox 739 1907 1010 1961; x_wconf 83' lang='lat' dir='ltr'><strong>charitatis</strong></span> <span class='ocrx_word' id='word_1_131' title='bbox 1039 1914 1303 1973; x_wconf 72' lang='lat' dir='ltr'><strong>praecepto</strong></span> <span class='ocrx_word' id='word_1_132' title='bbox 1327 1907 1448 1972; x_wconf 86' lang='lat' dir='ltr'><strong>quis</strong></span> <span class='ocrx_word' id='word_1_133' title='bbox 1470 1906 1604 1959; x_wconf 89' lang='lat' dir='ltr'><strong>ordo</strong></span> <span class='ocrx_word' id='word_1_134' title='bbox 1625 1904 1940 1964; x_wconf 84' lang='lat' dir='ltr'><strong>servandus,</strong></span> <span class='ocrx_word' id='word_1_135' title='bbox 1968 1904 2091 1958; x_wconf 77' lang='lat' dir='ltr'><strong>vide</strong></span> 
     </span>
     <span class='ocr_line' id='line_1_21' title="bbox 598 1987 1063 2038; baseline -0.006 0"><span class='ocrx_word' id='word_1_136' title='bbox 598 1987 891 2038; x_wconf 70' lang='lat' dir='ltr'><strong>Canturts</strong></span> <span class='ocrx_word' id='word_1_137' title='bbox 918 1999 1063 2036; x_wconf 68' lang='lat' dir='ltr'><strong>oeno.</strong></span> 
     </span>
    </p>
   </div>
   <div class='ocr_carea' id='block_1_3' title="bbox 1079 2111 1542 2152">
    <p class='ocr_par' dir='ltr' id='par_1_9' title="bbox 1079 2111 1542 2152">
     <span class='ocr_line' id='line_1_22' title="bbox 1079 2111 1542 2152; baseline -0.004 0"><span class='ocrx_word' id='word_1_138' title='bbox 1079 2113 1366 2152; x_wconf 71' lang='lat' dir='ltr'><strong>cnutum</strong></span> <span class='ocrx_word' id='word_1_139' title='bbox 1397 2111 1542 2152; x_wconf 71' lang='lat'><strong>0800.</strong></span> 
     </span>
    </p>
   </div>
   <div class='ocr_carea' id='block_1_4' title="bbox 533 2203 2099 5693">
    <p class='ocr_par' dir='ltr' id='par_1_10' title="bbox 533 2203 2086 2426">
     <span class='ocr_line' id='line_1_23' title="bbox 533 2203 2086 2274; baseline -0.004 -12"><span class='ocrx_word' id='word_1_140' title='bbox 533 2213 579 2262; x_wconf 80' lang='grc'><strong>1.</strong></span> <span class='ocrx_word' id='word_1_141' title='bbox 610 2212 754 2263; x_wconf 83' lang='lat' dir='ltr'><strong>tuter</strong></span> <span class='ocrx_word' id='word_1_142' title='bbox 779 2209 986 2274; x_wconf 82' lang='lat' dir='ltr'><strong>objecta</strong></span> <span class='ocrx_word' id='word_1_143' title='bbox 1019 2208 1292 2261; x_wconf 85' lang='lat' dir='ltr'><strong>charitatis</strong></span> <span class='ocrx_word' id='word_1_144' title='bbox 1325 2206 1575 2259; x_wconf 84' lang='lat' dir='ltr'><strong>amabilia</strong></span> <span class='ocrx_word' id='word_1_145' title='bbox 1610 2210 1692 2258; x_wconf 89' lang='lat' dir='ltr'><strong>est</strong></span> <span class='ocrx_word' id='word_1_146' title='bbox 1713 2204 1908 2270; x_wconf 88' lang='lat' dir='ltr'><strong>aliquis</strong></span> <span class='ocrx_word' id='word_1_147' title='bbox 1931 2203 2086 2269; x_wconf 88' lang='lat' dir='ltr'><strong>ordo,</strong></span> 
     </span>
     <span class='ocr_line' id='line_1_24' title="bbox 606 2285 1548 2349; baseline -0.004 -11"><span class='ocrx_word' id='word_1_148' title='bbox 606 2292 756 2338; x_wconf 90' lang='lat' dir='ltr'><strong>tract.</strong></span> <span class='ocrx_word' id='word_1_149' title='bbox 789 2290 834 2342; x_wconf 80' lang='lat'><strong>8,</strong></span> <span class='ocrx_word' id='word_1_150' title='bbox 861 2285 997 2349; x_wconf 84' lang='lat' dir='ltr'><strong>disp.</strong></span> <span class='ocrx_word' id='word_1_151' title='bbox 1025 2289 1072 2345; x_wconf 90' lang='grc'><strong>1,</strong></span> <span class='ocrx_word' id='word_1_152' title='bbox 1095 2290 1228 2336; x_wconf 88' lang='lat' dir='ltr'><strong>sect.</strong></span> <span class='ocrx_word' id='word_1_153' title='bbox 1257 2287 1306 2346; x_wconf 90' lang='lat'><strong>⁴,</strong></span> <span class='ocrx_word' id='word_1_154' title='bbox 1329 2297 1476 2334; x_wconf 85' lang='lat' dir='ltr'><strong>num.</strong></span> <span class='ocrx_word' id='word_1_155' title='bbox 1501 2287 1548 2334; x_wconf 83' lang='grc'><strong>6.</strong></span> 
     </span>
     <span class='ocr_line' id='line_1_25' title="bbox 595 2357 2067 2426; baseline -0.003 -13"><span class='ocrx_word' id='word_1_156' title='bbox 595 2363 750 2426; x_wconf 83' lang='lat' dir='ltr'><strong>isque</strong></span> <span class='ocrx_word' id='word_1_157' title='bbox 769 2362 928 2414; x_wconf 87' lang='lat' dir='ltr'><strong>etiam</strong></span> <span class='ocrx_word' id='word_1_158' title='bbox 955 2360 1093 2412; x_wconf 90' lang='lat' dir='ltr'><strong>inter</strong></span> <span class='ocrx_word' id='word_1_159' title='bbox 1115 2362 1231 2425; x_wconf 89' lang='lat' dir='ltr'><strong>ipsa</strong></span> <span class='ocrx_word' id='word_1_160' title='bbox 1249 2361 1454 2424; x_wconf 81' lang='lat' dir='ltr'><strong>objecta</strong></span> <span class='ocrx_word' id='word_1_161' title='bbox 1475 2357 1812 2419; x_wconf 88' lang='lat' dir='ltr'><strong>secundaria,</strong></span> <span class='ocrx_word' id='word_1_162' title='bbox 1845 2370 1993 2411; x_wconf 89' lang='lat' dir='ltr'><strong>num.</strong></span> <span class='ocrx_word' id='word_1_163' title='bbox 2021 2360 2067 2408; x_wconf 80' lang='lat'><strong>7.</strong></span> 
     </span>
    </p>

    <p class='ocr_par' dir='ltr' id='par_1_11' title="bbox 538 2433 2095 2724">
     <span class='ocr_line' id='line_1_26' title="bbox 538 2433 2094 2502; baseline -0.004 -13"><span class='ocrx_word' id='word_1_164' title='bbox 538 2443 585 2490; x_wconf 72' lang='lat'><strong>2.</strong></span> <span class='ocrx_word' id='word_1_165' title='bbox 613 2439 853 2489; x_wconf 80' lang='lat' dir='ltr'><strong>Charitas</strong></span> <span class='ocrx_word' id='word_1_166' title='bbox 870 2445 990 2502; x_wconf 89' lang='lat' dir='ltr'><strong>post</strong></span> <span class='ocrx_word' id='word_1_167' title='bbox 1015 2439 1174 2488; x_wconf 84' lang='lat' dir='ltr'><strong>Deum</strong></span> <span class='ocrx_word' id='word_1_168' title='bbox 1200 2436 1426 2488; x_wconf 82' lang='lat' dir='ltr'><strong>maxime</strong></span> <span class='ocrx_word' id='word_1_169' title='bbox 1447 2435 1668 2488; x_wconf 86' lang='lat' dir='ltr'><strong>inclinat</strong></span> <span class='ocrx_word' id='word_1_170' title='bbox 1691 2435 1950 2500; x_wconf 85' lang='lat' dir='ltr'><strong>adipsum</strong></span> <span class='ocrx_word' id='word_1_171' title='bbox 1976 2433 2094 2485; x_wconf 89' lang='lat' dir='ltr'><strong>dili-</strong></span> 
     </span>
     <span class='ocr_line' id='line_1_27' title="bbox 600 2517 1076 2580; baseline -0.004 -14"><span class='ocrx_word' id='word_1_172' title='bbox 600 2520 832 2580; x_wconf 78' lang='lat' dir='ltr'><strong>gentem,</strong></span> <span class='ocrx_word' id='word_1_173' title='bbox 858 2527 1002 2566; x_wconf 90' lang='lat' dir='ltr'><strong>num.</strong></span> <span class='ocrx_word' id='word_1_174' title='bbox 1029 2517 1076 2564; x_wconf 87' lang='lat'><strong>8.</strong></span> 
     </span>
     <span class='ocr_line' id='line_1_28' title="bbox 597 2586 2095 2655; baseline -0.004 -12"><span class='ocrx_word' id='word_1_175' title='bbox 597 2593 741 2643; x_wconf 89' lang='lat' dir='ltr'><strong>lnter</strong></span> <span class='ocrx_word' id='word_1_176' title='bbox 763 2598 982 2642; x_wconf 84' lang='lat' dir='ltr'><strong>caeteros</strong></span> <span class='ocrx_word' id='word_1_177' title='bbox 1003 2589 1070 2641; x_wconf 90' lang='lat' dir='ltr'><strong>ad</strong></span> <span class='ocrx_word' id='word_1_178' title='bbox 1095 2588 1242 2642; x_wconf 86' lang='lat' dir='ltr'><strong>illum</strong></span> <span class='ocrx_word' id='word_1_179' title='bbox 1273 2588 1440 2655; x_wconf 80' lang='lat' dir='ltr'><strong>magis</strong></span> <span class='ocrx_word' id='word_1_180' title='bbox 1461 2587 1552 2653; x_wconf 86' lang='lat' dir='ltr'><strong>qui</strong></span> <span class='ocrx_word' id='word_1_181' title='bbox 1581 2586 1876 2640; x_wconf 89' lang='lat' dir='ltr'><strong>secundum</strong></span> <span class='ocrx_word' id='word_1_182' title='bbox 1899 2594 2095 2639; x_wconf 88' lang='lat' dir='ltr'><strong>rectam</strong></span> 
     </span>
     <span class='ocr_line' id='line_1_29' title="bbox 599 2665 1510 2724; baseline -0.001 -7"><span class='ocrx_word' id='word_1_183' title='bbox 599 2666 857 2717; x_wconf 86' lang='lat' dir='ltr'><strong>rationem</strong></span> <span class='ocrx_word' id='word_1_184' title='bbox 883 2673 960 2716; x_wconf 90' lang='lat' dir='ltr'><strong>est</strong></span> <span class='ocrx_word' id='word_1_185' title='bbox 991 2665 1255 2724; x_wconf 84' lang='lat' dir='ltr'><strong>amabitis,</strong></span> <span class='ocrx_word' id='word_1_186' title='bbox 1281 2677 1428 2716; x_wconf 89' lang='lat' dir='ltr'><strong>num.</strong></span> <span class='ocrx_word' id='word_1_187' title='bbox 1464 2669 1510 2716; x_wconf 80' lang='grc'><strong>9.</strong></span> 
     </span>
    </p>

    <p class='ocr_par' dir='ltr' id='par_1_12' title="bbox 535 2739 2095 3034">
     <span class='ocr_line' id='line_1_30' title="bbox 535 2739 2092 2806; baseline -0.001 -14"><span class='ocrx_word' id='word_1_188' title='bbox 535 2747 580 2792; x_wconf 74' lang='grc'><strong>3.</strong></span> <span class='ocrx_word' id='word_1_189' title='bbox 608 2742 844 2792; x_wconf 66' lang='lat' dir='ltr'><strong>ebaritas</strong></span> <span class='ocrx_word' id='word_1_190' title='bbox 886 2753 996 2793; x_wconf 90' lang='lat' dir='ltr'><strong>non</strong></span> <span class='ocrx_word' id='word_1_191' title='bbox 1038 2740 1339 2792; x_wconf 87' lang='lat' dir='ltr'><strong>necessario</strong></span> <span class='ocrx_word' id='word_1_192' title='bbox 1393 2741 1555 2792; x_wconf 86' lang='lat' dir='ltr'><strong>fertur</strong></span> <span class='ocrx_word' id='word_1_193' title='bbox 1598 2740 1768 2806; x_wconf 82' lang='lat' dir='ltr'><strong>magis</strong></span> <span class='ocrx_word' id='word_1_194' title='bbox 1801 2739 2010 2792; x_wconf 85' lang='lat' dir='ltr'><strong>intense</strong></span> <span class='ocrx_word' id='word_1_195' title='bbox 2040 2739 2092 2790; x_wconf 89' lang='lat' dir='ltr'><strong>in</strong></span> 
     </span>
     <span class='ocr_line' id='line_1_31' title="bbox 603 2816 2095 2882; baseline -0.001 -12"><span class='ocrx_word' id='word_1_196' title='bbox 603 2830 770 2870; x_wconf 85' lang='lat' dir='ltr'><strong>unum</strong></span> <span class='ocrx_word' id='word_1_197' title='bbox 793 2817 1080 2881; x_wconf 64' lang='lat' dir='ltr'><strong>objectum,</strong></span> <span class='ocrx_word' id='word_1_198' title='bbox 1117 2829 1276 2882; x_wconf 83' lang='lat' dir='ltr'><strong>quam</strong></span> <span class='ocrx_word' id='word_1_199' title='bbox 1323 2817 1374 2867; x_wconf 91' lang='lat' dir='ltr'><strong>in</strong></span> <span class='ocrx_word' id='word_1_200' title='bbox 1401 2817 1530 2877; x_wconf 88' lang='lat' dir='ltr'><strong>alio,</strong></span> <span class='ocrx_word' id='word_1_201' title='bbox 1559 2816 1662 2868; x_wconf 89' lang='lat' dir='ltr'><strong>nisi</strong></span> <span class='ocrx_word' id='word_1_202' title='bbox 1711 2817 1846 2868; x_wconf 87' lang='lat' dir='ltr'><strong>forte</strong></span> <span class='ocrx_word' id='word_1_203' title='bbox 1877 2816 2095 2881; x_wconf 79' lang='lat' dir='ltr'><strong>quando</strong></span> 
     </span>
     <span class='ocr_line' id='line_1_32' title="bbox 599 2892 2093 2959; baseline 0 -15"><span class='ocrx_word' id='word_1_204' title='bbox 599 2894 724 2958; x_wconf 82' lang='lat' dir='ltr'><strong>ipsa</strong></span> <span class='ocrx_word' id='word_1_205' title='bbox 763 2893 994 2946; x_wconf 86' lang='lat' dir='ltr'><strong>intensio</strong></span> <span class='ocrx_word' id='word_1_206' title='bbox 1043 2895 1111 2944; x_wconf 86' lang='lat' dir='ltr'><strong>ad</strong></span> <span class='ocrx_word' id='word_1_207' title='bbox 1143 2893 1585 2959; x_wconf 82' lang='lat' dir='ltr'><strong>appretiationem</strong></span> <span class='ocrx_word' id='word_1_208' title='bbox 1627 2892 1862 2946; x_wconf 85' lang='lat' dir='ltr'><strong>revocari</strong></span> <span class='ocrx_word' id='word_1_209' title='bbox 1901 2901 2093 2958; x_wconf 86' lang='lat' dir='ltr'><strong>potest,</strong></span> 
     </span>
     <span class='ocr_line' id='line_1_33' title="bbox 604 2972 1118 3034; baseline 0 -14"><span class='ocrx_word' id='word_1_210' title='bbox 604 2982 753 3020; x_wconf 91' lang='lat' dir='ltr'><strong>num.</strong></span> <span class='ocrx_word' id='word_1_211' title='bbox 780 2972 858 3027; x_wconf 87' lang='grc' dir='ltr'><strong>1ο,</strong></span> <span class='ocrx_word' id='word_1_212' title='bbox 890 2977 942 3020; x_wconf 89' lang='lat' dir='ltr'><strong>et</strong></span> <span class='ocrx_word' id='word_1_213' title='bbox 970 2981 1118 3034; x_wconf 83' lang='lat' dir='ltr'>seqq.</span> 
     </span>
    </p>

    <p class='ocr_par' dir='ltr' id='par_1_13' title="bbox 538 3043 2093 3186">
     <span class='ocr_line' id='line_1_34' title="bbox 538 3043 2093 3109; baseline 0 -13"><span class='ocrx_word' id='word_1_214' title='bbox 538 3048 585 3096; x_wconf 91' lang='lat'><strong>⁴.</strong></span> <span class='ocrx_word' id='word_1_215' title='bbox 615 3044 894 3098; x_wconf 82' lang='lat' dir='ltr'><strong>eharitatis</strong></span> <span class='ocrx_word' id='word_1_216' title='bbox 927 3047 1062 3098; x_wconf 89' lang='lat' dir='ltr'><strong>ordo</strong></span> <span class='ocrx_word' id='word_1_217' title='bbox 1093 3043 1336 3098; x_wconf 82' lang='lat' dir='ltr'><strong>consistit</strong></span> <span class='ocrx_word' id='word_1_218' title='bbox 1377 3044 1432 3098; x_wconf 91' lang='lat' dir='ltr'><strong>in</strong></span> <span class='ocrx_word' id='word_1_219' title='bbox 1481 3043 1668 3109; x_wconf 83' lang='lat' dir='ltr'><strong>majori</strong></span> <span class='ocrx_word' id='word_1_220' title='bbox 1710 3043 2093 3108; x_wconf 81' lang='lat' dir='ltr'><strong>appretiatione</strong></span> 
     </span>
     <span class='ocr_line' id='line_1_35' title="bbox 601 3122 1235 3186; baseline -0.002 -12"><span class='ocrx_word' id='word_1_221' title='bbox 601 3122 950 3186; x_wconf 77' lang='lat' dir='ltr'><strong>objectorum,</strong></span> <span class='ocrx_word' id='word_1_222' title='bbox 977 3133 1126 3173; x_wconf 89' lang='lat' dir='ltr'><strong>num.</strong></span> <span class='ocrx_word' id='word_1_223' title='bbox 1158 3126 1235 3174; x_wconf 80' lang='lat'><strong>18.</strong></span> 
     </span>
    </p>

    <p class='ocr_par' dir='ltr' id='par_1_14' title="bbox 535 3195 2091 3404">
     <span class='ocr_line' id='line_1_36' title="bbox 535 3195 2091 3260; baseline -0.002 -12"><span class='ocrx_word' id='word_1_224' title='bbox 535 3203 582 3249; x_wconf 70' lang='lat' dir='ltr'><strong>ts.</strong></span> <span class='ocrx_word' id='word_1_225' title='bbox 618 3199 711 3249; x_wconf 77' lang='lat' dir='ltr'><strong>llic</strong></span> <span class='ocrx_word' id='word_1_226' title='bbox 745 3197 878 3250; x_wconf 89' lang='lat' dir='ltr'><strong>ordo</strong></span> <span class='ocrx_word' id='word_1_227' title='bbox 899 3197 1075 3260; x_wconf 85' lang='lat' dir='ltr'><strong>quoad</strong></span> <span class='ocrx_word' id='word_1_228' title='bbox 1103 3196 1420 3250; x_wconf 87' lang='lat' dir='ltr'><strong>secundaria</strong></span> <span class='ocrx_word' id='word_1_229' title='bbox 1452 3195 1658 3260; x_wconf 82' lang='lat' dir='ltr'><strong>objecta</strong></span> <span class='ocrx_word' id='word_1_230' title='bbox 1685 3201 1765 3248; x_wconf 87' lang='lat' dir='ltr'><strong>est</strong></span> <span class='ocrx_word' id='word_1_231' title='bbox 1803 3200 2091 3248; x_wconf 88' lang='lat' dir='ltr'><strong>consenta-</strong></span> 
     </span>
     <span class='ocr_line' id='line_1_37' title="bbox 598 3271 2086 3334; baseline -0.002 -10"><span class='ocrx_word' id='word_1_232' title='bbox 598 3287 730 3326; x_wconf 87' lang='lat' dir='ltr'><strong>neus</strong></span> <span class='ocrx_word' id='word_1_233' title='bbox 791 3273 1017 3325; x_wconf 85' lang='lat' dir='ltr'><strong>naturali</strong></span> <span class='ocrx_word' id='word_1_234' title='bbox 1074 3272 1362 3326; x_wconf 76' lang='lat' dir='ltr'><strong>voluntatis</strong></span> <span class='ocrx_word' id='word_1_235' title='bbox 1425 3271 1755 3324; x_wconf 85' lang='lat' dir='ltr'><strong>inclinationi</strong></span> <span class='ocrx_word' id='word_1_236' title='bbox 1781 3310 1793 3334; x_wconf 95' lang='lat'><strong>,</strong></span> <span class='ocrx_word' id='word_1_237' title='bbox 1843 3278 1973 3322; x_wconf 88' lang='lat' dir='ltr'><strong>sect.</strong></span> <span class='ocrx_word' id='word_1_238' title='bbox 2020 3276 2049 3321; x_wconf 74' lang='lat'>5</span> <span class='ocrx_word' id='word_1_239' title='bbox 2074 3309 2086 3331; x_wconf 93' lang='lat'><strong>,</strong></span> 
     </span>
     <span class='ocr_line' id='line_1_38' title="bbox 595 3355 819 3404; baseline -0.018 -2"><span class='ocrx_word' id='word_1_240' title='bbox 595 3363 744 3404; x_wconf 88' lang='lat' dir='ltr'><strong>num.</strong></span> <span class='ocrx_word' id='word_1_241' title='bbox 773 3355 819 3398; x_wconf 86' lang='grc'><strong>1.</strong></span> 
     </span>
    </p>

    <p class='ocr_par' dir='ltr' id='par_1_15' title="bbox 533 3421 2087 3651">
     <span class='ocr_line' id='line_1_39' title="bbox 533 3421 2086 3488; baseline -0.004 -10"><span class='ocrx_word' id='word_1_242' title='bbox 533 3425 714 3488; x_wconf 81' lang='lat' dir='ltr'><strong>Quoad</strong></span> <span class='ocrx_word' id='word_1_243' title='bbox 741 3425 1143 3478; x_wconf 86' lang='lat' dir='ltr'><strong>inclinationem</strong></span> <span class='ocrx_word' id='word_1_244' title='bbox 1169 3424 1239 3476; x_wconf 87' lang='lat' dir='ltr'><strong>ad</strong></span> <span class='ocrx_word' id='word_1_245' title='bbox 1265 3423 1554 3477; x_wconf 85' lang='lat' dir='ltr'><strong>amandum</strong></span> <span class='ocrx_word' id='word_1_246' title='bbox 1579 3424 1741 3476; x_wconf 84' lang='lat' dir='ltr'><strong>Deum</strong></span> <span class='ocrx_word' id='word_1_247' title='bbox 1763 3429 1842 3474; x_wconf 88' lang='lat' dir='ltr'><strong>est</strong></span> <span class='ocrx_word' id='word_1_248' title='bbox 1870 3421 2086 3486; x_wconf 83' lang='lat' dir='ltr'><strong>quidem</strong></span> 
     </span>
     <span class='ocr_line' id='line_1_40' title="bbox 597 3500 2087 3570; baseline -0.003 -14"><span class='ocrx_word' id='word_1_249' title='bbox 597 3517 760 3570; x_wconf 89' lang='lat' dir='ltr'><strong>supra</strong></span> <span class='ocrx_word' id='word_1_250' title='bbox 799 3511 1040 3556; x_wconf 89' lang='lat' dir='ltr'><strong>naturam</strong></span> <span class='ocrx_word' id='word_1_251' title='bbox 1086 3503 1390 3565; x_wconf 85' lang='lat' dir='ltr'><strong>voluntatis,</strong></span> <span class='ocrx_word' id='word_1_252' title='bbox 1436 3514 1546 3554; x_wconf 91' lang='lat' dir='ltr'><strong>non</strong></span> <span class='ocrx_word' id='word_1_253' title='bbox 1585 3507 1763 3553; x_wconf 82' lang='lat' dir='ltr'><strong>tamen</strong></span> <span class='ocrx_word' id='word_1_254' title='bbox 1810 3500 1883 3552; x_wconf 92' lang='lat' dir='ltr'><strong>illi</strong></span> <span class='ocrx_word' id='word_1_255' title='bbox 1925 3513 2087 3565; x_wconf 88' lang='lat' dir='ltr'><strong>repu-</strong></span> 
     </span>
     <span class='ocr_line' id='line_1_41' title="bbox 594 3587 1034 3651; baseline -0.005 -15"><span class='ocrx_word' id='word_1_256' title='bbox 594 3597 783 3651; x_wconf 82' lang='lat' dir='ltr'><strong>gnans,</strong></span> <span class='ocrx_word' id='word_1_257' title='bbox 809 3597 936 3634; x_wconf 93' lang='lat' dir='ltr'><strong>num</strong></span> <span class='ocrx_word' id='word_1_258' title='bbox 989 3587 1034 3634; x_wconf 78' lang='lat'><strong>8.</strong></span> 
     </span>
    </p>

    <p class='ocr_par' dir='ltr' id='par_1_16' title="bbox 537 3657 2088 3875">
     <span class='ocr_line' id='line_1_42' title="bbox 537 3657 2086 3724; baseline -0.005 -9"><span class='ocrx_word' id='word_1_259' title='bbox 537 3671 586 3715; x_wconf 75' lang='grc'><strong>6.</strong></span> <span class='ocrx_word' id='word_1_260' title='bbox 626 3665 694 3714; x_wconf 83' lang='lat' dir='ltr'><strong>Ex</strong></span> <span class='ocrx_word' id='word_1_261' title='bbox 722 3661 996 3713; x_wconf 85' lang='lat' dir='ltr'><strong>charitatis</strong></span> <span class='ocrx_word' id='word_1_262' title='bbox 1019 3665 1286 3724; x_wconf 86' lang='lat' dir='ltr'><strong>praeceplo</strong></span> <span class='ocrx_word' id='word_1_263' title='bbox 1307 3665 1516 3710; x_wconf 87' lang='lat' dir='ltr'><strong>tenetur</strong></span> <span class='ocrx_word' id='word_1_264' title='bbox 1556 3657 1680 3722; x_wconf 83' lang='lat' dir='ltr'><strong>quis</strong></span> <span class='ocrx_word' id='word_1_265' title='bbox 1721 3670 1780 3710; x_wconf 88' lang='lat' dir='ltr'><strong>se</strong></span> <span class='ocrx_word' id='word_1_266' title='bbox 1821 3657 1993 3724; x_wconf 77' lang='lat' dir='ltr'><strong>magis</strong></span> <span class='ocrx_word' id='word_1_267' title='bbox 2029 3657 2086 3708; x_wconf 91' lang='lat' dir='ltr'><strong>in</strong></span> 
     </span>
     <span class='ocr_line' id='line_1_43' title="bbox 596 3733 2088 3803; baseline -0.004 -13"><span class='ocrx_word' id='word_1_268' title='bbox 596 3737 963 3803; x_wconf 82' lang='lat' dir='ltr'><strong>spiritualibus</strong></span> <span class='ocrx_word' id='word_1_269' title='bbox 985 3735 1224 3801; x_wconf 79' lang='lat' dir='ltr'><strong>diligere,</strong></span> <span class='ocrx_word' id='word_1_270' title='bbox 1255 3742 1307 3787; x_wconf 93' lang='lat' dir='ltr'><strong>et</strong></span> <span class='ocrx_word' id='word_1_271' title='bbox 1332 3734 1433 3786; x_wconf 89' lang='lat' dir='ltr'><strong>sibi</strong></span> <span class='ocrx_word' id='word_1_272' title='bbox 1455 3734 1510 3786; x_wconf 89' lang='lat' dir='ltr'><strong>in</strong></span> <span class='ocrx_word' id='word_1_273' title='bbox 1548 3734 1631 3784; x_wconf 82' lang='lat' dir='ltr'><strong>bis</strong></span> <span class='ocrx_word' id='word_1_274' title='bbox 1673 3733 1842 3800; x_wconf 81' lang='lat' dir='ltr'><strong>magis</strong></span> <span class='ocrx_word' id='word_1_275' title='bbox 1889 3733 2088 3785; x_wconf 85' lang='lat' dir='ltr'><strong>subve-</strong></span> 
     </span>
     <span class='ocr_line' id='line_1_44' title="bbox 595 3811 1959 3875; baseline -0.001 -10"><span class='ocrx_word' id='word_1_276' title='bbox 595 3815 730 3870; x_wconf 85' lang='lat' dir='ltr'><strong>nire,</strong></span> <span class='ocrx_word' id='word_1_277' title='bbox 768 3821 918 3864; x_wconf 89' lang='lat' dir='ltr'><strong>tract.</strong></span> <span class='ocrx_word' id='word_1_278' title='bbox 942 3817 989 3872; x_wconf 79' lang='grc'>9,</span> <span class='ocrx_word' id='word_1_279' title='bbox 1025 3811 1164 3875; x_wconf 86' lang='lat' dir='ltr'><strong>disp.</strong></span> <span class='ocrx_word' id='word_1_280' title='bbox 1187 3816 1236 3869; x_wconf 89' lang='grc'>9,</span> <span class='ocrx_word' id='word_1_281' title='bbox 1263 3819 1392 3862; x_wconf 88' lang='lat' dir='ltr'><strong>sect.</strong></span> <span class='ocrx_word' id='word_1_282' title='bbox 1422 3814 1469 3870; x_wconf 90' lang='grc'><strong>1,</strong></span> <span class='ocrx_word' id='word_1_283' title='bbox 1501 3823 1647 3861; x_wconf 90' lang='lat' dir='ltr'><strong>num.</strong></span> <span class='ocrx_word' id='word_1_284' title='bbox 1675 3815 1708 3860; x_wconf 76' lang='lat'><em>2</em></span> <span class='ocrx_word' id='word_1_285' title='bbox 1733 3817 1789 3862; x_wconf 91' lang='lat' dir='ltr'><strong>et</strong></span> <span class='ocrx_word' id='word_1_286' title='bbox 1808 3823 1959 3875; x_wconf 82' lang='lat' dir='ltr'><strong>seqq.</strong></span> 
     </span>
    </p>

    <p class='ocr_par' dir='ltr' id='par_1_17' title="bbox 543 3884 2091 4024">
     <span class='ocr_line' id='line_1_45' title="bbox 543 3884 2091 3951; baseline -0.003 -11"><span class='ocrx_word' id='word_1_287' title='bbox 543 3895 589 3940; x_wconf 83' lang='grc'><strong>’1.</strong></span> <span class='ocrx_word' id='word_1_288' title='bbox 626 3891 776 3941; x_wconf 80' lang='lat' dir='ltr'><strong>Hunc</strong></span> <span class='ocrx_word' id='word_1_289' title='bbox 808 3887 1052 3940; x_wconf 85' lang='lat' dir='ltr'><strong>ordinem</strong></span> <span class='ocrx_word' id='word_1_290' title='bbox 1078 3887 1270 3938; x_wconf 82' lang='lat' dir='ltr'><strong>Paulus</strong></span> <span class='ocrx_word' id='word_1_291' title='bbox 1293 3899 1402 3938; x_wconf 90' lang='lat' dir='ltr'><strong>non</strong></span> <span class='ocrx_word' id='word_1_292' title='bbox 1429 3885 1642 3938; x_wconf 82' lang='lat' dir='ltr'><strong>invertit</strong></span> <span class='ocrx_word' id='word_1_293' title='bbox 1676 3884 1894 3938; x_wconf 90' lang='lat' dir='ltr'><strong>dicens:</strong></span> <span class='ocrx_word' id='word_1_294' title='bbox 1925 3885 2091 3951; x_wconf 81' lang='lat' dir='ltr'><strong>Opta-</strong></span> 
     </span>
     <span class='ocr_line' id='line_1_46' title="bbox 597 3961 1816 4024; baseline -0.002 -10"><span class='ocrx_word' id='word_1_295' title='bbox 597 3967 716 4015; x_wconf 74' lang='lat' dir='ltr'><strong>bam</strong></span> <span class='ocrx_word' id='word_1_296' title='bbox 735 3962 1010 4014; x_wconf 77' lang='lat' dir='ltr'><strong>anathema</strong></span> <span class='ocrx_word' id='word_1_297' title='bbox 1030 3975 1156 4022; x_wconf 82' lang='lat' dir='ltr'><strong>esse,</strong></span> <span class='ocrx_word' id='word_1_298' title='bbox 1183 3974 1306 4024; x_wconf 89' lang='lat' dir='ltr'><strong>etc.,</strong></span> <span class='ocrx_word' id='word_1_299' title='bbox 1340 3961 1492 4024; x_wconf 80' lang='lat' dir='ltr'><strong>ibid,</strong></span> <span class='ocrx_word' id='word_1_300' title='bbox 1527 3975 1558 4013; x_wconf 90' lang='lat' dir='ltr'><strong>a</strong></span> <span class='ocrx_word' id='word_1_301' title='bbox 1585 3975 1730 4014; x_wconf 89' lang='lat' dir='ltr'><strong>num.</strong></span> <span class='ocrx_word' id='word_1_302' title='bbox 1767 3965 1816 4012; x_wconf 90' lang='grc'><strong>4.</strong></span> 
     </span>
    </p>

    <p class='ocr_par' dir='ltr' id='par_1_18' title="bbox 597 4036 2092 4168">
     <span class='ocr_line' id='line_1_47' title="bbox 604 4036 2092 4105; baseline -0.003 -13"><span class='ocrx_word' id='word_1_303' title='bbox 604 4041 707 4093; x_wconf 91' lang='lat' dir='ltr'><strong>Nec</strong></span> <span class='ocrx_word' id='word_1_304' title='bbox 754 4040 956 4105; x_wconf 76' lang='lat' dir='ltr'><strong>Moyses</strong></span> <span class='ocrx_word' id='word_1_305' title='bbox 998 4038 1216 4090; x_wconf 87' lang='lat' dir='ltr'><strong>dicens:</strong></span> <span class='ocrx_word' id='word_1_306' title='bbox 1271 4037 1384 4088; x_wconf 72' lang='lat' dir='ltr'><strong>Delo</strong></span> <span class='ocrx_word' id='word_1_307' title='bbox 1427 4052 1506 4088; x_wconf 80' lang='lat' dir='ltr'><strong>me</strong></span> <span class='ocrx_word' id='word_1_308' title='bbox 1523 4039 1586 4089; x_wconf 77' lang='lat' dir='ltr'><strong>do</strong></span> <span class='ocrx_word' id='word_1_309' title='bbox 1604 4038 1756 4101; x_wconf 75' lang='lat' dir='ltr'><strong>libro,</strong></span> <span class='ocrx_word' id='word_1_310' title='bbox 1785 4046 1912 4100; x_wconf 90' lang='lat' dir='ltr'><strong>etc.,</strong></span> <span class='ocrx_word' id='word_1_311' title='bbox 1937 4036 2092 4100; x_wconf 83' lang='lat' dir='ltr'><strong>ibid,</strong></span> 
     </span>
     <span class='ocr_line' id='line_1_48' title="bbox 597 4121 833 4168; baseline -0.017 0"><span class='ocrx_word' id='word_1_312' title='bbox 597 4128 747 4168; x_wconf 91' lang='lat' dir='ltr'><strong>num.</strong></span> <span class='ocrx_word' id='word_1_313' title='bbox 786 4121 833 4165; x_wconf 79' lang='grc'><strong>6.</strong></span> 
     </span>
    </p>

    <p class='ocr_par' dir='ltr' id='par_1_19' title="bbox 536 4186 2090 4404">
     <span class='ocr_line' id='line_1_49' title="bbox 536 4186 2090 4255; baseline -0.003 -13"><span class='ocrx_word' id='word_1_314' title='bbox 536 4197 582 4242; x_wconf 76' lang='lat'><strong>8.</strong></span> <span class='ocrx_word' id='word_1_315' title='bbox 615 4192 778 4242; x_wconf 83' lang='lat' dir='ltr'><strong>Nemo</strong></span> <span class='ocrx_word' id='word_1_316' title='bbox 802 4197 990 4255; x_wconf 88' lang='lat' dir='ltr'><strong>potest,</strong></span> <span class='ocrx_word' id='word_1_317' title='bbox 1017 4189 1212 4241; x_wconf 90' lang='lat' dir='ltr'><strong>nedum</strong></span> <span class='ocrx_word' id='word_1_318' title='bbox 1249 4195 1456 4243; x_wconf 87' lang='lat' dir='ltr'><strong>tenetur</strong></span> <span class='ocrx_word' id='word_1_319' title='bbox 1489 4188 1775 4242; x_wconf 85' lang='lat' dir='ltr'><strong>subvenire</strong></span> <span class='ocrx_word' id='word_1_320' title='bbox 1817 4186 1936 4239; x_wconf 88' lang='lat' dir='ltr'><strong>aliis</strong></span> <span class='ocrx_word' id='word_1_321' title='bbox 1970 4200 2090 4239; x_wconf 92' lang='lat' dir='ltr'><strong>cum</strong></span> 
     </span>
     <span class='ocr_line' id='line_1_50' title="bbox 603 4263 2071 4333; baseline -0.003 -15"><span class='ocrx_word' id='word_1_322' title='bbox 603 4267 819 4333; x_wconf 88' lang='lat' dir='ltr'><strong>proprio</strong></span> <span class='ocrx_word' id='word_1_323' title='bbox 849 4265 1110 4330; x_wconf 75' lang='lat' dir='ltr'><strong>spirituali</strong></span> <span class='ocrx_word' id='word_1_324' title='bbox 1145 4263 1484 4324; x_wconf 87' lang='lat' dir='ltr'><strong>detrimento,</strong></span> <span class='ocrx_word' id='word_1_325' title='bbox 1513 4263 1659 4329; x_wconf 85' lang='lat' dir='ltr'><strong>quod</strong></span> <span class='ocrx_word' id='word_1_326' title='bbox 1687 4264 1901 4330; x_wconf 87' lang='lat' dir='ltr'><strong>culpam</strong></span> <span class='ocrx_word' id='word_1_327' title='bbox 1927 4263 2071 4314; x_wconf 88' lang='lat' dir='ltr'><strong>inclu</strong></span> 
     </span>
     <span class='ocr_line' id='line_1_51' title="bbox 597 4341 1154 4404; baseline -0.004 -10"><span class='ocrx_word' id='word_1_328' title='bbox 597 4345 705 4404; x_wconf 88' lang='lat' dir='ltr'><strong>dal,</strong></span> <span class='ocrx_word' id='word_1_329' title='bbox 741 4341 890 4400; x_wconf 83' lang='lat' dir='ltr'><strong>ibid..</strong></span> <span class='ocrx_word' id='word_1_330' title='bbox 923 4354 1071 4394; x_wconf 90' lang='lat' dir='ltr'><strong>num.</strong></span> <span class='ocrx_word' id='word_1_331' title='bbox 1105 4345 1154 4392; x_wconf 83' lang='lat'><strong>7.</strong></span> 
     </span>
    </p>

    <p class='ocr_par' dir='ltr' id='par_1_20' title="bbox 597 4415 1924 4480">
     <span class='ocr_line' id='line_1_52' title="bbox 597 4415 1924 4480; baseline -0.003 -10"><span class='ocrx_word' id='word_1_332' title='bbox 597 4419 702 4470; x_wconf 85' lang='lat' dir='ltr'><strong>Nec</strong></span> <span class='ocrx_word' id='word_1_333' title='bbox 725 4419 884 4469; x_wconf 87' lang='lat' dir='ltr'><strong>etiam</strong></span> <span class='ocrx_word' id='word_1_334' title='bbox 909 4429 1030 4468; x_wconf 84' lang='lat' dir='ltr'><strong>eum</strong></span> <span class='ocrx_word' id='word_1_335' title='bbox 1055 4415 1244 4468; x_wconf 88' lang='lat' dir='ltr'><strong>morali</strong></span> <span class='ocrx_word' id='word_1_336' title='bbox 1271 4415 1508 4480; x_wconf 84' lang='lat' dir='ltr'><strong>periculo</strong></span> <span class='ocrx_word' id='word_1_337' title='bbox 1539 4422 1668 4480; x_wconf 76' lang='lat' dir='ltr'><strong>ejus,</strong></span> <span class='ocrx_word' id='word_1_338' title='bbox 1703 4429 1850 4468; x_wconf 89' lang='lat' dir='ltr'><strong>num.</strong></span> <span class='ocrx_word' id='word_1_339' title='bbox 1879 4419 1924 4466; x_wconf 85' lang='lat'><strong>8.</strong></span> 
     </span>
    </p>

    <p class='ocr_par' dir='ltr' id='par_1_21' title="bbox 548 4489 2099 4707">
     <span class='ocr_line' id='line_1_53' title="bbox 548 4489 2096 4556; baseline -0.001 -12"><span class='ocrx_word' id='word_1_340' title='bbox 548 4501 593 4547; x_wconf 90' lang='grc'><strong>9.</strong></span> <span class='ocrx_word' id='word_1_341' title='bbox 631 4496 736 4545; x_wconf 84' lang='lat' dir='ltr'><strong>Nec</strong></span> <span class='ocrx_word' id='word_1_342' title='bbox 756 4505 876 4546; x_wconf 87' lang='lat' dir='ltr'><strong>eum</strong></span> <span class='ocrx_word' id='word_1_343' title='bbox 908 4492 1246 4550; x_wconf 89' lang='lat' dir='ltr'><strong>detrimento,</strong></span> <span class='ocrx_word' id='word_1_344' title='bbox 1282 4492 1423 4556; x_wconf 85' lang='lat' dir='ltr'><strong>quod</strong></span> <span class='ocrx_word' id='word_1_345' title='bbox 1457 4492 1576 4542; x_wconf 89' lang='lat' dir='ltr'><strong>licet</strong></span> <span class='ocrx_word' id='word_1_346' title='bbox 1619 4491 1830 4556; x_wconf 87' lang='lat' dir='ltr'><strong>culpam</strong></span> <span class='ocrx_word' id='word_1_347' title='bbox 1866 4503 1976 4542; x_wconf 90' lang='lat' dir='ltr'><strong>non</strong></span> <span class='ocrx_word' id='word_1_348' title='bbox 2012 4489 2096 4542; x_wconf 90' lang='lat' dir='ltr'><strong>in-</strong></span> 
     </span>
     <span class='ocr_line' id='line_1_54' title="bbox 601 4564 2099 4632; baseline -0.004 -10"><span class='ocrx_word' id='word_1_349' title='bbox 601 4570 797 4630; x_wconf 87' lang='lat' dir='ltr'><strong>cludat,</strong></span> <span class='ocrx_word' id='word_1_350' title='bbox 854 4568 1075 4632; x_wconf 87' lang='lat' dir='ltr'><strong>impedit</strong></span> <span class='ocrx_word' id='word_1_351' title='bbox 1109 4575 1286 4619; x_wconf 82' lang='lat' dir='ltr'><strong>tamen</strong></span> <span class='ocrx_word' id='word_1_352' title='bbox 1341 4573 1682 4632; x_wconf 76' lang='lat' dir='ltr'><strong>augmentum</strong></span> <span class='ocrx_word' id='word_1_353' title='bbox 1739 4564 2011 4618; x_wconf 86' lang='lat' dir='ltr'><strong>charitatis</strong></span> <span class='ocrx_word' id='word_1_354' title='bbox 2047 4571 2099 4616; x_wconf 89' lang='lat' dir='ltr'><strong>et</strong></span> 
     </span>
     <span class='ocr_line' id='line_1_55' title="bbox 605 4646 1050 4707; baseline -0.009 -10"><span class='ocrx_word' id='word_1_355' title='bbox 605 4646 795 4707; x_wconf 86' lang='lat' dir='ltr'><strong>meriti,</strong></span> <span class='ocrx_word' id='word_1_356' title='bbox 829 4658 974 4696; x_wconf 91' lang='lat' dir='ltr'><strong>num.</strong></span> <span class='ocrx_word' id='word_1_357' title='bbox 1002 4649 1050 4694; x_wconf 87' lang='grc'><strong>9.</strong></span> 
     </span>
    </p>

    <p class='ocr_par' dir='ltr' id='par_1_22' title="bbox 599 4715 2094 4857">
     <span class='ocr_line' id='line_1_56' title="bbox 609 4715 2094 4784; baseline -0.003 -12"><span class='ocrx_word' id='word_1_358' title='bbox 609 4720 740 4783; x_wconf 83' lang='lat' dir='ltr'><strong>Quid</strong></span> <span class='ocrx_word' id='word_1_359' title='bbox 767 4721 832 4772; x_wconf 89' lang='lat' dir='ltr'><strong>de</strong></span> <span class='ocrx_word' id='word_1_360' title='bbox 853 4718 1112 4772; x_wconf 86' lang='lat' dir='ltr'><strong>cessando</strong></span> <span class='ocrx_word' id='word_1_361' title='bbox 1156 4717 1224 4770; x_wconf 90' lang='lat' dir='ltr'><strong>ab</strong></span> <span class='ocrx_word' id='word_1_362' title='bbox 1264 4718 1510 4784; x_wconf 82' lang='lat' dir='ltr'><strong>ingressu</strong></span> <span class='ocrx_word' id='word_1_363' title='bbox 1553 4717 1846 4784; x_wconf 78' lang='lat' dir='ltr'><strong>religionis,</strong></span> <span class='ocrx_word' id='word_1_364' title='bbox 1879 4725 1935 4769; x_wconf 87' lang='lat' dir='ltr'><strong>ut</strong></span> <span class='ocrx_word' id='word_1_365' title='bbox 1976 4715 2094 4769; x_wconf 91' lang='lat' dir='ltr'><strong>aliis</strong></span> 
     </span>
     <span class='ocr_line' id='line_1_57' title="bbox 599 4795 1109 4857; baseline -0.008 -7"><span class='ocrx_word' id='word_1_366' title='bbox 599 4797 961 4857; x_wconf 82' lang='lat' dir='ltr'><strong>subveniatur,</strong></span> <span class='ocrx_word' id='word_1_367' title='bbox 983 4795 1109 4846; x_wconf 85' lang='lat' dir='ltr'><strong>ibid.</strong></span> 
     </span>
    </p>

    <p class='ocr_par' dir='ltr' id='par_1_23' title="bbox 603 4869 2097 5164">
     <span class='ocr_line' id='line_1_58' title="bbox 603 4869 2097 4944; baseline -0.003 -20"><span class='ocrx_word' id='word_1_368' title='bbox 603 4871 736 4935; x_wconf 86' lang='lat' dir='ltr'><strong>Quid</strong></span> <span class='ocrx_word' id='word_1_369' title='bbox 761 4872 806 4923; x_wconf 87' lang='lat' dir='ltr'><strong>si</strong></span> <span class='ocrx_word' id='word_1_370' title='bbox 834 4872 1124 4923; x_wconf 79' lang='lat' dir='ltr'><strong>necessitas</strong></span> <span class='ocrx_word' id='word_1_371' title='bbox 1145 4870 1369 4934; x_wconf 85' lang='lat' dir='ltr'><strong>proximi</strong></span> <span class='ocrx_word' id='word_1_372' title='bbox 1395 4879 1503 4921; x_wconf 90' lang='lat' dir='ltr'><strong>non</strong></span> <span class='ocrx_word' id='word_1_373' title='bbox 1519 4870 1765 4944; x_wconf 38' lang='lat' dir='ltr'><strong>sit-tanta,</strong></span> <span class='ocrx_word' id='word_1_374' title='bbox 1789 4875 1848 4921; x_wconf 89' lang='lat' dir='ltr'><strong>ut</strong></span> <span class='ocrx_word' id='word_1_375' title='bbox 1881 4869 2001 4933; x_wconf 84' lang='lat' dir='ltr'><strong>quis</strong></span> <span class='ocrx_word' id='word_1_376' title='bbox 2035 4881 2097 4920; x_wconf 84' lang='lat' dir='ltr'><strong>ex</strong></span> 
     </span>
     <span class='ocr_line' id='line_1_59' title="bbox 607 4945 2096 5016; baseline -0.004 -14"><span class='ocrx_word' id='word_1_377' title='bbox 607 4956 872 5016; x_wconf 69' lang='lat' dir='ltr'><strong>praecepto</strong></span> <span class='ocrx_word' id='word_1_378' title='bbox 924 4946 1189 5012; x_wconf 79' lang='lat' dir='ltr'><strong>obligetur</strong></span> <span class='ocrx_word' id='word_1_379' title='bbox 1239 4946 1307 4997; x_wconf 89' lang='lat' dir='ltr'><strong>ad</strong></span> <span class='ocrx_word' id='word_1_380' title='bbox 1352 4945 1797 5005; x_wconf 85' lang='lat' dir='ltr'><strong>subveniendum,</strong></span> <span class='ocrx_word' id='word_1_381' title='bbox 1849 4945 2096 4996; x_wconf 81' lang='lat' dir='ltr'><strong>licebitne</strong></span> 
     </span>
     <span class='ocr_line' id='line_1_60' title="bbox 605 5021 2093 5092; baseline -0.003 -13"><span class='ocrx_word' id='word_1_382' title='bbox 605 5026 910 5092; x_wconf 87' lang='lat' dir='ltr'><strong>permittere</strong></span> <span class='ocrx_word' id='word_1_383' title='bbox 933 5024 1062 5076; x_wconf 87' lang='lat' dir='ltr'><strong>illud</strong></span> <span class='ocrx_word' id='word_1_384' title='bbox 1098 5023 1471 5075; x_wconf 88' lang='lat' dir='ltr'><strong>detrimentum</strong></span> <span class='ocrx_word' id='word_1_385' title='bbox 1507 5029 1723 5088; x_wconf 89' lang='lat' dir='ltr'><strong>propter</strong></span> <span class='ocrx_word' id='word_1_386' title='bbox 1743 5021 1961 5074; x_wconf 89' lang='lat' dir='ltr'><strong>alterius</strong></span> <span class='ocrx_word' id='word_1_387' title='bbox 1994 5021 2093 5074; x_wconf 85' lang='lat' dir='ltr'><strong>bo-</strong></span> 
     </span>
     <span class='ocr_line' id='line_1_61' title="bbox 603 5105 1031 5164; baseline -0.014 -10"><span class='ocrx_word' id='word_1_388' title='bbox 603 5115 750 5164; x_wconf 89' lang='lat' dir='ltr'><strong>num,</strong></span> <span class='ocrx_word' id='word_1_389' title='bbox 779 5113 925 5151; x_wconf 88' lang='lat' dir='ltr'><strong>num.</strong></span> <span class='ocrx_word' id='word_1_390' title='bbox 953 5105 1031 5149; x_wconf 84' lang='grc' dir='ltr'><strong>1ο.</strong></span> 
     </span>
    </p>

    <p class='ocr_par' dir='ltr' id='par_1_24' title="bbox 540 5171 2093 5384">
     <span class='ocr_line' id='line_1_62' title="bbox 540 5171 2093 5238; baseline -0.004 -10"><span class='ocrx_word' id='word_1_391' title='bbox 540 5181 620 5228; x_wconf 86' lang='grc' dir='ltr'><strong>1ο.</strong></span> <span class='ocrx_word' id='word_1_392' title='bbox 659 5175 1038 5228; x_wconf 85' lang='lat' dir='ltr'><strong>Detrimentum</strong></span> <span class='ocrx_word' id='word_1_393' title='bbox 1061 5173 1336 5238; x_wconf 84' lang='lat' dir='ltr'><strong>spirituale</strong></span> <span class='ocrx_word' id='word_1_394' title='bbox 1361 5187 1506 5226; x_wconf 87' lang='lat' dir='ltr'><strong>mere</strong></span> <span class='ocrx_word' id='word_1_395' title='bbox 1527 5173 1898 5229; x_wconf 83' lang='lat' dir='ltr'><strong>extrinsecum.</strong></span> <span class='ocrx_word' id='word_1_396' title='bbox 1919 5171 2093 5235; x_wconf 85' lang='lat' dir='ltr'><strong>qualis</strong></span> 
     </span>
     <span class='ocr_line' id='line_1_63' title="bbox 602 5248 2090 5316; baseline -0.003 -13"><span class='ocrx_word' id='word_1_397' title='bbox 602 5252 786 5304; x_wconf 85' lang='lat' dir='ltr'><strong>dilatio</strong></span> <span class='ocrx_word' id='word_1_398' title='bbox 807 5249 1165 5311; x_wconf 73' lang='lat' dir='ltr'><strong>beatitudinis,</strong></span> <span class='ocrx_word' id='word_1_399' title='bbox 1187 5257 1357 5314; x_wconf 86' lang='lat' dir='ltr'><strong>potest</strong></span> <span class='ocrx_word' id='word_1_400' title='bbox 1375 5251 1496 5316; x_wconf 78' lang='lat' dir='ltr'><strong>eligi</strong></span> <span class='ocrx_word' id='word_1_401' title='bbox 1515 5250 1580 5301; x_wconf 88' lang='lat' dir='ltr'><strong>ad</strong></span> <span class='ocrx_word' id='word_1_402' title='bbox 1601 5249 1824 5300; x_wconf 87' lang='lat' dir='ltr'><strong>salutem</strong></span> <span class='ocrx_word' id='word_1_403' title='bbox 1844 5248 2090 5309; x_wconf 86' lang='lat' dir='ltr'><strong>aliorum,</strong></span> 
     </span>
     <span class='ocr_line' id='line_1_64' title="bbox 601 5327 1307 5384; baseline -0.006 -4"><span class='ocrx_word' id='word_1_404' title='bbox 601 5327 787 5380; x_wconf 87' lang='lat' dir='ltr'><strong>eadem</strong></span> <span class='ocrx_word' id='word_1_405' title='bbox 811 5333 939 5378; x_wconf 90' lang='lat' dir='ltr'><strong>sect.</strong></span> <span class='ocrx_word' id='word_1_406' title='bbox 967 5329 1013 5384; x_wconf 89' lang='lat'><strong>1,</strong></span> <span class='ocrx_word' id='word_1_407' title='bbox 1052 5339 1197 5378; x_wconf 89' lang='lat' dir='ltr'><strong>num.</strong></span> <span class='ocrx_word' id='word_1_408' title='bbox 1229 5331 1307 5377; x_wconf 87' lang='grc'><strong>11.</strong></span> 
     </span>
    </p>

    <p class='ocr_par' dir='ltr' id='par_1_25' title="bbox 541 5398 2096 5616">
     <span class='ocr_line' id='line_1_65' title="bbox 541 5398 2092 5466; baseline -0.005 -8"><span class='ocrx_word' id='word_1_409' title='bbox 541 5409 620 5458; x_wconf 92' lang='grc'><strong>11.</strong></span> <span class='ocrx_word' id='word_1_410' title='bbox 658 5405 886 5454; x_wconf 69' lang='lat' dir='ltr'><strong>&#39;ft-netur</strong></span> <span class='ocrx_word' id='word_1_411' title='bbox 907 5404 1132 5465; x_wconf 78' lang='lat' dir='ltr'><strong>quisque</strong></span> <span class='ocrx_word' id='word_1_412' title='bbox 1155 5401 1223 5453; x_wconf 88' lang='lat' dir='ltr'><strong>ad</strong></span> <span class='ocrx_word' id='word_1_413' title='bbox 1251 5400 1578 5466; x_wconf 74' lang='lat' dir='ltr'><strong>diligendum</strong></span> <span class='ocrx_word' id='word_1_414' title='bbox 1601 5401 1769 5466; x_wconf 78' lang='lat' dir='ltr'><strong>magis</strong></span> <span class='ocrx_word' id='word_1_415' title='bbox 1793 5398 2092 5464; x_wconf 86' lang='lat' dir='ltr'><strong>proximum</strong></span> 
     </span>
     <span class='ocr_line' id='line_1_66' title="bbox 603 5475 2096 5542; baseline -0.004 -12"><span class='ocrx_word' id='word_1_416' title='bbox 603 5478 656 5530; x_wconf 90' lang='lat' dir='ltr'><strong>in</strong></span> <span class='ocrx_word' id='word_1_417' title='bbox 679 5479 1060 5542; x_wconf 78' lang='lat' dir='ltr'><strong>spiritualibus,</strong></span> <span class='ocrx_word' id='word_1_418' title='bbox 1077 5490 1236 5541; x_wconf 82' lang='lat' dir='ltr'><strong>quam</strong></span> <span class='ocrx_word' id='word_1_419' title='bbox 1263 5479 1498 5540; x_wconf 86' lang='lat' dir='ltr'><strong>seipsum</strong></span> <span class='ocrx_word' id='word_1_420' title='bbox 1525 5478 1576 5528; x_wconf 88' lang='lat' dir='ltr'><strong>in</strong></span> <span class='ocrx_word' id='word_1_421' title='bbox 1599 5475 1987 5541; x_wconf 79' lang='lat' dir='ltr'><strong>corporalibus,</strong></span> <span class='ocrx_word' id='word_1_422' title='bbox 2010 5485 2096 5524; x_wconf 88' lang='lat' dir='ltr'><strong>ea-</strong></span> 
     </span>
     <span class='ocr_line' id='line_1_67' title="bbox 599 5553 1449 5616; baseline 0 -12"><span class='ocrx_word' id='word_1_423' title='bbox 599 5554 721 5604; x_wconf 84' lang='lat' dir='ltr'><strong>dem</strong></span> <span class='ocrx_word' id='word_1_424' title='bbox 747 5553 883 5616; x_wconf 85' lang='lat' dir='ltr'><strong>disp.</strong></span> <span class='ocrx_word' id='word_1_425' title='bbox 908 5557 955 5610; x_wconf 89' lang='grc'>9,</span> <span class='ocrx_word' id='word_1_426' title='bbox 987 5561 1113 5604; x_wconf 89' lang='lat' dir='ltr'><strong>sect.</strong></span> <span class='ocrx_word' id='word_1_427' title='bbox 1147 5557 1196 5614; x_wconf 79' lang='lat'><strong>2,</strong></span> <span class='ocrx_word' id='word_1_428' title='bbox 1229 5562 1376 5604; x_wconf 87' lang='lat' dir='ltr'><strong>num.</strong></span> <span class='ocrx_word' id='word_1_429' title='bbox 1403 5557 1449 5604; x_wconf 83' lang='lat'><strong>1.</strong></span> 
     </span>
    </p>

    <p class='ocr_par' dir='ltr' id='par_1_26' title="bbox 537 5625 2097 5693">
     <span class='ocr_line' id='line_1_68' title="bbox 537 5625 2097 5693; baseline -0.001 -14"><span class='ocrx_word' id='word_1_430' title='bbox 537 5631 617 5679; x_wconf 77' lang='lat'><strong>12.</strong></span> <span class='ocrx_word' id='word_1_431' title='bbox 653 5629 882 5680; x_wconf 85' lang='lat' dir='ltr'><strong>Tenetur</strong></span> <span class='ocrx_word' id='word_1_432' title='bbox 907 5629 1134 5693; x_wconf 88' lang='lat' dir='ltr'><strong>quisque</strong></span> <span class='ocrx_word' id='word_1_433' title='bbox 1186 5628 1470 5682; x_wconf 89' lang='lat' dir='ltr'><strong>subvenire</strong></span> <span class='ocrx_word' id='word_1_434' title='bbox 1506 5635 1751 5682; x_wconf 75' lang='lat' dir='ltr'><strong>extremae</strong></span> <span class='ocrx_word' id='word_1_435' title='bbox 1793 5625 2097 5680; x_wconf 85' lang='lat' dir='ltr'><strong>necessitati</strong></span> 
     </span>
    </p>
   </div>
   <div class='ocr_carea' id='block_1_5' title="bbox 1903 445 2355 502">
    <p class='ocr_par' dir='ltr' id='par_1_27' title="bbox 1903 445 2355 502">
     <span class='ocr_line' id='line_1_69' title="bbox 1903 445 2355 502; baseline 0 0"><span class='ocrx_word' id='word_1_436' title='bbox 1903 447 2095 502; x_wconf 76' lang='lat' dir='ltr'><strong>INDEX</strong></span> <span class='ocrx_word' id='word_1_437' title='bbox 2126 445 2355 502; x_wconf 72' lang='lat' dir='ltr'><strong>annuit.</strong></span> 
     </span>
    </p>
   </div>
   <div class='ocr_carea' id='block_1_6' title="bbox 2168 539 3747 5687">
    <p class='ocr_par' dir='ltr' id='par_1_28' title="bbox 2240 539 3743 762">
     <span class='ocr_line' id='line_1_70' title="bbox 2241 539 3743 610; baseline -0.003 -14"><span class='ocrx_word' id='word_1_438' title='bbox 2241 542 2500 609; x_wconf 88' lang='lat' dir='ltr'><strong>spirituali</strong></span> <span class='ocrx_word' id='word_1_439' title='bbox 2524 543 2766 610; x_wconf 83' lang='lat' dir='ltr'><strong>proximi,</strong></span> <span class='ocrx_word' id='word_1_440' title='bbox 2778 543 2938 598; x_wconf 87' lang='lat' dir='ltr'><strong>etiam</strong></span> <span class='ocrx_word' id='word_1_441' title='bbox 2952 557 3077 598; x_wconf 87' lang='lat' dir='ltr'><strong>eum</strong></span> <span class='ocrx_word' id='word_1_442' title='bbox 3092 543 3321 598; x_wconf 75' lang='lat' dir='ltr'><strong>evidenti</strong></span> <span class='ocrx_word' id='word_1_443' title='bbox 3339 539 3587 608; x_wconf 85' lang='lat' dir='ltr'><strong>periculo</strong></span> <span class='ocrx_word' id='word_1_444' title='bbox 3610 554 3743 594; x_wconf 84' lang='lat' dir='ltr'><strong>mor-</strong></span> 
     </span>
     <span class='ocr_line' id='line_1_71' title="bbox 2240 619 2833 685; baseline 0.003 -15"><span class='ocrx_word' id='word_1_445' title='bbox 2240 621 2307 670; x_wconf 89' lang='lat' dir='ltr'><strong>tis</strong></span> <span class='ocrx_word' id='word_1_446' title='bbox 2333 619 2578 685; x_wconf 80' lang='lat' dir='ltr'><strong>propriae,</strong></span> <span class='ocrx_word' id='word_1_447' title='bbox 2607 633 2753 672; x_wconf 85' lang='lat' dir='ltr'><strong>num.</strong></span> <span class='ocrx_word' id='word_1_448' title='bbox 2785 625 2833 672; x_wconf 71' lang='grc' dir='ltr'><strong>Ξ.</strong></span> 
     </span>
     <span class='ocr_line' id='line_1_72' title="bbox 2241 695 3741 762; baseline -0.001 -14"><span class='ocrx_word' id='word_1_449' title='bbox 2241 697 2365 758; x_wconf 83' lang='lat' dir='ltr'><strong>Quae</strong></span> <span class='ocrx_word' id='word_1_450' title='bbox 2390 705 2670 750; x_wconf 86' lang='lat' dir='ltr'><strong>censeatur</strong></span> <span class='ocrx_word' id='word_1_451' title='bbox 2701 704 2934 750; x_wconf 84' lang='lat' dir='ltr'><strong>extrema</strong></span> <span class='ocrx_word' id='word_1_452' title='bbox 2954 696 3251 749; x_wconf 82' lang='lat' dir='ltr'><strong>necessitas</strong></span> <span class='ocrx_word' id='word_1_453' title='bbox 3274 695 3597 762; x_wconf 81' lang='lat' dir='ltr'><strong>spiritualis,</strong></span> <span class='ocrx_word' id='word_1_454' title='bbox 3622 708 3679 746; x_wconf 79' lang='lat' dir='ltr'><strong>u.</strong></span> <span class='ocrx_word' id='word_1_455' title='bbox 3697 701 3741 746; x_wconf 75' lang='lat'><strong>³.</strong></span> 
     </span>
    </p>

    <p class='ocr_par' dir='ltr' id='par_1_29' title="bbox 2180 771 3745 990">
     <span class='ocr_line' id='line_1_73' title="bbox 2180 771 3745 836; baseline -0.001 -12"><span class='ocrx_word' id='word_1_456' title='bbox 2180 777 2258 824; x_wconf 79' lang='grc'><strong>13.</strong></span> <span class='ocrx_word' id='word_1_457' title='bbox 2294 773 2447 824; x_wconf 84' lang='lat' dir='ltr'><strong>Extra</strong></span> <span class='ocrx_word' id='word_1_458' title='bbox 2484 786 2666 826; x_wconf 87' lang='lat' dir='ltr'><strong>casum</strong></span> <span class='ocrx_word' id='word_1_459' title='bbox 2715 781 2963 826; x_wconf 70' lang='lat' dir='ltr'><strong>extremae</strong></span> <span class='ocrx_word' id='word_1_460' title='bbox 3000 773 3332 826; x_wconf 84' lang='lat' dir='ltr'><strong>necessitatis</strong></span> <span class='ocrx_word' id='word_1_461' title='bbox 3384 785 3497 824; x_wconf 91' lang='lat' dir='ltr'><strong>non</strong></span> <span class='ocrx_word' id='word_1_462' title='bbox 3542 771 3745 836; x_wconf 78' lang='lat' dir='ltr'><strong>obligat</strong></span> 
     </span>
     <span class='ocr_line' id='line_1_74' title="bbox 2242 847 3745 916; baseline -0.002 -15"><span class='ocrx_word' id='word_1_463' title='bbox 2242 850 2473 902; x_wconf 85' lang='lat' dir='ltr'><strong>charitas</strong></span> <span class='ocrx_word' id='word_1_464' title='bbox 2518 851 2585 902; x_wconf 88' lang='lat' dir='ltr'><strong>ad</strong></span> <span class='ocrx_word' id='word_1_465' title='bbox 2626 849 3052 902; x_wconf 80' lang='lat' dir='ltr'><strong>subveniendum</strong></span> <span class='ocrx_word' id='word_1_466' title='bbox 3092 849 3299 916; x_wconf 80' lang='lat' dir='ltr'><strong>privato</strong></span> <span class='ocrx_word' id='word_1_467' title='bbox 3326 847 3579 914; x_wconf 79' lang='lat' dir='ltr'><strong>proximo</strong></span> <span class='ocrx_word' id='word_1_468' title='bbox 3622 861 3745 900; x_wconf 83' lang='lat' dir='ltr'><strong>cum</strong></span> 
     </span>
     <span class='ocr_line' id='line_1_75' title="bbox 2230 925 3317 990; baseline 0 -15"><span class='ocrx_word' id='word_1_469' title='bbox 2230 925 2469 989; x_wconf 83' lang='lat' dir='ltr'><strong>periculo</strong></span> <span class='ocrx_word' id='word_1_470' title='bbox 2499 925 2726 990; x_wconf 84' lang='lat' dir='ltr'><strong>propriae</strong></span> <span class='ocrx_word' id='word_1_471' title='bbox 2748 925 2886 984; x_wconf 85' lang='lat' dir='ltr'><strong>vitae,</strong></span> <span class='ocrx_word' id='word_1_472' title='bbox 2912 925 3061 984; x_wconf 91' lang='lat' dir='ltr'><strong>ibid.‚</strong></span> <span class='ocrx_word' id='word_1_473' title='bbox 3092 939 3242 978; x_wconf 86' lang='lat' dir='ltr'><strong>num.</strong></span> <span class='ocrx_word' id='word_1_474' title='bbox 3270 928 3317 976; x_wconf 90' lang='grc'><strong>4.</strong></span> 
     </span>
    </p>

    <p class='ocr_par' dir='ltr' id='par_1_30' title="bbox 2232 997 3743 1144">
     <span class='ocr_line' id='line_1_76' title="bbox 2232 997 3743 1064; baseline -0.001 -13"><span class='ocrx_word' id='word_1_475' title='bbox 2232 999 2311 1051; x_wconf 79' lang='lat' dir='ltr'><strong>Ad</strong></span> <span class='ocrx_word' id='word_1_476' title='bbox 2344 999 2769 1052; x_wconf 84' lang='lat' dir='ltr'><strong>subveniendum</strong></span> <span class='ocrx_word' id='word_1_477' title='bbox 2814 1000 2957 1054; x_wconf 89' lang='lat' dir='ltr'><strong>bono</strong></span> <span class='ocrx_word' id='word_1_478' title='bbox 3002 1000 3295 1062; x_wconf 83' lang='lat' dir='ltr'><strong>communi,</strong></span> <span class='ocrx_word' id='word_1_479' title='bbox 3334 997 3625 1064; x_wconf 81' lang='lat' dir='ltr'><strong>probabile</strong></span> <span class='ocrx_word' id='word_1_480' title='bbox 3662 1005 3743 1049; x_wconf 86' lang='lat' dir='ltr'><strong>est</strong></span> 
     </span>
     <span class='ocr_line' id='line_1_77' title="bbox 2232 1075 3314 1144; baseline 0 -17"><span class='ocrx_word' id='word_1_481' title='bbox 2232 1076 2478 1128; x_wconf 87' lang='lat' dir='ltr'><strong>sufticere</strong></span> <span class='ocrx_word' id='word_1_482' title='bbox 2510 1077 2878 1129; x_wconf 75' lang='lat' dir='ltr'><strong>necessitatem</strong></span> <span class='ocrx_word' id='word_1_483' title='bbox 2909 1089 3145 1144; x_wconf 80' lang='lat' dir='ltr'><strong>gravem,</strong></span> <span class='ocrx_word' id='word_1_484' title='bbox 3184 1075 3314 1128; x_wconf 89' lang='lat' dir='ltr'><strong>ibid.</strong></span> 
     </span>
    </p>

    <p class='ocr_par' dir='ltr' id='par_1_31' title="bbox 2170 1152 3742 1370">
     <span class='ocr_line' id='line_1_78' title="bbox 2170 1152 3742 1221; baseline -0.002 -17"><span class='ocrx_word' id='word_1_485' title='bbox 2170 1156 2254 1204; x_wconf 88' lang='grc'><strong>14.</strong></span> <span class='ocrx_word' id='word_1_486' title='bbox 2290 1153 2528 1205; x_wconf 84' lang='lat' dir='ltr'><strong>Charitas</strong></span> <span class='ocrx_word' id='word_1_487' title='bbox 2544 1153 2743 1221; x_wconf 73' lang='lat' dir='ltr'><strong>obligat</strong></span> <span class='ocrx_word' id='word_1_488' title='bbox 2766 1153 2923 1205; x_wconf 85' lang='lat' dir='ltr'><strong>etiam</strong></span> <span class='ocrx_word' id='word_1_489' title='bbox 2951 1166 3071 1207; x_wconf 85' lang='lat' dir='ltr'><strong>cum</strong></span> <span class='ocrx_word' id='word_1_490' title='bbox 3096 1153 3293 1206; x_wconf 86' lang='lat' dir='ltr'><strong>damno</strong></span> <span class='ocrx_word' id='word_1_491' title='bbox 3316 1152 3509 1216; x_wconf 83' lang='lat' dir='ltr'><strong>aliquo</strong></span> <span class='ocrx_word' id='word_1_492' title='bbox 3532 1157 3742 1216; x_wconf 87' lang='lat' dir='ltr'><strong>tempo-</strong></span> 
     </span>
     <span class='ocr_line' id='line_1_79' title="bbox 2234 1225 3741 1291; baseline -0.001 -12"><span class='ocrx_word' id='word_1_493' title='bbox 2234 1229 2329 1280; x_wconf 90' lang='lat' dir='ltr'><strong>rali</strong></span> <span class='ocrx_word' id='word_1_494' title='bbox 2350 1229 2419 1280; x_wconf 90' lang='lat' dir='ltr'><strong>ad</strong></span> <span class='ocrx_word' id='word_1_495' title='bbox 2434 1229 2817 1281; x_wconf 81' lang='lat' dir='ltr'><strong>sublevandam</strong></span> <span class='ocrx_word' id='word_1_496' title='bbox 2852 1241 3067 1290; x_wconf 73' lang='lat' dir='ltr'><strong>gravem</strong></span> <span class='ocrx_word' id='word_1_497' title='bbox 3092 1229 3473 1282; x_wconf 81' lang='lat' dir='ltr'><strong>necessitatem</strong></span> <span class='ocrx_word' id='word_1_498' title='bbox 3492 1225 3741 1291; x_wconf 77' lang='lat' dir='ltr'><strong>spiritua-</strong></span> 
     </span>
     <span class='ocr_line' id='line_1_80' title="bbox 2234 1303 2872 1370; baseline -0.002 -15"><span class='ocrx_word' id='word_1_499' title='bbox 2234 1303 2337 1355; x_wconf 88' lang='lat' dir='ltr'><strong>lem</strong></span> <span class='ocrx_word' id='word_1_500' title='bbox 2372 1304 2614 1370; x_wconf 84' lang='lat' dir='ltr'><strong>proximi,</strong></span> <span class='ocrx_word' id='word_1_501' title='bbox 2641 1317 2791 1356; x_wconf 89' lang='lat' dir='ltr'><strong>num.</strong></span> <span class='ocrx_word' id='word_1_502' title='bbox 2826 1311 2872 1355; x_wconf 72' lang='grc'><strong>5.</strong></span> 
     </span>
    </p>

    <p class='ocr_par' dir='ltr' id='par_1_32' title="bbox 2232 1377 3745 1520">
     <span class='ocr_line' id='line_1_81' title="bbox 2232 1377 3745 1444; baseline -0.003 -13"><span class='ocrx_word' id='word_1_503' title='bbox 2232 1381 2387 1431; x_wconf 79' lang='lat' dir='ltr'><strong>Extra</strong></span> <span class='ocrx_word' id='word_1_504' title='bbox 2406 1391 2591 1432; x_wconf 87' lang='lat' dir='ltr'><strong>casum</strong></span> <span class='ocrx_word' id='word_1_505' title='bbox 2615 1379 2734 1432; x_wconf 88' lang='lat' dir='ltr'><strong>talis</strong></span> <span class='ocrx_word' id='word_1_506' title='bbox 2761 1379 3101 1433; x_wconf 85' lang='lat' dir='ltr'><strong>necessitatis</strong></span> <span class='ocrx_word' id='word_1_507' title='bbox 3132 1393 3244 1432; x_wconf 87' lang='lat' dir='ltr'><strong>non</strong></span> <span class='ocrx_word' id='word_1_508' title='bbox 3270 1385 3353 1432; x_wconf 86' lang='lat' dir='ltr'><strong>est</strong></span> <span class='ocrx_word' id='word_1_509' title='bbox 3380 1377 3566 1444; x_wconf 63' lang='lat' dir='ltr'><strong>gras-is</strong></span> <span class='ocrx_word' id='word_1_510' title='bbox 3608 1377 3745 1429; x_wconf 86' lang='lat' dir='ltr'><strong>obli-</strong></span> 
     </span>
     <span class='ocr_line' id='line_1_82' title="bbox 2238 1453 2555 1520; baseline -0.003 -14"><span class='ocrx_word' id='word_1_511' title='bbox 2238 1453 2397 1520; x_wconf 79' lang='lat' dir='ltr'><strong>gatio,</strong></span> <span class='ocrx_word' id='word_1_512' title='bbox 2428 1455 2555 1507; x_wconf 88' lang='lat' dir='ltr'><strong>ibid.</strong></span> 
     </span>
    </p>

    <p class='ocr_par' dir='ltr' id='par_1_33' title="bbox 2175 1529 3747 1748">
     <span class='ocr_line' id='line_1_83' title="bbox 2175 1529 3747 1583; baseline -0.002 0"><span class='ocrx_word' id='word_1_513' title='bbox 2175 1534 2235 1583; x_wconf 78' lang='grc'><strong>15</strong></span> <span class='ocrx_word' id='word_1_514' title='bbox 2287 1531 2565 1583; x_wconf 87' lang='lat' dir='ltr'><strong>Communi</strong></span> <span class='ocrx_word' id='word_1_515' title='bbox 2610 1531 2756 1583; x_wconf 89' lang='lat' dir='ltr'><strong>bono</strong></span> <span class='ocrx_word' id='word_1_516' title='bbox 2802 1529 2855 1582; x_wconf 90' lang='lat' dir='ltr'><strong>in</strong></span> <span class='ocrx_word' id='word_1_517' title='bbox 2896 1537 3129 1582; x_wconf 84' lang='lat' dir='ltr'><strong>extrema</strong></span> <span class='ocrx_word' id='word_1_518' title='bbox 3173 1529 3501 1582; x_wconf 82' lang='lat' dir='ltr'><strong>necessitate</strong></span> <span class='ocrx_word' id='word_1_519' title='bbox 3538 1536 3747 1582; x_wconf 85' lang='lat' dir='ltr'><strong>tenetur</strong></span> 
     </span>
     <span class='ocr_line' id='line_1_84' title="bbox 2236 1605 3745 1672; baseline 0.001 -14"><span class='ocrx_word' id='word_1_520' title='bbox 2236 1607 2464 1672; x_wconf 82' lang='lat' dir='ltr'><strong>quisque</strong></span> <span class='ocrx_word' id='word_1_521' title='bbox 2488 1609 2664 1672; x_wconf 87' lang='lat' dir='ltr'><strong>potius</strong></span> <span class='ocrx_word' id='word_1_522' title='bbox 2695 1606 2750 1658; x_wconf 88' lang='lat' dir='ltr'><strong>in</strong></span> <span class='ocrx_word' id='word_1_523' title='bbox 2785 1607 3194 1672; x_wconf 86' lang='lat' dir='ltr'><strong>temporalibus,</strong></span> <span class='ocrx_word' id='word_1_524' title='bbox 3214 1619 3379 1672; x_wconf 85' lang='lat' dir='ltr'><strong>quam</strong></span> <span class='ocrx_word' id='word_1_525' title='bbox 3406 1606 3516 1659; x_wconf 87' lang='lat' dir='ltr'><strong>sibi</strong></span> <span class='ocrx_word' id='word_1_526' title='bbox 3546 1605 3745 1659; x_wconf 81' lang='lat' dir='ltr'><strong>subve-</strong></span> 
     </span>
     <span class='ocr_line' id='line_1_85' title="bbox 2238 1683 3243 1748; baseline -0.001 -14"><span class='ocrx_word' id='word_1_527' title='bbox 2238 1683 2370 1744; x_wconf 89' lang='lat' dir='ltr'><strong>nire,</strong></span> <span class='ocrx_word' id='word_1_528' title='bbox 2401 1683 2517 1734; x_wconf 89' lang='lat' dir='ltr'><strong>ead.</strong></span> <span class='ocrx_word' id='word_1_529' title='bbox 2555 1683 2697 1748; x_wconf 88' lang='lat' dir='ltr'><strong>disp.</strong></span> <span class='ocrx_word' id='word_1_530' title='bbox 2716 1688 2773 1744; x_wconf 81' lang='grc'>9,</span> <span class='ocrx_word' id='word_1_531' title='bbox 2791 1689 2920 1734; x_wconf 89' lang='lat' dir='ltr'><strong>sect.</strong></span> <span class='ocrx_word' id='word_1_532' title='bbox 2949 1687 2997 1742; x_wconf 81' lang='grc'>3,</span> <span class='ocrx_word' id='word_1_533' title='bbox 3018 1695 3169 1734; x_wconf 88' lang='lat' dir='ltr'><strong>num.</strong></span> <span class='ocrx_word' id='word_1_534' title='bbox 3194 1686 3243 1733; x_wconf 90' lang='grc'><strong>1.</strong></span> 
     </span>
    </p>

    <p class='ocr_par' dir='ltr' id='par_1_34' title="bbox 2237 1757 3337 1824">
     <span class='ocr_line' id='line_1_86' title="bbox 2237 1757 3337 1824; baseline 0 -16"><span class='ocrx_word' id='word_1_535' title='bbox 2237 1761 2345 1811; x_wconf 76' lang='lat' dir='ltr'><strong>Non</strong></span> <span class='ocrx_word' id='word_1_536' title='bbox 2374 1767 2554 1810; x_wconf 88' lang='lat' dir='ltr'><strong>autem</strong></span> <span class='ocrx_word' id='word_1_537' title='bbox 2583 1759 2636 1810; x_wconf 92' lang='lat' dir='ltr'><strong>in</strong></span> <span class='ocrx_word' id='word_1_538' title='bbox 2674 1758 2988 1824; x_wconf 85' lang='lat' dir='ltr'><strong>necessitate</strong></span> <span class='ocrx_word' id='word_1_539' title='bbox 3013 1758 3177 1824; x_wconf 75' lang='lat' dir='ltr'><strong>gravi.</strong></span> <span class='ocrx_word' id='word_1_540' title='bbox 3208 1757 3337 1809; x_wconf 88' lang='lat' dir='ltr'><strong>ibid.</strong></span> 
     </span>
    </p>

    <p class='ocr_par' dir='ltr' id='par_1_35' title="bbox 2172 1829 3742 2037">
     <span class='ocr_line' id='line_1_87' title="bbox 2172 1829 3742 1899; baseline -0.003 -14"><span class='ocrx_word' id='word_1_541' title='bbox 2172 1839 2247 1885; x_wconf 78' lang='grc'><strong>16.</strong></span> <span class='ocrx_word' id='word_1_542' title='bbox 2279 1835 2335 1885; x_wconf 85' lang='lat' dir='ltr'><strong>ln</strong></span> <span class='ocrx_word' id='word_1_543' title='bbox 2361 1847 2697 1899; x_wconf 81' lang='lat' dir='ltr'><strong>quacumque</strong></span> <span class='ocrx_word' id='word_1_544' title='bbox 2716 1831 2981 1899; x_wconf 88' lang='lat' dir='ltr'><strong>corporali</strong></span> <span class='ocrx_word' id='word_1_545' title='bbox 3010 1833 3322 1885; x_wconf 90' lang='lat' dir='ltr'><strong>necessitate</strong></span> <span class='ocrx_word' id='word_1_546' title='bbox 3342 1829 3541 1897; x_wconf 77' lang='lat' dir='ltr'><strong>aequati</strong></span> <span class='ocrx_word' id='word_1_547' title='bbox 3568 1835 3742 1895; x_wconf 84' lang='lat' dir='ltr'><strong>potest</strong></span> 
     </span>
     <span class='ocr_line' id='line_1_88' title="bbox 2232 1906 3741 1975; baseline -0.002 -14"><span class='ocrx_word' id='word_1_548' title='bbox 2232 1909 2459 1975; x_wconf 82' lang='lat' dir='ltr'><strong>quisque</strong></span> <span class='ocrx_word' id='word_1_549' title='bbox 2482 1909 2584 1962; x_wconf 90' lang='lat' dir='ltr'><strong>sibi</strong></span> <span class='ocrx_word' id='word_1_550' title='bbox 2618 1909 2793 1975; x_wconf 90' lang='lat' dir='ltr'><strong>potius</strong></span> <span class='ocrx_word' id='word_1_551' title='bbox 2816 1922 2979 1974; x_wconf 88' lang='lat' dir='ltr'><strong>quam</strong></span> <span class='ocrx_word' id='word_1_552' title='bbox 3016 1908 3169 1960; x_wconf 84' lang='lat' dir='ltr'><strong>alteri</strong></span> <span class='ocrx_word' id='word_1_553' title='bbox 3202 1907 3411 1973; x_wconf 84' lang='lat' dir='ltr'><strong>privato</strong></span> <span class='ocrx_word' id='word_1_554' title='bbox 3428 1906 3741 1966; x_wconf 78' lang='lat' dir='ltr'><strong>subvenire,</strong></span> 
     </span>
     <span class='ocr_line' id='line_1_89' title="bbox 2235 1989 2456 2037; baseline 0 0"><span class='ocrx_word' id='word_1_555' title='bbox 2235 1999 2381 2037; x_wconf 89' lang='lat' dir='ltr'><strong>num.</strong></span> <span class='ocrx_word' id='word_1_556' title='bbox 2410 1989 2456 2037; x_wconf 77' lang='lat'><strong>2.</strong></span> 
     </span>
    </p>

    <p class='ocr_par' dir='ltr' id='par_1_36' title="bbox 2232 2057 3327 2124">
     <span class='ocr_line' id='line_1_90' title="bbox 2232 2057 3327 2124; baseline -0.005 -10"><span class='ocrx_word' id='word_1_557' title='bbox 2232 2061 2366 2123; x_wconf 86' lang='lat' dir='ltr'><strong>Quid</strong></span> <span class='ocrx_word' id='word_1_558' title='bbox 2388 2061 2432 2112; x_wconf 90' lang='lat' dir='ltr'><strong>si</strong></span> <span class='ocrx_word' id='word_1_559' title='bbox 2458 2061 2752 2113; x_wconf 84' lang='lat' dir='ltr'><strong>necessitas</strong></span> <span class='ocrx_word' id='word_1_560' title='bbox 2780 2059 3174 2124; x_wconf 68' lang='lat' dir='ltr'><strong>autumnalis,</strong></span> <span class='ocrx_word' id='word_1_561' title='bbox 3199 2057 3327 2110; x_wconf 89' lang='lat' dir='ltr'><strong>ibid.</strong></span> 
     </span>
    </p>

    <p class='ocr_par' dir='ltr' id='par_1_37' title="bbox 2172 2137 3743 2504">
     <span class='ocr_line' id='line_1_91' title="bbox 2172 2137 3738 2191; baseline -0.002 -3"><span class='ocrx_word' id='word_1_562' title='bbox 2172 2142 2247 2188; x_wconf 78' lang='grc'><strong>17.</strong></span> <span class='ocrx_word' id='word_1_563' title='bbox 2286 2139 2343 2190; x_wconf 87' lang='lat' dir='ltr'><strong>ln</strong></span> <span class='ocrx_word' id='word_1_564' title='bbox 2375 2137 2691 2191; x_wconf 82' lang='lat' dir='ltr'><strong>necessitate</strong></span> <span class='ocrx_word' id='word_1_565' title='bbox 2734 2137 2895 2189; x_wconf 85' lang='lat' dir='ltr'><strong>etiam</strong></span> <span class='ocrx_word' id='word_1_566' title='bbox 2940 2144 3175 2190; x_wconf 81' lang='lat' dir='ltr'><strong>extrema</strong></span> <span class='ocrx_word' id='word_1_567' title='bbox 3218 2139 3337 2188; x_wconf 78' lang='lat' dir='ltr'><strong>vitoe</strong></span> <span class='ocrx_word' id='word_1_568' title='bbox 3366 2146 3480 2187; x_wconf 79' lang='lat' dir='ltr'><strong>uon</strong></span> <span class='ocrx_word' id='word_1_569' title='bbox 3526 2141 3738 2186; x_wconf 84' lang='lat' dir='ltr'><strong>tenetur</strong></span> 
     </span>
     <span class='ocr_line' id='line_1_92' title="bbox 2232 2211 3743 2278; baseline -0.003 -12"><span class='ocrx_word' id='word_1_570' title='bbox 2232 2213 2389 2266; x_wconf 89' lang='lat' dir='ltr'><strong>etiam</strong></span> <span class='ocrx_word' id='word_1_571' title='bbox 2407 2214 2527 2278; x_wconf 85' lang='lat' dir='ltr'><strong>quis</strong></span> <span class='ocrx_word' id='word_1_572' title='bbox 2546 2227 2611 2266; x_wconf 88' lang='lat' dir='ltr'><strong>ex</strong></span> <span class='ocrx_word' id='word_1_573' title='bbox 2632 2213 2893 2266; x_wconf 82' lang='lat' dir='ltr'><strong>charitate</strong></span> <span class='ocrx_word' id='word_1_574' title='bbox 2912 2212 3014 2264; x_wconf 91' lang='lat' dir='ltr'><strong>sibi</strong></span> <span class='ocrx_word' id='word_1_575' title='bbox 3035 2212 3211 2278; x_wconf 85' lang='lat' dir='ltr'><strong>potius</strong></span> <span class='ocrx_word' id='word_1_576' title='bbox 3232 2223 3395 2276; x_wconf 83' lang='lat' dir='ltr'><strong>quam</strong></span> <span class='ocrx_word' id='word_1_577' title='bbox 3408 2211 3587 2263; x_wconf 85' lang='lat' dir='ltr'><strong>amico</strong></span> <span class='ocrx_word' id='word_1_578' title='bbox 3616 2221 3743 2274; x_wconf 83' lang='lat' dir='ltr'><strong>pro-</strong></span> 
     </span>
     <span class='ocr_line' id='line_1_93' title="bbox 2236 2288 3346 2348; baseline 0.001 -11"><span class='ocrx_word' id='word_1_579' title='bbox 2236 2290 2377 2340; x_wconf 85' lang='lat' dir='ltr'><strong>ximo</strong></span> <span class='ocrx_word' id='word_1_580' title='bbox 2407 2289 2713 2348; x_wconf 84' lang='lat' dir='ltr'><strong>subvenire,</strong></span> <span class='ocrx_word' id='word_1_581' title='bbox 2734 2288 2853 2340; x_wconf 89' lang='lat' dir='ltr'><strong>ead.</strong></span> <span class='ocrx_word' id='word_1_582' title='bbox 2888 2295 3019 2340; x_wconf 86' lang='lat' dir='ltr'><strong>sect.</strong></span> <span class='ocrx_word' id='word_1_583' title='bbox 3045 2291 3093 2348; x_wconf 77' lang='lat'><strong>3,</strong></span> <span class='ocrx_word' id='word_1_584' title='bbox 3127 2300 3273 2338; x_wconf 90' lang='lat' dir='ltr'><strong>num.</strong></span> <span class='ocrx_word' id='word_1_585' title='bbox 3298 2291 3346 2338; x_wconf 73' lang='lat'><strong>8.</strong></span> 
     </span>
     <span class='ocr_line' id='line_1_94' title="bbox 2234 2361 3739 2429; baseline -0.004 -13"><span class='ocrx_word' id='word_1_586' title='bbox 2234 2365 2346 2416; x_wconf 89' lang='lat' dir='ltr'><strong>lmo</strong></span> <span class='ocrx_word' id='word_1_587' title='bbox 2364 2377 2463 2416; x_wconf 89' lang='lat' dir='ltr'><strong>nec</strong></span> <span class='ocrx_word' id='word_1_588' title='bbox 2486 2364 2661 2429; x_wconf 90' lang='lat' dir='ltr'><strong>potius</strong></span> <span class='ocrx_word' id='word_1_589' title='bbox 2682 2363 2784 2416; x_wconf 89' lang='lat' dir='ltr'><strong>sibi</strong></span> <span class='ocrx_word' id='word_1_590' title='bbox 2806 2377 2968 2428; x_wconf 86' lang='lat' dir='ltr'><strong>quarn</strong></span> <span class='ocrx_word' id='word_1_591' title='bbox 3002 2364 3240 2429; x_wconf 80' lang='lat' dir='ltr'><strong>proximo</strong></span> <span class='ocrx_word' id='word_1_592' title='bbox 3260 2375 3369 2414; x_wconf 88' lang='lat' dir='ltr'><strong>non</strong></span> <span class='ocrx_word' id='word_1_593' title='bbox 3402 2361 3603 2422; x_wconf 85' lang='lat' dir='ltr'><strong>amico,</strong></span> <span class='ocrx_word' id='word_1_594' title='bbox 3642 2375 3697 2412; x_wconf 85' lang='lat' dir='ltr'><strong>n.</strong></span> <span class='ocrx_word' id='word_1_595' title='bbox 3714 2366 3739 2410; x_wconf 78' lang='grc'><strong>4</strong></span> 
     </span>
     <span class='ocr_line' id='line_1_95' title="bbox 2240 2445 2555 2504; baseline -0.006 -12"><span class='ocrx_word' id='word_1_596' title='bbox 2240 2445 2292 2492; x_wconf 87' lang='lat' dir='ltr'><strong>et</strong></span> <span class='ocrx_word' id='word_1_597' title='bbox 2314 2447 2555 2504; x_wconf 83' lang='lat' dir='ltr'><strong>sequent.</strong></span> 
     </span>
    </p>

    <p class='ocr_par' dir='ltr' id='par_1_38' title="bbox 2240 2513 3741 2658">
     <span class='ocr_line' id='line_1_96' title="bbox 2240 2513 3741 2581; baseline -0.002 -15"><span class='ocrx_word' id='word_1_598' title='bbox 2240 2516 2401 2567; x_wconf 86' lang='lat' dir='ltr'><strong>Sceus</strong></span> <span class='ocrx_word' id='word_1_599' title='bbox 2421 2515 2467 2566; x_wconf 92' lang='lat' dir='ltr'><strong>si</strong></span> <span class='ocrx_word' id='word_1_600' title='bbox 2490 2513 2778 2568; x_wconf 88' lang='lat' dir='ltr'><strong>intercedat</strong></span> <span class='ocrx_word' id='word_1_601' title='bbox 2796 2515 3051 2581; x_wconf 81' lang='lat' dir='ltr'><strong>obligatio</strong></span> <span class='ocrx_word' id='word_1_602' title='bbox 3070 2514 3283 2580; x_wconf 78' lang='lat' dir='ltr'><strong>justitiae</strong></span> <span class='ocrx_word' id='word_1_603' title='bbox 3304 2520 3393 2567; x_wconf 89' lang='lat' dir='ltr'><strong>aut</strong></span> <span class='ocrx_word' id='word_1_604' title='bbox 3418 2514 3654 2578; x_wconf 88' lang='lat' dir='ltr'><strong>pietatis,</strong></span> <span class='ocrx_word' id='word_1_605' title='bbox 3676 2513 3741 2564; x_wconf 88' lang='lat' dir='ltr'><strong>ad</strong></span> 
     </span>
     <span class='ocr_line' id='line_1_97' title="bbox 2245 2589 3327 2658; baseline -0.003 -13"><span class='ocrx_word' id='word_1_606' title='bbox 2245 2593 2672 2646; x_wconf 85' lang='lat' dir='ltr'><strong>conservandam</strong></span> <span class='ocrx_word' id='word_1_607' title='bbox 2704 2593 2973 2658; x_wconf 88' lang='lat' dir='ltr'><strong>propriam</strong></span> <span class='ocrx_word' id='word_1_608' title='bbox 2999 2592 3159 2644; x_wconf 81' lang='lat' dir='ltr'><strong>vitam</strong></span> <span class='ocrx_word' id='word_1_609' title='bbox 3176 2589 3327 2650; x_wconf 67' lang='lat' dir='ltr'><strong>‚ibid</strong></span> 
     </span>
    </p>

    <p class='ocr_par' dir='ltr' id='par_1_39' title="bbox 2179 2665 3737 2809">
     <span class='ocr_line' id='line_1_98' title="bbox 2179 2665 3737 2732; baseline -0.003 -13"><span class='ocrx_word' id='word_1_610' title='bbox 2179 2673 2255 2720; x_wconf 87' lang='grc'><strong>18.</strong></span> <span class='ocrx_word' id='word_1_611' title='bbox 2294 2669 2405 2720; x_wconf 86' lang='lat' dir='ltr'><strong>Non</strong></span> <span class='ocrx_word' id='word_1_612' title='bbox 2432 2668 2550 2720; x_wconf 90' lang='lat' dir='ltr'><strong>licet</strong></span> <span class='ocrx_word' id='word_1_613' title='bbox 2574 2669 2847 2732; x_wconf 88' lang='lat' dir='ltr'><strong>cooperari</strong></span> <span class='ocrx_word' id='word_1_614' title='bbox 2874 2667 3097 2732; x_wconf 84' lang='lat' dir='ltr'><strong>positive</strong></span> <span class='ocrx_word' id='word_1_615' title='bbox 3114 2667 3185 2720; x_wconf 85' lang='lat' dir='ltr'><strong>ad</strong></span> <span class='ocrx_word' id='word_1_616' title='bbox 3213 2665 3486 2731; x_wconf 87' lang='lat' dir='ltr'><strong>propriam</strong></span> <span class='ocrx_word' id='word_1_617' title='bbox 3510 2671 3737 2717; x_wconf 87' lang='lat' dir='ltr'><strong>mortem</strong></span> 
     </span>
     <span class='ocr_line' id='line_1_99' title="bbox 2242 2743 3417 2809; baseline -0.006 -12"><span class='ocrx_word' id='word_1_618' title='bbox 2242 2745 2311 2797; x_wconf 89' lang='lat' dir='ltr'><strong>ob</strong></span> <span class='ocrx_word' id='word_1_619' title='bbox 2335 2747 2579 2809; x_wconf 83' lang='lat' dir='ltr'><strong>quemvis</strong></span> <span class='ocrx_word' id='word_1_620' title='bbox 2608 2743 2767 2796; x_wconf 87' lang='lat' dir='ltr'><strong>alium</strong></span> <span class='ocrx_word' id='word_1_621' title='bbox 2800 2743 3155 2801; x_wconf 82' lang='lat' dir='ltr'><strong>liberandum.</strong></span> <span class='ocrx_word' id='word_1_622' title='bbox 3188 2755 3336 2794; x_wconf 86' lang='lat' dir='ltr'><strong>num.</strong></span> <span class='ocrx_word' id='word_1_623' title='bbox 3370 2743 3417 2790; x_wconf 80' lang='lat'><strong>7.</strong></span> 
     </span>
    </p>

    <p class='ocr_par' dir='ltr' id='par_1_40' title="bbox 2176 2815 3741 3109">
     <span class='ocr_line' id='line_1_100' title="bbox 2177 2815 3741 2885; baseline -0.004 -14"><span class='ocrx_word' id='word_1_624' title='bbox 2177 2824 2255 2872; x_wconf 84' lang='lat'><strong>17.</strong></span> <span class='ocrx_word' id='word_1_625' title='bbox 2288 2820 2427 2872; x_wconf 81' lang='lat' dir='ltr'><strong>Varii</strong></span> <span class='ocrx_word' id='word_1_626' title='bbox 2474 2819 2867 2884; x_wconf 79' lang='lat' dir='ltr'><strong>eonJunctionis</strong></span> <span class='ocrx_word' id='word_1_627' title='bbox 2896 2819 3092 2885; x_wconf 80' lang='lat' dir='ltr'><strong>gradus</strong></span> <span class='ocrx_word' id='word_1_628' title='bbox 3125 2824 3430 2882; x_wconf 87' lang='lat' dir='ltr'><strong>spectantes</strong></span> <span class='ocrx_word' id='word_1_629' title='bbox 3472 2816 3545 2868; x_wconf 85' lang='lat' dir='ltr'><strong>ad</strong></span> <span class='ocrx_word' id='word_1_630' title='bbox 3592 2815 3741 2867; x_wconf 87' lang='lat' dir='ltr'><strong>ordi-</strong></span> 
     </span>
     <span class='ocr_line' id='line_1_101' title="bbox 2241 2893 3679 2959; baseline -0.004 -13"><span class='ocrx_word' id='word_1_631' title='bbox 2241 2908 2362 2948; x_wconf 89' lang='lat' dir='ltr'><strong>nem</strong></span> <span class='ocrx_word' id='word_1_632' title='bbox 2390 2895 2690 2957; x_wconf 79' lang='lat' dir='ltr'><strong>ebaritatiS‚</strong></span> <span class='ocrx_word' id='word_1_633' title='bbox 2714 2901 2864 2947; x_wconf 86' lang='lat' dir='ltr'><strong>tract.</strong></span> <span class='ocrx_word' id='word_1_634' title='bbox 2885 2898 2933 2956; x_wconf 79' lang='lat'><strong>8,</strong></span> <span class='ocrx_word' id='word_1_635' title='bbox 2968 2893 3105 2959; x_wconf 90' lang='lat' dir='ltr'><strong>disp.</strong></span> <span class='ocrx_word' id='word_1_636' title='bbox 3140 2899 3187 2956; x_wconf 87' lang='grc'>9,</span> <span class='ocrx_word' id='word_1_637' title='bbox 3218 2899 3347 2946; x_wconf 85' lang='lat' dir='ltr'><strong>sect.</strong></span> <span class='ocrx_word' id='word_1_638' title='bbox 3378 2897 3425 2952; x_wconf 84' lang='lat'><strong>⁴,</strong></span> <span class='ocrx_word' id='word_1_639' title='bbox 3451 2905 3603 2944; x_wconf 86' lang='lat' dir='ltr'><strong>num.</strong></span> <span class='ocrx_word' id='word_1_640' title='bbox 3634 2896 3679 2940; x_wconf 89' lang='lat' dir='ltr'><strong>¹t.</strong></span> 
     </span>
     <span class='ocr_line' id='line_1_102' title="bbox 2176 2967 3738 3036; baseline -0.004 -14"><span class='ocrx_word' id='word_1_641' title='bbox 2176 2975 2255 3022; x_wconf 72' lang='lat'><strong>20.</strong></span> <span class='ocrx_word' id='word_1_642' title='bbox 2291 2970 2572 3022; x_wconf 81' lang='lat' dir='ltr'><strong>Chat-itatis</strong></span> <span class='ocrx_word' id='word_1_643' title='bbox 2614 2979 2935 3036; x_wconf 81' lang='lat' dir='ltr'><strong>praeceptum</strong></span> <span class='ocrx_word' id='word_1_644' title='bbox 2986 2969 3189 3033; x_wconf 72' lang='lat' dir='ltr'><strong>obligat</strong></span> <span class='ocrx_word' id='word_1_645' title='bbox 3236 2969 3469 3032; x_wconf 77' lang='lat' dir='ltr'><strong>graviter</strong></span> <span class='ocrx_word' id='word_1_646' title='bbox 3514 2967 3585 3018; x_wconf 89' lang='lat' dir='ltr'><strong>ad</strong></span> <span class='ocrx_word' id='word_1_647' title='bbox 3626 2979 3738 3018; x_wconf 87' lang='lat' dir='ltr'><strong>ser-</strong></span> 
     </span>
     <span class='ocr_line' id='line_1_103' title="bbox 2238 3041 3735 3109; baseline -0.003 -13"><span class='ocrx_word' id='word_1_648' title='bbox 2238 3046 2470 3098; x_wconf 85' lang='lat' dir='ltr'><strong>vandum</strong></span> <span class='ocrx_word' id='word_1_649' title='bbox 2508 3045 2752 3098; x_wconf 86' lang='lat' dir='ltr'><strong>ordinem</strong></span> <span class='ocrx_word' id='word_1_650' title='bbox 2782 3046 2835 3096; x_wconf 90' lang='lat' dir='ltr'><strong>in</strong></span> <span class='ocrx_word' id='word_1_651' title='bbox 2866 3044 3151 3098; x_wconf 88' lang='lat' dir='ltr'><strong>dilectione</strong></span> <span class='ocrx_word' id='word_1_652' title='bbox 3172 3045 3561 3109; x_wconf 86' lang='lat' dir='ltr'><strong>proximorum,</strong></span> <span class='ocrx_word' id='word_1_653' title='bbox 3592 3041 3735 3102; x_wconf 78' lang='lat' dir='ltr'><strong>ibid,</strong></span> 
     </span>
    </p>

    <p class='ocr_par' dir='ltr' id='par_1_41' title="bbox 2238 3125 2546 3180">
     <span class='ocr_line' id='line_1_104' title="bbox 2238 3125 2546 3180; baseline -0.003 -7"><span class='ocrx_word' id='word_1_654' title='bbox 2238 3135 2386 3173; x_wconf 90' lang='lat' dir='ltr'><strong>num.</strong></span> <span class='ocrx_word' id='word_1_655' title='bbox 2418 3125 2466 3180; x_wconf 76' lang='grc' dir='ltr'>Ξ,</span> <span class='ocrx_word' id='word_1_656' title='bbox 2500 3127 2546 3172; x_wconf 76' lang='grc'><strong>3.</strong></span> 
     </span>
    </p>

    <p class='ocr_par' dir='ltr' id='par_1_42' title="bbox 2173 3191 3737 3326">
     <span class='ocr_line' id='line_1_105' title="bbox 2173 3191 3737 3264; baseline -0.005 -16"><span class='ocrx_word' id='word_1_657' title='bbox 2173 3203 2251 3249; x_wconf 74' lang='lat'><strong>21.</strong></span> <span class='ocrx_word' id='word_1_658' title='bbox 2271 3197 2481 3250; x_wconf 81' lang='lat' dir='ltr'><strong>Caeteris</strong></span> <span class='ocrx_word' id='word_1_659' title='bbox 2502 3195 3064 3264; x_wconf 76' lang='lat' dir='ltr'><strong>paribuS,p1aeferendi</strong></span> <span class='ocrx_word' id='word_1_660' title='bbox 3082 3202 3207 3248; x_wconf 88' lang='lat' dir='ltr'><strong>sunt</strong></span> <span class='ocrx_word' id='word_1_661' title='bbox 3227 3193 3503 3260; x_wconf 82' lang='lat' dir='ltr'><strong>conjuncti</strong></span> <span class='ocrx_word' id='word_1_662' title='bbox 3532 3191 3737 3251; x_wconf 86' lang='lat' dir='ltr'><strong>alienis,</strong></span> 
     </span>
     <span class='ocr_line' id='line_1_106' title="bbox 2238 3278 2459 3326; baseline 0 0"><span class='ocrx_word' id='word_1_663' title='bbox 2238 3287 2384 3326; x_wconf 89' lang='lat' dir='ltr'><strong>num.</strong></span> <span class='ocrx_word' id='word_1_664' title='bbox 2413 3278 2459 3326; x_wconf 91' lang='grc'><strong>4.</strong></span> 
     </span>
    </p>

    <p class='ocr_par' dir='ltr' id='par_1_43' title="bbox 2232 3347 3393 3416">
     <span class='ocr_line' id='line_1_107' title="bbox 2232 3347 3393 3416; baseline -0.004 -14"><span class='ocrx_word' id='word_1_665' title='bbox 2232 3351 2304 3402; x_wconf 84' lang='lat' dir='ltr'><strong>Ex</strong></span> <span class='ocrx_word' id='word_1_666' title='bbox 2322 3351 2619 3414; x_wconf 87' lang='lat' dir='ltr'><strong>conjunctis</strong></span> <span class='ocrx_word' id='word_1_667' title='bbox 2650 3349 2821 3416; x_wconf 79' lang='lat' dir='ltr'><strong>magis</strong></span> <span class='ocrx_word' id='word_1_668' title='bbox 2848 3347 3135 3413; x_wconf 77' lang='lat' dir='ltr'><strong>conjuncti.</strong></span> <span class='ocrx_word' id='word_1_669' title='bbox 3169 3360 3315 3398; x_wconf 88' lang='lat' dir='ltr'><strong>num.</strong></span> <span class='ocrx_word' id='word_1_670' title='bbox 3345 3352 3393 3398; x_wconf 73' lang='lat'><strong>5.</strong></span> 
     </span>
    </p>

    <p class='ocr_par' dir='ltr' id='par_1_44' title="bbox 2170 3419 3735 3555">
     <span class='ocr_line' id='line_1_108' title="bbox 2170 3419 3735 3488; baseline -0.005 -11"><span class='ocrx_word' id='word_1_671' title='bbox 2170 3430 2248 3478; x_wconf 76' lang='lat'><strong>22.</strong></span> <span class='ocrx_word' id='word_1_672' title='bbox 2287 3427 2437 3479; x_wconf 68' lang='lat' dir='ltr'><strong>Pater</strong></span> <span class='ocrx_word' id='word_1_673' title='bbox 2480 3439 2549 3478; x_wconf 89' lang='lat' dir='ltr'><strong>an</strong></span> <span class='ocrx_word' id='word_1_674' title='bbox 2588 3427 2640 3478; x_wconf 90' lang='lat' dir='ltr'><strong>in</strong></span> <span class='ocrx_word' id='word_1_675' title='bbox 2677 3425 2787 3477; x_wconf 88' lang='lat' dir='ltr'><strong>filio</strong></span> <span class='ocrx_word' id='word_1_676' title='bbox 2822 3425 3109 3477; x_wconf 86' lang='lat' dir='ltr'><strong>dilectione</strong></span> <span class='ocrx_word' id='word_1_677' title='bbox 3144 3420 3544 3488; x_wconf 70' lang='lat' dir='ltr'><strong>praeferendus,</strong></span> <span class='ocrx_word' id='word_1_678' title='bbox 3590 3419 3735 3480; x_wconf 73' lang='lat' dir='ltr'><strong>ibid..</strong></span> 
     </span>
     <span class='ocr_line' id='line_1_109' title="bbox 2234 3506 2581 3555; baseline -0.012 0"><span class='ocrx_word' id='word_1_679' title='bbox 2234 3516 2382 3555; x_wconf 86' lang='lat' dir='ltr'><strong>num.</strong></span> <span class='ocrx_word' id='word_1_680' title='bbox 2408 3507 2435 3552; x_wconf 84' lang='grc'><strong>6</strong></span> <span class='ocrx_word' id='word_1_681' title='bbox 2456 3510 2509 3555; x_wconf 84' lang='lat' dir='ltr'><strong>et</strong></span> <span class='ocrx_word' id='word_1_682' title='bbox 2533 3506 2581 3552; x_wconf 81' lang='lat'><strong>7.</strong></span> 
     </span>
    </p>

    <p class='ocr_par' dir='ltr' id='par_1_45' title="bbox 2232 3578 3236 3710">
     <span class='ocr_line' id='line_1_110' title="bbox 2232 3578 2771 3638; baseline 0 -8"><span class='ocrx_word' id='word_1_683' title='bbox 2232 3582 2309 3630; x_wconf 73' lang='lat' dir='ltr'><strong>An</strong></span> <span class='ocrx_word' id='word_1_684' title='bbox 2347 3578 2523 3638; x_wconf 85' lang='lat' dir='ltr'><strong>matri,</strong></span> <span class='ocrx_word' id='word_1_685' title='bbox 2552 3591 2699 3630; x_wconf 90' lang='lat' dir='ltr'><strong>num.</strong></span> <span class='ocrx_word' id='word_1_686' title='bbox 2726 3583 2771 3631; x_wconf 86' lang='lat'><strong>8.</strong></span> 
     </span>
     <span class='ocr_line' id='line_1_111' title="bbox 2232 3653 3236 3710; baseline -0.007 -2"><span class='ocrx_word' id='word_1_687' title='bbox 2232 3659 2309 3708; x_wconf 79' lang='lat' dir='ltr'><strong>An</strong></span> <span class='ocrx_word' id='word_1_688' title='bbox 2332 3655 2636 3707; x_wconf 81' lang='lat' dir='ltr'><strong>benefactor</strong></span> <span class='ocrx_word' id='word_1_689' title='bbox 2658 3653 2995 3710; x_wconf 80' lang='lat' dir='ltr'><strong>beneficiato.</strong></span> <span class='ocrx_word' id='word_1_690' title='bbox 3016 3665 3167 3706; x_wconf 85' lang='lat' dir='ltr'><strong>num.</strong></span> <span class='ocrx_word' id='word_1_691' title='bbox 3188 3656 3236 3702; x_wconf 85' lang='grc'><strong>9.</strong></span> 
     </span>
    </p>

    <p class='ocr_par' dir='ltr' id='par_1_46' title="bbox 2168 3721 3735 4018">
     <span class='ocr_line' id='line_1_112' title="bbox 2168 3721 3731 3794; baseline -0.006 -11"><span class='ocrx_word' id='word_1_692' title='bbox 2168 3737 2249 3783; x_wconf 74' lang='lat'><strong>2³.</strong></span> <span class='ocrx_word' id='word_1_693' title='bbox 2284 3729 2557 3794; x_wconf 82' lang='lat' dir='ltr'><strong>conjuncti</strong></span> <span class='ocrx_word' id='word_1_694' title='bbox 2602 3731 2657 3781; x_wconf 91' lang='lat' dir='ltr'><strong>in</strong></span> <span class='ocrx_word' id='word_1_695' title='bbox 2698 3738 2843 3781; x_wconf 83' lang='lat' dir='ltr'><strong>certo</strong></span> <span class='ocrx_word' id='word_1_696' title='bbox 2882 3729 3061 3792; x_wconf 85' lang='lat' dir='ltr'><strong>aliquo</strong></span> <span class='ocrx_word' id='word_1_697' title='bbox 3104 3723 3499 3790; x_wconf 79' lang='lat' dir='ltr'><strong>conjunctionis</strong></span> <span class='ocrx_word' id='word_1_698' title='bbox 3540 3721 3731 3788; x_wconf 83' lang='lat' dir='ltr'><strong>gradu,</strong></span> 
     </span>
     <span class='ocr_line' id='line_1_113' title="bbox 2232 3803 3735 3872; baseline -0.007 -13"><span class='ocrx_word' id='word_1_699' title='bbox 2232 3807 2544 3872; x_wconf 88' lang='lat' dir='ltr'><strong>praeferendi</strong></span> <span class='ocrx_word' id='word_1_700' title='bbox 2570 3813 2695 3858; x_wconf 90' lang='lat' dir='ltr'><strong>sunt</strong></span> <span class='ocrx_word' id='word_1_701' title='bbox 2718 3818 2827 3857; x_wconf 92' lang='lat' dir='ltr'><strong>non</strong></span> <span class='ocrx_word' id='word_1_702' title='bbox 2848 3805 3043 3869; x_wconf 75' lang='lat' dir='ltr'><strong>junctis</strong></span> <span class='ocrx_word' id='word_1_703' title='bbox 3072 3803 3125 3854; x_wconf 88' lang='lat' dir='ltr'><strong>in</strong></span> <span class='ocrx_word' id='word_1_704' title='bbox 3144 3804 3331 3856; x_wconf 88' lang='lat' dir='ltr'><strong>eodem</strong></span> <span class='ocrx_word' id='word_1_705' title='bbox 3352 3813 3576 3868; x_wconf 79' lang='lat' dir='ltr'><strong>genere,</strong></span> <span class='ocrx_word' id='word_1_706' title='bbox 3594 3813 3735 3863; x_wconf 61' lang='lat' dir='ltr'><strong>‹iuu-</strong></span> 
     </span>
     <span class='ocr_line' id='line_1_114' title="bbox 2232 3876 3735 3949; baseline -0.006 -15"><span class='ocrx_word' id='word_1_707' title='bbox 2232 3884 2300 3934; x_wconf 88' lang='lat' dir='ltr'><strong>ad</strong></span> <span class='ocrx_word' id='word_1_708' title='bbox 2346 3895 2429 3936; x_wconf 90' lang='lat' dir='ltr'><strong>res</strong></span> <span class='ocrx_word' id='word_1_709' title='bbox 2468 3882 2537 3934; x_wconf 88' lang='lat' dir='ltr'><strong>ad</strong></span> <span class='ocrx_word' id='word_1_710' title='bbox 2566 3881 2699 3934; x_wconf 86' lang='lat' dir='ltr'><strong>illud</strong></span> <span class='ocrx_word' id='word_1_711' title='bbox 2728 3893 2900 3949; x_wconf 79' lang='lat' dir='ltr'><strong>genus</strong></span> <span class='ocrx_word' id='word_1_712' title='bbox 2938 3879 3334 3944; x_wconf 82' lang='lat' dir='ltr'><strong>conjunctionis</strong></span> <span class='ocrx_word' id='word_1_713' title='bbox 3388 3876 3735 3942; x_wconf 71' lang='lat' dir='ltr'><strong>pertinentes,</strong></span> 
     </span>
     <span class='ocr_line' id='line_1_115' title="bbox 2235 3959 2679 4018; baseline -0.005 -8"><span class='ocrx_word' id='word_1_714' title='bbox 2235 3959 2387 4018; x_wconf 83' lang='lat' dir='ltr'><strong>ibid..</strong></span> <span class='ocrx_word' id='word_1_715' title='bbox 2420 3972 2565 4010; x_wconf 88' lang='lat' dir='ltr'><strong>num.</strong></span> <span class='ocrx_word' id='word_1_716' title='bbox 2600 3960 2679 4008; x_wconf 87' lang='grc' dir='ltr'><strong>1ο.</strong></span> 
     </span>
    </p>

    <p class='ocr_par' dir='ltr' id='par_1_47' title="bbox 2235 4026 3734 4174">
     <span class='ocr_line' id='line_1_116' title="bbox 2235 4026 3734 4098; baseline -0.008 -11"><span class='ocrx_word' id='word_1_717' title='bbox 2235 4034 2414 4098; x_wconf 86' lang='lat' dir='ltr'><strong>Quoad</strong></span> <span class='ocrx_word' id='word_1_718' title='bbox 2448 4035 2552 4085; x_wconf 89' lang='lat' dir='ltr'><strong>alia</strong></span> <span class='ocrx_word' id='word_1_719' title='bbox 2582 4034 2725 4085; x_wconf 90' lang='lat' dir='ltr'><strong>bona</strong></span> <span class='ocrx_word' id='word_1_720' title='bbox 2752 4031 2825 4083; x_wconf 85' lang='lat' dir='ltr'><strong>illi</strong></span> <span class='ocrx_word' id='word_1_721' title='bbox 2861 4030 3175 4096; x_wconf 88' lang='lat' dir='ltr'><strong>simpliciter</strong></span> <span class='ocrx_word' id='word_1_722' title='bbox 3217 4026 3553 4096; x_wconf 64' lang='lat' dir='ltr'><strong>praeferendi,</strong></span> <span class='ocrx_word' id='word_1_723' title='bbox 3598 4035 3734 4090; x_wconf 83' lang='lat' dir='ltr'><strong>quo-</strong></span> 
     </span>
     <span class='ocr_line' id='line_1_117' title="bbox 2237 4105 3172 4174; baseline -0.004 -12"><span class='ocrx_word' id='word_1_724' title='bbox 2237 4125 2355 4164; x_wconf 91' lang='lat' dir='ltr'><strong>rum</strong></span> <span class='ocrx_word' id='word_1_725' title='bbox 2384 4110 2689 4174; x_wconf 85' lang='lat' dir='ltr'><strong>conjunctio</strong></span> <span class='ocrx_word' id='word_1_726' title='bbox 2710 4115 2791 4160; x_wconf 84' lang='lat' dir='ltr'><strong>est</strong></span> <span class='ocrx_word' id='word_1_727' title='bbox 2822 4109 3012 4173; x_wconf 89' lang='lat' dir='ltr'><strong>major,</strong></span> <span class='ocrx_word' id='word_1_728' title='bbox 3041 4105 3172 4158; x_wconf 90' lang='lat' dir='ltr'><strong>ibid.</strong></span> 
     </span>
    </p>

    <p class='ocr_par' dir='ltr' id='par_1_48' title="bbox 2172 4175 3737 4395">
     <span class='ocr_line' id='line_1_118' title="bbox 2172 4175 3737 4252; baseline -0.008 -14"><span class='ocrx_word' id='word_1_729' title='bbox 2172 4191 2252 4239; x_wconf 78' lang='lat'><strong>2⁴.</strong></span> <span class='ocrx_word' id='word_1_730' title='bbox 2288 4186 2601 4252; x_wconf 72' lang='lat' dir='ltr'><strong>coniunctio</strong></span> <span class='ocrx_word' id='word_1_731' title='bbox 2622 4183 3105 4249; x_wconf 77' lang='lat' dir='ltr'><strong>consanguinitatis</strong></span> <span class='ocrx_word' id='word_1_732' title='bbox 3118 4194 3185 4233; x_wconf 91' lang='lat' dir='ltr'><strong>an</strong></span> <span class='ocrx_word' id='word_1_733' title='bbox 3204 4187 3255 4232; x_wconf 88' lang='lat' dir='ltr'><strong>et</strong></span> <span class='ocrx_word' id='word_1_734' title='bbox 3274 4175 3737 4244; x_wconf 75' lang='lat' dir='ltr'><strong>quomodoquoad</strong></span> 
     </span>
     <span class='ocr_line' id='line_1_119' title="bbox 2235 4250 3733 4325; baseline -0.008 -11"><span class='ocrx_word' id='word_1_735' title='bbox 2235 4262 2575 4314; x_wconf 78' lang='lat' dir='ltr'><strong>dilectionem</strong></span> <span class='ocrx_word' id='word_1_736' title='bbox 2620 4260 2689 4311; x_wconf 79' lang='lat' dir='ltr'><strong>sit</strong></span> <span class='ocrx_word' id='word_1_737' title='bbox 2716 4257 3047 4325; x_wconf 69' lang='lat' dir='ltr'><strong>praeferenda</strong></span> <span class='ocrx_word' id='word_1_738' title='bbox 3070 4254 3435 4322; x_wconf 83' lang='lat' dir='ltr'><strong>conjunctioni</strong></span> <span class='ocrx_word' id='word_1_739' title='bbox 3458 4250 3733 4318; x_wconf 85' lang='lat' dir='ltr'><strong>spirituali,</strong></span> 
     </span>
     <span class='ocr_line' id='line_1_120' title="bbox 2237 4337 3033 4395; baseline -0.004 -6"><span class='ocrx_word' id='word_1_740' title='bbox 2237 4337 2353 4390; x_wconf 86' lang='lat' dir='ltr'><strong>ead.</strong></span> <span class='ocrx_word' id='word_1_741' title='bbox 2380 4344 2507 4388; x_wconf 89' lang='lat' dir='ltr'><strong>sect.</strong></span> <span class='ocrx_word' id='word_1_742' title='bbox 2531 4340 2579 4395; x_wconf 85' lang='lat'><strong>⁴,</strong></span> <span class='ocrx_word' id='word_1_743' title='bbox 2616 4348 2760 4386; x_wconf 89' lang='lat' dir='ltr'><strong>num.</strong></span> <span class='ocrx_word' id='word_1_744' title='bbox 2788 4338 2849 4386; x_wconf 89' lang='grc'><strong>11</strong></span> <span class='ocrx_word' id='word_1_745' title='bbox 2880 4340 2931 4386; x_wconf 90' lang='lat' dir='ltr'><strong>et</strong></span> <span class='ocrx_word' id='word_1_746' title='bbox 2952 4337 3033 4386; x_wconf 75' lang='grc'><strong>19.</strong></span> 
     </span>
    </p>

    <p class='ocr_par' dir='ltr' id='par_1_49' title="bbox 2175 4404 3737 4550">
     <span class='ocr_line' id='line_1_121' title="bbox 2175 4404 3737 4478; baseline -0.006 -14"><span class='ocrx_word' id='word_1_747' title='bbox 2175 4420 2255 4467; x_wconf 78' lang='lat'><strong>25.</strong></span> <span class='ocrx_word' id='word_1_748' title='bbox 2293 4414 2343 4465; x_wconf 89' lang='lat' dir='ltr'><strong>Si</strong></span> <span class='ocrx_word' id='word_1_749' title='bbox 2387 4411 2677 4478; x_wconf 88' lang='lat' dir='ltr'><strong>spiritualis</strong></span> <span class='ocrx_word' id='word_1_750' title='bbox 2706 4410 3013 4475; x_wconf 80' lang='lat' dir='ltr'><strong>conjunctio</strong></span> <span class='ocrx_word' id='word_1_751' title='bbox 3056 4407 3123 4460; x_wconf 89' lang='lat' dir='ltr'><strong>sit</strong></span> <span class='ocrx_word' id='word_1_752' title='bbox 3156 4405 3309 4459; x_wconf 74' lang='lat' dir='ltr'><strong>valde</strong></span> <span class='ocrx_word' id='word_1_753' title='bbox 3342 4404 3591 4470; x_wconf 79' lang='lat' dir='ltr'><strong>perfecta,</strong></span> <span class='ocrx_word' id='word_1_754' title='bbox 3632 4417 3737 4456; x_wconf 88' lang='lat' dir='ltr'><strong>non</strong></span> 
     </span>
     <span class='ocr_line' id='line_1_122' title="bbox 2240 4480 3732 4550; baseline -0.01 -7"><span class='ocrx_word' id='word_1_755' title='bbox 2240 4491 2341 4543; x_wconf 90' lang='lat' dir='ltr'><strong>erit</strong></span> <span class='ocrx_word' id='word_1_756' title='bbox 2360 4490 2546 4542; x_wconf 90' lang='lat' dir='ltr'><strong>saltem</strong></span> <span class='ocrx_word' id='word_1_757' title='bbox 2567 4485 2786 4539; x_wconf 89' lang='lat' dir='ltr'><strong>mortale</strong></span> <span class='ocrx_word' id='word_1_758' title='bbox 2812 4485 2953 4537; x_wconf 87' lang='lat' dir='ltr'><strong>illam</strong></span> <span class='ocrx_word' id='word_1_759' title='bbox 2972 4484 3219 4550; x_wconf 79' lang='lat' dir='ltr'><strong>praeferre</strong></span> <span class='ocrx_word' id='word_1_760' title='bbox 3240 4480 3463 4539; x_wconf 79' lang='lat' dir='ltr'><strong>carnali,</strong></span> <span class='ocrx_word' id='word_1_761' title='bbox 3486 4493 3633 4532; x_wconf 89' lang='lat' dir='ltr'><strong>num.</strong></span> <span class='ocrx_word' id='word_1_762' title='bbox 3660 4485 3732 4529; x_wconf 78' lang='grc'><strong>13.</strong></span> 
     </span>
    </p>

    <p class='ocr_par' dir='ltr' id='par_1_50' title="bbox 2178 4557 3737 4706">
     <span class='ocr_line' id='line_1_123' title="bbox 2178 4557 3737 4625; baseline -0.007 -8"><span class='ocrx_word' id='word_1_763' title='bbox 2178 4571 2257 4617; x_wconf 76' lang='lat'><strong>26.</strong></span> <span class='ocrx_word' id='word_1_764' title='bbox 2296 4567 2445 4618; x_wconf 80' lang='lat' dir='ltr'><strong>Pater</strong></span> <span class='ocrx_word' id='word_1_765' title='bbox 2482 4563 2724 4614; x_wconf 87' lang='lat' dir='ltr'><strong>absolute</strong></span> <span class='ocrx_word' id='word_1_766' title='bbox 2771 4560 3039 4625; x_wconf 85' lang='lat' dir='ltr'><strong>loquendo</strong></span> <span class='ocrx_word' id='word_1_767' title='bbox 3088 4557 3451 4624; x_wconf 68' lang='lat' dir='ltr'><strong>praeferendus</strong></span> <span class='ocrx_word' id='word_1_768' title='bbox 3490 4557 3737 4608; x_wconf 89' lang='lat' dir='ltr'><strong>omnibus</strong></span> 
     </span>
     <span class='ocr_line' id='line_1_124' title="bbox 2243 4637 3177 4706; baseline -0.01 -11"><span class='ocrx_word' id='word_1_769' title='bbox 2243 4642 2359 4695; x_wconf 88' lang='lat' dir='ltr'><strong>aliis</strong></span> <span class='ocrx_word' id='word_1_770' title='bbox 2394 4639 2638 4706; x_wconf 86' lang='lat' dir='ltr'><strong>personis</strong></span> <span class='ocrx_word' id='word_1_771' title='bbox 2662 4637 2896 4704; x_wconf 76' lang='lat' dir='ltr'><strong>privatis,</strong></span> <span class='ocrx_word' id='word_1_772' title='bbox 2924 4649 3069 4688; x_wconf 88' lang='lat' dir='ltr'><strong>uum.</strong></span> <span class='ocrx_word' id='word_1_773' title='bbox 3099 4641 3177 4686; x_wconf 77' lang='lat'><strong>15.</strong></span> 
     </span>
    </p>

    <p class='ocr_par' dir='ltr' id='par_1_51' title="bbox 2240 4705 3737 4858">
     <span class='ocr_line' id='line_1_125' title="bbox 2240 4705 3737 4779; baseline -0.007 -11"><span class='ocrx_word' id='word_1_774' title='bbox 2240 4719 2350 4770; x_wconf 81' lang='lat' dir='ltr'><strong>Nou</strong></span> <span class='ocrx_word' id='word_1_775' title='bbox 2382 4723 2592 4768; x_wconf 89' lang='lat' dir='ltr'><strong>tenetur</strong></span> <span class='ocrx_word' id='word_1_776' title='bbox 2624 4714 2745 4779; x_wconf 89' lang='lat' dir='ltr'><strong>quis</strong></span> <span class='ocrx_word' id='word_1_777' title='bbox 2764 4711 3049 4764; x_wconf 82' lang='lat' dir='ltr'><strong>defendere</strong></span> <span class='ocrx_word' id='word_1_778' title='bbox 3074 4711 3415 4762; x_wconf 86' lang='lat' dir='ltr'><strong>innocentem</strong></span> <span class='ocrx_word' id='word_1_779' title='bbox 3446 4705 3737 4762; x_wconf 83' lang='lat' dir='ltr'><strong>occidendo</strong></span> 
     </span>
     <span class='ocr_line' id='line_1_126' title="bbox 2243 4789 2625 4858; baseline -0.008 -14"><span class='ocrx_word' id='word_1_780' title='bbox 2243 4800 2465 4858; x_wconf 87' lang='lat' dir='ltr'><strong>patrem,</strong></span> <span class='ocrx_word' id='word_1_781' title='bbox 2496 4789 2625 4844; x_wconf 90' lang='lat' dir='ltr'><strong>ibid.</strong></span> 
     </span>
    </p>

    <p class='ocr_par' dir='ltr' id='par_1_52' title="bbox 2178 4859 3735 4998">
     <span class='ocr_line' id='line_1_127' title="bbox 2178 4859 3735 4934; baseline -0.007 -13"><span class='ocrx_word' id='word_1_782' title='bbox 2178 4875 2259 4921; x_wconf 77' lang='grc'><strong>97.</strong></span> <span class='ocrx_word' id='word_1_783' title='bbox 2293 4871 2464 4921; x_wconf 76' lang='lat' dir='ltr'><strong>Potest</strong></span> <span class='ocrx_word' id='word_1_784' title='bbox 2488 4866 2775 4934; x_wconf 79' lang='lat' dir='ltr'><strong>aliquando</strong></span> <span class='ocrx_word' id='word_1_785' title='bbox 2806 4865 2945 4916; x_wconf 84' lang='lat' dir='ltr'><strong>titius</strong></span> <span class='ocrx_word' id='word_1_786' title='bbox 2970 4862 3205 4929; x_wconf 83' lang='lat' dir='ltr'><strong>praet&#39;erri</strong></span> <span class='ocrx_word' id='word_1_787' title='bbox 3236 4859 3390 4927; x_wconf 87' lang='lat' dir='ltr'><strong>patri,</strong></span> <span class='ocrx_word' id='word_1_788' title='bbox 3416 4859 3659 4914; x_wconf 83' lang='lat' dir='ltr'><strong>existenti</strong></span> <span class='ocrx_word' id='word_1_789' title='bbox 3686 4860 3735 4910; x_wconf 90' lang='lat' dir='ltr'><strong>in</strong></span> 
     </span>
     <span class='ocr_line' id='line_1_128' title="bbox 2239 4939 3171 4998; baseline -0.006 -2"><span class='ocrx_word' id='word_1_790' title='bbox 2239 4943 2400 4996; x_wconf 89' lang='lat' dir='ltr'><strong>simili</strong></span> <span class='ocrx_word' id='word_1_791' title='bbox 2432 4943 2743 4996; x_wconf 85' lang='lat' dir='ltr'><strong>necessitate</strong></span> <span class='ocrx_word' id='word_1_792' title='bbox 2765 4948 3015 4998; x_wconf 84' lang='lat' dir='ltr'><strong>extrema,</strong></span> <span class='ocrx_word' id='word_1_793' title='bbox 3042 4939 3171 4990; x_wconf 80' lang='lat' dir='ltr'><strong>ibid.</strong></span> 
     </span>
    </p>

    <p class='ocr_par' dir='ltr' id='par_1_53' title="bbox 2239 5011 3617 5159">
     <span class='ocr_line' id='line_1_129' title="bbox 2242 5011 3351 5080; baseline -0.007 -10"><span class='ocrx_word' id='word_1_794' title='bbox 2242 5024 2319 5070; x_wconf 79' lang='lat' dir='ltr'><strong>An</strong></span> <span class='ocrx_word' id='word_1_795' title='bbox 2354 5018 2649 5071; x_wconf 82' lang='lat' dir='ltr'><strong>accidendo</strong></span> <span class='ocrx_word' id='word_1_796' title='bbox 2680 5016 2843 5069; x_wconf 84' lang='lat' dir='ltr'><strong>alium</strong></span> <span class='ocrx_word' id='word_1_797' title='bbox 2870 5017 3201 5080; x_wconf 82' lang='lat' dir='ltr'><strong>quempiam,</strong></span> <span class='ocrx_word' id='word_1_798' title='bbox 3222 5011 3351 5064; x_wconf 87' lang='lat' dir='ltr'><strong>ibid.</strong></span> 
     </span>
     <span class='ocr_line' id='line_1_130' title="bbox 2239 5085 3617 5159; baseline -0.007 -13"><span class='ocrx_word' id='word_1_799' title='bbox 2239 5099 2317 5146; x_wconf 77' lang='lat' dir='ltr'><strong>An</strong></span> <span class='ocrx_word' id='word_1_800' title='bbox 2340 5095 2496 5147; x_wconf 88' lang='lat' dir='ltr'><strong>etiam</strong></span> <span class='ocrx_word' id='word_1_801' title='bbox 2520 5092 2765 5159; x_wconf 75' lang='lat' dir='ltr'><strong>egregius</strong></span> <span class='ocrx_word' id='word_1_802' title='bbox 2786 5090 2991 5142; x_wconf 90' lang='lat' dir='ltr'><strong>amicus</strong></span> <span class='ocrx_word' id='word_1_803' title='bbox 3016 5095 3109 5142; x_wconf 85' lang='lat' dir='ltr'><strong>aut</strong></span> <span class='ocrx_word' id='word_1_804' title='bbox 3134 5088 3461 5146; x_wconf 80' lang='lat' dir='ltr'><strong>benefactor,</strong></span> <span class='ocrx_word' id='word_1_805' title='bbox 3486 5085 3617 5138; x_wconf 82' lang='lat' dir='ltr'><strong>ibid.</strong></span> 
     </span>
    </p>

    <p class='ocr_par' dir='ltr' id='par_1_54' title="bbox 2178 5164 3733 5233">
     <span class='ocr_line' id='line_1_131' title="bbox 2178 5164 3733 5233; baseline -0.006 -13"><span class='ocrx_word' id='word_1_806' title='bbox 2178 5175 2256 5220; x_wconf 81' lang='lat'><strong>28.</strong></span> <span class='ocrx_word' id='word_1_807' title='bbox 2296 5173 2443 5221; x_wconf 80' lang='lat' dir='ltr'><strong>Pater</strong></span> <span class='ocrx_word' id='word_1_808' title='bbox 2470 5168 2682 5233; x_wconf 65' lang='lat' dir='ltr'><strong>coniugi</strong></span> <span class='ocrx_word' id='word_1_809' title='bbox 2710 5165 3091 5232; x_wconf 80' lang='lat' dir='ltr'><strong>praeserendus,</strong></span> <span class='ocrx_word' id='word_1_810' title='bbox 3114 5164 3235 5214; x_wconf 82' lang='lat' dir='ltr'><strong>ead.</strong></span> <span class='ocrx_word' id='word_1_811' title='bbox 3260 5169 3389 5215; x_wconf 83' lang='lat' dir='ltr'><strong>sect.</strong></span> <span class='ocrx_word' id='word_1_812' title='bbox 3414 5167 3463 5222; x_wconf 85' lang='lat'><strong>⁴,</strong></span> <span class='ocrx_word' id='word_1_813' title='bbox 3493 5175 3639 5213; x_wconf 88' lang='lat' dir='ltr'><strong>num.</strong></span> <span class='ocrx_word' id='word_1_814' title='bbox 3662 5164 3733 5210; x_wconf 80' lang='grc'><strong>17.</strong></span> 
     </span>
    </p>

    <p class='ocr_par' dir='ltr' id='par_1_55' title="bbox 2178 5235 3737 5452">
     <span class='ocr_line' id='line_1_132' title="bbox 2178 5235 3735 5309; baseline -0.006 -13"><span class='ocrx_word' id='word_1_815' title='bbox 2178 5252 2257 5298; x_wconf 70' lang='grc'><strong>99.</strong></span> <span class='ocrx_word' id='word_1_816' title='bbox 2296 5248 2433 5297; x_wconf 90' lang='lat' dir='ltr'><strong>lnter</strong></span> <span class='ocrx_word' id='word_1_817' title='bbox 2465 5251 2667 5309; x_wconf 89' lang='lat' dir='ltr'><strong>patrem</strong></span> <span class='ocrx_word' id='word_1_818' title='bbox 2691 5242 2749 5294; x_wconf 84' lang='lat' dir='ltr'><strong>&#39;et</strong></span> <span class='ocrx_word' id='word_1_819' title='bbox 2794 5248 3036 5300; x_wconf 81' lang='lat' dir='ltr'><strong>matrem,</strong></span> <span class='ocrx_word' id='word_1_820' title='bbox 3086 5239 3223 5290; x_wconf 90' lang='lat' dir='ltr'><strong>inter</strong></span> <span class='ocrx_word' id='word_1_821' title='bbox 3258 5249 3477 5289; x_wconf 82' lang='lat' dir='ltr'><strong>uxorem</strong></span> <span class='ocrx_word' id='word_1_822' title='bbox 3506 5244 3560 5288; x_wconf 91' lang='lat' dir='ltr'><strong>et</strong></span> <span class='ocrx_word' id='word_1_823' title='bbox 3584 5235 3735 5296; x_wconf 72' lang='lat' dir='ltr'><strong>filioS,</strong></span> 
     </span>
     <span class='ocr_line' id='line_1_133' title="bbox 2240 5313 3737 5384; baseline -0.007 -11"><span class='ocrx_word' id='word_1_824' title='bbox 2240 5323 2379 5373; x_wconf 89' lang='lat' dir='ltr'><strong>inter</strong></span> <span class='ocrx_word' id='word_1_825' title='bbox 2418 5326 2691 5384; x_wconf 87' lang='lat' dir='ltr'><strong>parentem</strong></span> <span class='ocrx_word' id='word_1_826' title='bbox 2718 5324 2771 5368; x_wconf 91' lang='lat' dir='ltr'><strong>et</strong></span> <span class='ocrx_word' id='word_1_827' title='bbox 2809 5317 3115 5381; x_wconf 74' lang='lat' dir='ltr'><strong>cotijugem,</strong></span> <span class='ocrx_word' id='word_1_828' title='bbox 3150 5313 3283 5366; x_wconf 87' lang='lat' dir='ltr'><strong>ordo</strong></span> <span class='ocrx_word' id='word_1_829' title='bbox 3326 5313 3585 5377; x_wconf 80' lang='lat' dir='ltr'><strong>diligendi</strong></span> <span class='ocrx_word' id='word_1_830' title='bbox 3628 5323 3737 5362; x_wconf 84' lang='lat' dir='ltr'><strong>stne</strong></span> 
     </span>
     <span class='ocr_line' id='line_1_134' title="bbox 2238 5390 2917 5452; baseline -0.004 -6"><span class='ocrx_word' id='word_1_831' title='bbox 2238 5397 2449 5448; x_wconf 88' lang='lat' dir='ltr'><strong>mortali</strong></span> <span class='ocrx_word' id='word_1_832' title='bbox 2468 5393 2762 5452; x_wconf 81' lang='lat' dir='ltr'><strong>invertitur,</strong></span> <span class='ocrx_word' id='word_1_833' title='bbox 2790 5390 2917 5444; x_wconf 81' lang='lat' dir='ltr'><strong>ibid.</strong></span> 
     </span>
    </p>

    <p class='ocr_par' dir='ltr' id='par_1_56' title="bbox 2176 5461 3733 5608">
     <span class='ocr_line' id='line_1_135' title="bbox 2176 5461 3733 5534; baseline -0.008 -11"><span class='ocrx_word' id='word_1_834' title='bbox 2176 5477 2252 5523; x_wconf 74' lang='lat'><strong>30.</strong></span> <span class='ocrx_word' id='word_1_835' title='bbox 2289 5474 2431 5524; x_wconf 63' lang='lat' dir='ltr'><strong>luter</strong></span> <span class='ocrx_word' id='word_1_836' title='bbox 2452 5483 2563 5522; x_wconf 90' lang='lat' dir='ltr'><strong>non</strong></span> <span class='ocrx_word' id='word_1_837' title='bbox 2594 5472 2911 5534; x_wconf 79' lang='lat' dir='ltr'><strong>conjunctos</strong></span> <span class='ocrx_word' id='word_1_838' title='bbox 2936 5477 3031 5530; x_wconf 85' lang='lat' dir='ltr'><strong>per</strong></span> <span class='ocrx_word' id='word_1_839' title='bbox 3050 5477 3110 5516; x_wconf 89' lang='lat' dir='ltr'><strong>se</strong></span> <span class='ocrx_word' id='word_1_840' title='bbox 3134 5461 3403 5526; x_wconf 82' lang='lat' dir='ltr'><strong>loquendo</strong></span> <span class='ocrx_word' id='word_1_841' title='bbox 3428 5461 3733 5526; x_wconf 78' lang='lat' dir='ltr'><strong>praeferendi</strong></span> 
     </span>
     <span class='ocr_line' id='line_1_136' title="bbox 2238 5537 3731 5608; baseline -0.009 -8"><span class='ocrx_word' id='word_1_842' title='bbox 2238 5554 2362 5600; x_wconf 82' lang='lat' dir='ltr'><strong>sunt</strong></span> <span class='ocrx_word' id='word_1_843' title='bbox 2388 5547 2635 5597; x_wconf 87' lang='lat' dir='ltr'><strong>meliores</strong></span> <span class='ocrx_word' id='word_1_844' title='bbox 2658 5553 2711 5595; x_wconf 89' lang='lat' dir='ltr'><strong>et</strong></span> <span class='ocrx_word' id='word_1_845' title='bbox 2734 5543 2862 5608; x_wconf 88' lang='lat' dir='ltr'><strong>justi</strong></span> <span class='ocrx_word' id='word_1_846' title='bbox 2891 5539 3277 5606; x_wconf 86' lang='lat' dir='ltr'><strong>peccatoribus,</strong></span> <span class='ocrx_word' id='word_1_847' title='bbox 3300 5537 3453 5600; x_wconf 68' lang='lat' dir='ltr'><strong>ibid,</strong></span> <span class='ocrx_word' id='word_1_848' title='bbox 3482 5551 3627 5590; x_wconf 88' lang='lat' dir='ltr'><strong>num.</strong></span> <span class='ocrx_word' id='word_1_849' title='bbox 3662 5540 3731 5587; x_wconf 81' lang='grc'><strong>18.</strong></span> 
     </span>
    </p>

    <p class='ocr_par' dir='ltr' id='par_1_57' title="bbox 2178 5613 3735 5687">
     <span class='ocr_line' id='line_1_137' title="bbox 2178 5613 3735 5687; baseline -0.008 -13"><span class='ocrx_word' id='word_1_850' title='bbox 2178 5629 2256 5675; x_wconf 80' lang='grc'><strong>31.</strong></span> <span class='ocrx_word' id='word_1_851' title='bbox 2292 5621 2691 5687; x_wconf 71' lang='lat' dir='ltr'><strong>coniunctiores</strong></span> <span class='ocrx_word' id='word_1_852' title='bbox 2720 5619 2877 5672; x_wconf 89' lang='lat' dir='ltr'><strong>nobis</strong></span> <span class='ocrx_word' id='word_1_853' title='bbox 2905 5614 3219 5686; x_wconf 75' lang='lat' dir='ltr'><strong>praeferendi</strong></span> <span class='ocrx_word' id='word_1_854' title='bbox 3240 5624 3365 5666; x_wconf 90' lang='lat' dir='ltr'><strong>sunt</strong></span> <span class='ocrx_word' id='word_1_855' title='bbox 3386 5613 3735 5666; x_wconf 86' lang='lat' dir='ltr'><strong>sanctioribus</strong></span> 
     </span>
    </p>
   </div>
   <div class='ocr_carea' id='block_1_7' title="bbox 3889 959 3891 1774">
    <p class='ocr_par' dir='ltr' id='par_1_58' title="bbox 3889 959 3891 1774">
     <span class='ocr_line' id='line_1_138' title="bbox 3889 959 3891 1774; baseline 0 0"><span class='ocrx_word' id='word_1_856' title='bbox 3889 959 3891 1774; x_wconf 95' lang='lat' dir='ltr'><strong> </strong></span> 
     </span>
    </p>
   </div>
  </div>
 </body>
</html>
