3900 6217
594 403 714 464 292

592 506 780 569 fuisse
845 511 1092 568 tantum
1153 502 1460 585 peculiare
1527 501 1900 566 beneficium
1974 504 2153 567 Petro

597 618 955 663 concessum
994 598 1075 661 ob
1115 596 1495 676 singularem
1535 596 1758 659 Christi
1797 616 1944 678 erga
1974 598 2152 660 illum

595 709 911 771 amorem3
941 692 1144 768 tertio,
1182 697 1256 752 ut
1294 690 1531 766 demus,
1563 690 1882 771 inquiunt,
1911 691 2152 753 succedi

595 791 798 863 Petro,
829 804 958 847 non
985 785 1246 846 subinde
1281 802 1530 847 necesse
1557 790 1651 846 est
1676 802 1875 845 unum
1917 802 2152 846 succes·

595 898 796 942 sorem
835 898 992 955 esse,
1027 879 1131 940 sed
1165 884 1421 959 possunt
1457 897 1588 940 esse
1619 885 1729 939 aut
1754 879 1902 955 duo,
1931 893 2006 939 ut
2032 878 2152 940 Ro-

1663 403 1902 459 DISPUT.
1935 406 1999 458 X.
2032 404 2114 457 DE
2144 404 2355 459 suno
2386 406 2724 463 pommus.

2232 505 2436 584 litans,
2457 508 2557 570 cui
2583 510 2859 571 Pastores
2879 515 3023 570 sunt
3040 512 3374 589 necessarii,
3392 516 3566 580 multo
3581 528 3709 586 certe

2234 601 2435 680 magis
2484 610 2668 683 caput
2717 610 3035 683 pastorum
3070 604 3353 665 continua
3395 614 3710 678 successione

2232 694 2603 757 duraturum
2648 696 2786 772 fuit,
2844 715 2984 758 cum
3026 696 3219 758 multo
3262 700 3447 779 magis
3484 721 3711 769 necessa-

2228 787 2391 847 rium
2418 787 2699 867 sitquam
2720 790 2947 864 caneri,
2966 808 3165 869 neque
3182 789 3357 853 hodie
3368 794 3551 856 minus
3562 816 3712 877 quam

2231 879 2297 939 in
2331 880 2633 961 principio
2670 882 2979 943 nascentis
3005 882 3309 959 Eeclesiae,
3359 893 3427 946 ut
3479 888 3539 948 in
3576 898 3713 955 tauta

594 992 816 1036 manus
878 982 941 1034 et
1007 970 1658 1051 Constantinopolinus
1699 971 2005 1053 episcopi,
2050 970 2153 1032 vel
2232 974 2517 1051 gentium
2537 974 2893 1036 diversitate
2919 980 2983 1037 et
3010 992 3252 1036 morum
3270 978 3541 1041 varietate
3556 1000 3713 1046 unum

592 1076 861 1147 quatuor
913 1064 1283 1128 Patriarchae
1305 1110 1326 1141 ,
1377 1065 1479 1127 vel
1523 1064 1760 1145 aliquid
1811 1063 2013 1126 simile
2029 1110 2049 1140 ‚
2080 1041 2202 1125 οὗ
2231 1084 2475 1145 semper
2530 1066 2755 1128 Christi
2804 1067 2969 1129 ovile
3020 1067 3325 1146 integrum
3376 1079 3436 1131 et
3472 1076 3715 1139 unanime

593 1162 854 1241 quisque
883 1178 995 1221 rex
1041 1160 1108 1220 in
1143 1176 1256 1219 suo
1291 1176 1532 1236 regn03
1577 1163 1828 1237 quarte,
1871 1158 1924 1219 si
1964 1176 2150 1233 unus,

591 1256 908 1335 inquiunt,
939 1252 1264 1313 succedere
1301 1251 1503 1327 debet,
1543 1251 1748 1331 potius
1800 1250 2153 1330 Hierosoly-

594 1350 868 1409 mitanus
921 1347 1238 1425 episcopus
1255 1390 1275 1422 ,
1324 1362 1512 1424 quam
1569 1345 1886 1405 Romanus
1943 1344 2152 1405 existi-

591 1441 855 1502 mandus
891 1445 1002 1513 est,
1037 1438 1186 1519 quia
1215 1438 1451 1518 primus
1478 1436 1584 1497 ille
1620 1436 2027 1517 episcopalem
2060 1454 2153 1497 se-

591 1534 733 1595 dem
771 1538 909 1613 post
941 1533 1193 1592 Petrum
1231 1530 1474 1606 habuit,
1511 1534 1619 1589 aut
1657 1529 1815 1589 forte
1857 1529 2153 1589 Constan-

589 1626 1056 1707 tinopolitanus.
1095 1625 1185 1683 Ex
1238 1623 1334 1684 his
1373 1630 1585 1684 tamen
1631 1622 1808 1683 dictis
1854 1629 2151 1701 quartum

589 1718 708 1781 hoe
775 1718 1019 1779 nullum
1094 1734 1342 1797 prorsus
1411 1715 1882 1776 fundamentum
1937 1714 2149 1791 hahet,

591 1814 741 1893 quia
793 1829 996 1890 neque
1037 1827 1111 1870 ex
1179 1808 1403 1869 Christi
1443 1808 1692 1868 Domini
1737 1807 2148 1886 institutione,

591 1926 706 1968 nee
731 1922 808 1968 ex
849 1905 1129 1984 legitima
1155 1904 1553 1980 successione,
1587 1908 1696 1962 aut
1717 1902 1860 1981 jure
1892 1901 2153 1962 haeredi-

592 2000 776 2075 tario,
823 2006 932 2059 aut
967 1997 1210 2059 ratione
1244 2002 1415 2057 certa
1435 2041 1456 2071 ,
1509 1994 1610 2056 vel
1647 1996 2000 2074 apparenti,
2057 2012 2153 2055 os-

589 2094 762 2155 tendi
813 2098 1034 2173 potest,
1067 2091 1340 2169 aliquem
1373 2106 1450 2149 ex
1475 2088 1655 2149 dictis
1683 2088 1983 2167 episcopis
2021 2106 2153 2151 esse

587 2186 1004 2249 universalem
1037 2187 1345 2246 Pastorem
1376 2182 1682 2257 Ecclesiae,
1705 2188 1773 2241 ut
1797 2200 1876 2242 ex
1893 2200 2154 2263 sequen-

592 2281 759 2341 tibus
805 2279 1029 2340 clarius
1079 2276 1426 2353 constabit3
1479 2274 1700 2353 reliqui
1747 2276 1935 2336 etiam
1978 2270 2152 2337 erro-

587 2394 686 2437 res
717 2374 846 2435 fere
869 2374 935 2434 in
966 2369 1388 2451 superioribus
1407 2368 1638 2431 exclusi
1667 2374 1836 2443 sunt,
1869 2373 1931 2429 et
1958 2370 2025 2429 in
2052 2388 2144 2430 se-

465 2514 480 2527 .
593 2465 927 2547 quentihus
953 2464 1168 2525 crebro
1204 2469 1418 2524 contra
1441 2461 1578 2523 illos
1603 2462 1868 2539 agemus
1883 2483 1902 2537 3
1925 2478 2141 2540 quare,

585 2562 662 2622 iis
688 2560 950 2635 omissiS,

668 2658 728 2716 2.
770 2650 1044 2716 Assertio
1079 2652 1308 2733 prima.
1344 2682 1430 2696 —
1447 2648 1758 2712 Probatur
1793 2648 2150 2714 auctoritato

589 2749 846 2813 Consilii
875 2746 1211 2821 Constant„
1243 2745 1512 2808 Martini
1543 2742 1936 2811 V.—Acoedit
1961 2747 2145 2809 ratio.

583 2876 666 2891 —-
685 2842 828 2903 Dico
857 2842 1094 2921 primo:
1130 2838 1290 2900 Petri
1314 2837 1604 2917 dignitas,
1635 2844 1696 2899 et
1723 2840 1963 2899 Summi
1994 2841 2151 2901 Pon-

588 2936 772 2999 tificis
807 2934 1088 2995 Ecclesiae
1139 2950 1389 3006 munus,
1434 2950 1561 2993 non
1611 2952 1752 2993 eum
1787 2934 1920 3013 ipso
1970 2936 2149 2995 Petro

591 3032 936 3092 extinctum
964 3034 1076 3104 est,
1107 3026 1214 3086 sed
1241 3025 1318 3085 ad
1360 3025 1628 3104 aliquem
1666 3027 1802 3104 ejus
1837 3044 2145 3087 successo-

585 3142 722 3186 rem
755 3121 1066 3183 manavit:
1113 3126 1206 3179 est
1241 3117 1320 3178 de
1351 3118 1472 3179 flde
1499 3118 1753 3179 definita
1780 3121 1842 3179 in
1874 3120 2148 3181 Concilio

590 3218 904 3277 Constant.
913 3260 933 3290 ‚
951 3232 1093 3275 sess,
1125 3213 1187 3288 8,
1219 3212 1294 3272 15
1313 3217 1377 3272 et
1399 3213 1502 3288 27,
1523 3212 1670 3273 etin
1693 3212 1869 3273 Bulla
1896 3213 2149 3275 Martini

597 3311 688 3387 V3
719 3315 780 3369 et
819 3315 1064 3369 ostensa
1105 3306 1252 3366 satis
1275 3304 1456 3366 estin
1483 3305 1852 3385 praecedenti
1881 3306 2149 3367 sectione

590 3421 669 3464 ex
694 3402 844 3462 locis
855 3398 1356 3477 Evangeliorum,
1375 3402 1436 3458 et
1457 3397 1838 3476 expositione
1864 3397 2146 3458 omnium

591 3498 867 3568 patrum,
909 3493 1018 3572 qui
1045 3492 1162 3552 hac
1185 3491 1459 3551 maxime
1493 3491 1561 3549 in
1589 3496 1762 3569 parte
1806 3491 2032 3551 docent
2058 3491 2150 3551 di-

587 3590 886 3668 gnitatem
915 3586 1080 3647 Petri
1097 3590 1460 3645 caeterorum
1485 3583 1915 3663 Apostolorum
1937 3584 2145 3664 digni-

585 3689 783 3744 tatem
837 3696 1156 3759 superasse
1177 3722 1197 3754 ,
1251 3676 1417 3756 quod
1465 3676 1762 3763 nimirum
1813 3678 1943 3757 ipse
1979 3678 2145 3740 solus

590 3774 1004 3841 universalem
1027 3778 1392 3853 potestatem
1415 3770 1818 3848 ordinariam,
1847 3778 1910 3833 et
1937 3772 2004 3832 in
2034 3771 2179 3833 Ec-.

590 3872 774 3935 clesia
801 3874 1098 3951 perpetuo
1121 3882 1480 3926 mansuram
1509 3867 1855 3945 acceperit3
1882 3865 2145 3945 ideoque

592 3984 775 4046 super
799 3962 977 4023 illum
1006 3958 1399 4041 peculiariter
1433 3958 1556 4019 dici
1596 3956 1917 4020 fundatam
1945 3960 2147 4021 Eccle-

593 4061 770 4121 siam.
812 4055 988 4118 Unde
1025 4053 1146 4115 Leo
1192 4052 1379 4133 Papa,
1426 4070 1708 4113 sermone
1751 4051 2022 4113 secundo
2070 4053 2148 4113 de

593 4170 704 4213 sua
727 4150 805 4211 ad
832 4146 1056 4209 Pontis.
1093 4146 1544 4225 assumptione:
1576 4146 1660 4208 In
1685 4145 1860 4208 Petri
1877 4148 2011 4209 sede
2035 4164 2151 4209 sua

592 4245 746 4309 vivit
778 4244 1069 4323 potestas,
1101 4238 1340 4302 excellit
1366 4240 1722 4303 auctoritas.
1771 4240 1963 4316 idem,
1992 4240 2149 4319 epis-

593 4337 722 4399 tola
735 4336 814 4397 ad
834 4334 1224 4396 Anastasium
1230 4348 1251 4410 3
1267 4331 1545 4393 Anaclet.
1552 4376 1573 4407 ,
1591 4330 1848 4412 epistola
1863 4334 1900 4393 3
1911 4349 1932 4410 3
1956 4332 2150 4411 Chry-

597 4438 900 4493 sostomus
939 4428 1153 4503 etiam,
1183 4424 1295 4488 lib.
1323 4428 1360 4488 2
1389 4424 1466 4487 de
1491 4426 1869 4503 Sacerdotio,
1891 4426 1958 4487 id
1983 4424 2152 4487 colli-

595 4527 690 4606 git
710 4544 787 4587 ex
811 4522 919 4585 illo
941 4520 1121 4583 Joan.
1151 4522 1256 4582 12:
1284 4520 1479 4582 Pasce
1504 4534 1636 4583 oves
1662 4536 1868 4594 mecm
1897 4518 2154 4581 commi-

595 4622 676 4681 sit
699 4618 868 4679 enim
913 4616 1094 4677 Petro
1121 4632 1267 4675 oves
1307 4630 1436 4675 non
1459 4612 1732 4674 victuras
1772 4620 2015 4675 tantum
2058 4613 2151 4675 vi-

593 4718 777 4774 vente
818 4712 1019 4785 Petro,
1052 4707 1156 4769 sed
1183 4724 1400 4767 omnes
1435 4704 1817 4787 simpliciter,
1847 4707 1995 4786 quia
2020 4725 2150 4768 om-

597 4806 776 4867 nium
809 4818 1022 4864 euram
1059 4799 1332 4879 gerebat,
1369 4817 1525 4879 quas
1551 4806 1764 4860 tamen
1799 4818 2015 4860 omnes
2044 4801 2153 4862 Pe-

597 4908 733 4961 trus
795 4898 864 4958 in
921 4912 1182 4975 persona
1226 4911 1338 4954 sua
1391 4910 1641 4973 pascere
1691 4912 1819 4954 non
1871 4898 2113 4971 poterat
2125 4908 2148 4971 3

597 4992 909 5053 commisit
955 5006 1104 5068 ergo
1155 4986 1292 5047 illas
1321 4986 1500 5048 Petro
1558 4994 1620 5047 et
1679 4986 2145 5049 successoribus

591 5086 752 5147 Hinc
809 5083 1051 5159 PauluS,
1107 5083 1184 5143 ad
1251 5083 1472 5162 EpheS.
1519 5082 1592 5141 t:
1649 5078 1946 5153 Quosdam
1991 5082 2153 5144 dedit

592 5182 886 5266 Pastor-es
960 5179 1043 5241 ad
1099 5176 1666 5239 consummationem
1731 5172 2101 5238 Sanctorum
2126 5219 2146 5251 ,

593 5276 769 5337 donec
818 5276 1206 5335 occurramus
1245 5286 1443 5332 omnes
1467 5267 1536 5330 in
1562 5268 1763 5332 virum
1797 5270 2143 5350 perfectum.

591 5368 656 5428 Si
685 5368 875 5441 enim,
903 5368 1054 5425 teste
1073 5362 1290 5438 Paulo,
1331 5361 1606 5423 Christus
1653 5360 1971 5422 constituit
2010 5362 2151 5421 Pas-

592 5466 754 5521 torcs
782 5458 1108 5518 duraturos
1131 5474 1328 5535 usque
1371 5456 1449 5515 ad
1469 5454 1635 5515 diem
1675 5452 2025 5514 communis
2056 5471 2153 5515 rc—

591 5552 1009 5629 surrcctionis,
1041 5550 1188 5633 quia
1216 5548 1451 5612 tamdiu
1485 5544 2011 5609 durabitEcclesia
2039 5548 2153 5609 mi-

2230 1164 2646 1220 conservetur.
2698 1158 3113 1221 confirmatur
3140 1160 3359 1239 prim0‚
3396 1180 3531 1225 nam
3577 1168 3716 1231 Petro

2230 1270 2359 1312 non
2386 1258 2477 1313 est
2495 1252 2641 1313 data
2667 1252 2937 1332 dignitas
2963 1253 3324 1315 universalis
3340 1254 3594 1338 Episcopi
3612 1279 3719 1341 pro.

2229 1352 2369 1426 pter
2414 1348 2641 1427 ipsum,
2690 1346 2798 1409 sed
2840 1352 3091 1428 propter
3119 1348 3461 1425 Ecclesiam,
3494 1360 3558 1411 nt
3594 1363 3720 1417 recte

2230 1440 2635 1518 AugustinuS,
2664 1439 2773 1501 lib.
2822 1440 2900 1500 de
2932 1440 3307 1516 Pastoribus,
3353 1460 3478 1522 cap.
3515 1444 3603 1518 10,
3629 1448 3721 1525 ait3

2231 1548 2379 1610 ergo
2402 1533 2454 1593 si
2481 1530 2748 1593 Ecclesia
2776 1550 3019 1613 semper
3038 1538 3154 1608 est,
3184 1552 3421 1614 semper
3440 1536 3649 1614 indiget
3670 1558 3725 1599 ca

2232 1624 2556 1703 dignitate.
2588 1624 3003 1687 confirmatur
3028 1626 3318 1704 secundo,
3362 1644 3501 1687 nam
3530 1628 3590 1689 in
3622 1630 3728 1709 lege

2232 1715 2427 1779 veteri
2480 1718 2887 1779 constitutum
2935 1724 3029 1779 est
3085 1736 3440 1799 supremum
3490 1721 3729 1785 Sacerdo-

2230 1811 2415 1886 tium,
2450 1811 2613 1890 quod
2650 1812 2945 1873 continua
2983 1812 3363 1873 successione
3382 1812 3600 1875 tamdiu
3624 1834 3731 1894 per-

2230 1910 2561 1979 severaret,
2605 1903 2905 1983 quamdiu
2931 1903 3034 1965 lex
3073 1904 3182 1965 illa
3230 1904 3499 1983 vigeret3
3544 1924 3668 1984 ergo
3702 1924 3732 1967 a

2230 1995 2473 2057 fortiori
2503 1997 2573 2057 in
2613 1997 2751 2075 lege
2784 2014 2968 2073 nova,
3002 2015 3143 2076 quae
3193 1996 3507 2077 perfectior
3529 2004 3639 2073 est3
3662 2000 3733 2061 di-

2230 2106 2406 2150 versa
2458 2089 2603 2151 licet
2668 2090 2908 2150 ratione
2976 2091 3377 2151 successionis
3390 2106 3411 2167 3
3465 2090 3527 2151 in
3576 2092 3733 2152 veteri

2230 2182 2459 2263 quippe
2492 2182 2629 2262 lege
2676 2182 2939 2244 earnalis
2991 2190 3125 2243 erat
3164 2184 3482 2259 successio,
3508 2183 3637 2263 quia
3656 2184 3735 2245 lex

2230 2278 2363 2358 ipsa
2420 2284 2553 2339 erat
2609 2277 2968 2357 imperfecta
2984 2323 3004 2354 ,
3062 2294 3233 2337 nunc
3284 2295 3428 2338 vero
3468 2295 3573 2357 per
3616 2276 3737 2338 elec-

2228 2370 2489 2445 tionem,
2517 2375 2587 2430 ut
2608 2370 2774 2431 infra
2806 2370 3199 2431 tractandum
3230 2375 3341 2431 est.
3376 2369 3737 2433 Confirmatur

2226 2464 2473 2538 ultimo,
2493 2481 2641 2524 nam
2665 2471 2981 2525 ostensum
3006 2470 3099 2524 est
3126 2481 3341 2543 supra,
3369 2469 3552 2524 totam
3572 2464 3739 2525 Eccle-

2227 2558 2335 2617 siae
2389 2556 2798 2618 hierarchiam
2855 2577 2931 2619 ex
2992 2556 3223 2618 Christi
3273 2557 3638 2620 institutione
3681 2559 3740 2619 ad

2228 2668 2427 2710 unum
2457 2667 2817 2730 supremum
2846 2656 3031 2730 caput
3070 2668 3203 2711 esse
3240 2651 3655 2726 revocandam,
3690 2658 3739 2711 et

2230 2742 2521 2813 Ecclesiae,
2557 2744 2839 2822 regimen
2882 2762 2960 2805 ex
2994 2744 3215 2805 eadem
3250 2744 3617 2805 institutione
3641 2762 3743 2805 esse

2228 2835 2697 2898 monarchicum
2713 2853 2736 2917 3
2762 2836 2868 2898 sed
2902 2837 3190 2898 Ecclesiae
3224 2836 3582 2912 hierarchia,
3615 2846 3666 2900 et
3686 2840 3743 2898 il·

2228 2929 2349 2990 lius
2370 2928 2653 3008 regimen
2669 2949 2913 3011 semper
2938 2931 3125 2991 durat
3143 2933 3508 2992 continuata
3522 2930 3742 3011 quadam

2228 3024 2631 3096 successione,
2692 3043 2770 3085 ex
2819 3022 3035 3086 eadem
3080 3025 3310 3087 Christi
3354 3025 3705 3087 institutione
3721 3040 3737 3101 3

2231 3137 2379 3197 ergo
2408 3124 2471 3179 et
2498 3119 2692 3198 ipsius
2718 3124 2905 3199 caput
2934 3118 3120 3179 modo
3149 3120 3395 3180 eodem.

2310 3214 2369 3274 3.
2412 3210 2687 3276 Assertio
2715 3212 2994 3275 secunda.
3026 3243 3109 3258 -
3136 3212 3286 3274 Dico
3323 3212 3611 3274 secundo:
3640 3220 3736 3293 post

2230 3306 2448 3368 divum
2492 3306 2768 3380 Petrum,
2814 3322 3057 3385 semper
3100 3306 3383 3366 exercuit
3422 3307 3487 3365 in
3530 3305 3742 3366 Ecclesia

2228 3400 2499 3479 supremi
2526 3400 2795 3459 Pastoris
2814 3406 2877 3459 ct
2903 3398 3183 3479 Episcopi
3208 3400 3573 3478 dignitatem
3601 3412 3652 3460 et
3668 3416 3748 3477 po-

2224 3499 2507 3554 testatem
2556 3492 2869 3553 Romanus
2898 3490 3255 3572 Episcopus.
3292 3493 3438 3553 Haec
3486 3490 3749 3552 conclusio

2227 3604 2371 3646 cum
2398 3604 2527 3646 non
2556 3591 2684 3646 tam
2712 3586 2792 3646 sit
2829 3583 2906 3647 de
2936 3584 3078 3664 jure
3116 3602 3312 3665 quam
3359 3586 3437 3646 de
3462 3585 3631 3659 factn,
3656 3602 3750 3663 po·

2224 3680 2348 3740 tius
2375 3678 2630 3739 testibus
2654 3685 2719 3739 et
2738 3678 3010 3738 historiis
3049 3695 3243 3757 quam
3274 3678 3611 3740 rationibus
3632 3694 3753 3737 con-

2224 3772 2533 3833 firmanda
2572 3776 2685 3832 est.
2734 3772 2942 3832 Testes
2978 3788 3126 3832 vero
3164 3772 3248 3833 ad
3278 3772 3549 3853 quinque
3590 3772 3755 3851 capita

2224 3864 2499 3926 revocari
2526 3871 2779 3945 possunt
2793 3911 2816 3942 ,
2846 3866 3173 3940 nimirum,
3208 3864 3553 3941 Pontifices,
3582 3864 3756 3925 Conci-

2223 3959 2332 4034 lia,
2366 3959 2596 4034 Patres,
2647 3958 3067 4038 imperatores,
3098 3958 3403 4037 ipsosmet
3450 3958 3756 4019 haereticos.

2228 4054 2319 4117 Ex
2348 4052 2620 4114 historiis
2663 4060 2873 4114 autem
2900 4052 3115 4113 decem
3146 4053 3334 4131 signa
3378 4053 3562 4133 hujus
3592 4058 3759 4132 potes-

2226 4148 2395 4222 tatiS‚
2452 4164 2590 4227 quae
2630 4144 2957 4207 manifeste
3002 4144 3173 4207 illam
3234 4141 3542 4223 indicant,
3584 4142 3762 4207 afferri

2228 4246 2502 4321 possunt.

2310 4336 2370 4394 4.
2422 4334 2673 4397 Primus
2698 4334 2907 4398 modus
2918 4332 3219 4415 probandi
3245 4332 3650 4409 αεεοντίοηεηι,
3672 4348 3767 4413 per

2229 4426 2409 4489 varia
2442 4425 2737 4489 nimio-tom
2764 4424 3241 4490 testimoniorwm
3265 4444 3512 4507 ymera.
3540 4457 3616 4471 —
3642 4422 3767 4485 Pri·

2228 4538 2394 4581 mum
2424 4537 2610 4600 ymas
2649 4522 2917 4595 testium,
2959 4518 3322 4597 Pontifices.
3369 4550 3452 4565 —-
3482 4516 3769 4582 Habentur

2231 4612 2499 4694 epistola·
2519 4613 2587 4675 in
2611 4615 2753 4675 tom.
2779 4617 2807 4674 1
2840 4612 3076 4694 epistol.
3086 4614 3365 4693 pontific.
3381 4608 3768 4691 —Effuffium

2232 4706 2587 4769 obstruitur.
2620 4736 2702 4751 -·-
2725 4704 2947 4769 Altera
2988 4704 3301 4769 oalmnnia
3332 4708 3679 4769 removetur.
3704 4730 3771 4745 -

2196 4838 2212 4850 -
2230 4800 2439 4860 Primo
2460 4800 2673 4879 itaque
2714 4800 2999 4878 arguitur
3023 4780 3109 4859 ¹ex
3142 4800 3518 4860 auctoritate
3551 4790 3771 4857 Pontifi-

2230 4911 2415 4969 cum,
2466 4893 2746 4973 plerique
2789 4892 2957 4956 enim
2998 4892 3181 4954 editis
3201 4890 3500 4973 Epistolis
3542 4890 3663 4951 suis
3685 4886 3773 4947 de·

2233 4986 2565 5048 crctalibus
2583 4986 2749 5047 hanc
2766 4986 2885 5047 sihi
2908 4985 3221 5048 ascribunt
3243 4987 3640 5066 dignitatem.
3660 4978 3773 5042 Cle·

2231 5097 2429 5155 mcnS,
2458 5079 2809 5155 Anacletus,
2836 5079 3222 5159 zephirinus,
3245 5078 3363 5159 qui
3388 5075 3773 5158 Apostolicam

2229 5175 2658 5237 auctoritatem
2699 5175 2768 5236 in
2812 5194 2923 5236 sua
2969 5174 3113 5237 sede
3150 5184 3563 5255 cognoscunt,
3613 5177 3671 5232 et
3720 5168 3773 5227 in

2230 5267 2337 5327 illa
2363 5268 2677 5346 graviores
2721 5284 2933 5329 causas
2974 5268 3484 5329 determinandas
3520 5282 3645 5329 esse
3685 5256 3777 5322 do·

2229 5368 2408 5435 cent3
2449 5361 2768 5422 Callistus:
2807 5360 2996 5428 Nulli
3027 5360 3268 5424 dubium
3297 5367 3395 5425 est
3420 5360 3582 5443 quod
3600 5356 3777 5439 Apos-

2232 5452 2413 5517 tolioa
2437 5452 2721 5517 Ecclesia
2743 5460 2924 5537 caput
2950 5454 3036 5517 sit
3058 5455 3327 5517 omnium
3350 5453 3774 5517 Baetasiorum.

2230 5546 2431 5609 Julius
2459 5550 2516 5623 1,
2549 5547 2848 5626 GelasiuS,
2882 5548 3171 5629 VigiliuS,
3202 5548 3497 5610 camdem
3531 5542 3779 5626 dignita·
