3900 6217
550 391 712 444 SECT.
748 392 831 443 111.
868 389 951 441 AN
982 389 1309 452 POSTQUAM
1344 389 1637 442 ficem-:sm
1670 387 1809 439 flA-:c
1842 386 2102 448 1ΝΕΕΡΙΤ,
2137 385 2378 438 sssmpssn
2411 385 2784 448 DURAVERIT,
2821 385 2956 436 mc.

205 496 423 574 reliquos
464 509 623 568 vero,
666 490 975 552 Adamum
1016 496 1079 551 et
1122 491 1339 554 Evam.
1384 491 1451 550 in
1498 487 1701 569 gratia

203 591 351 650 luisse
374 585 749 648 confirmatos
784 583 1165 663 ignoremuS,
1208 583 1387 646 facile
1414 582 1547 645 fieri
1594 602 1701 663 po-

202 684 295 742 tuit
320 692 379 742 ut
408 678 707 740 interdum
734 683 1097 756 peccarent3
1124 677 1277 757 quid
1304 694 1452 755 ergo
1495 676 1561 736 in
1584 676 1701 736 hoc

203 767 481 834 diceu'dum
518 773 616 847 sit,
646 771 813 832 infra
840 771 1081 850 agendo
1123 771 1197 834 de
1222 768 1699 851 proprietatibus

202 867 451 941 Ecclesiae,
476 863 789 926 constabit.

260 962 308 1021 6.
344 957 599 1022 Assertio
633 959 893 1021 secunda
942 961 1001 1020 et
1042 957 1115 1020 de
1140 958 1259 1034 fide
1280 955 1599 1038 probatem.
1617 991 1699 1006 —-

198 1055 311 1116 Dico
354 1050 609 1112 secundo
636 1071 651 1109 :
706 1049 979 1112 Ecclesia
1010 1057 1192 1130 prout
1220 1069 1387 1112 nunc
1429 1057 1543 1126 est,
1576 1049 1697 1110 fuit

194 1170 223 1210 a
272 1147 479 1208 Christo
532 1146 793 1206 Domino
852 1145 1134 1206 instituta
1164 1167 1179 1219 ;
1234 1151 1325 1206 est
1381 1151 1549 1206 certa
1620 1145 1699 1206 de

190 1241 305 1312 fide,
354 1241 515 1302 Matt.
566 1239 808 1300 decimo
862 1243 1033 1300 sexto
1076 1258 1093 1302 ε
1143 1237 1348 1320 Super
1390 1240 1547 1302 hanc
1595 1257 1699 1322 pe-

191 1343 319 1397 tram
360 1331 656 1410 edificabo
698 1330 1039 1395 Ecclesiam
1074 1349 1267 1394 meam
1284 1355 1312 1404 ,·
1360 1331 1700 1410 eademque

192 1427 379 1490 veritas
410 1424 763 1487 invenietur
802 1425 1023 1504 passim
1076 1423 1241 1504 apud
1288 1425 1520 1486 Patres.
1544 1423 1701 1484 Vide

194 1520 545 1599 Cyprianum,
566 1524 632 1580 et
654 1519 1099 1598 Augustinum,
1120 1519 1199 1580 de
1228 1517 1473 1579 Unitate
1500 1517 1705 1579 Eccle-

192 1616 275 1676 siae
290 1635 305 1687 3
332 1611 762 1692 Epiphaniam,
794 1618 858 1674 et
884 1611 1038 1674 alios
1064 1631 1253 1691 supra
1286 1611 1521 1672 allatos.
1548 1611 1703 1672 Con-

194 1707 411 1767 veniunt
446 1705 595 1766 item
638 1724 857 1767 omnes
898 1705 1282 1780 scholastici,
1332 1724 1403 1766 ac
1431 1711 1601 1785 patet
1626 1724 1704 1767 ex

194 1798 621 1881 proprietatibus
650 1817 791 1879 quae
820 1799 967 1860 hnic
994 1796 1275 1860 Ecclesiae
1304 1797 1701 1877 tribuuntur,

196 1893 447 1972 praecipue
474 1911 550 1952 ex
572 1891 689 1952 illa
722 1911 863 1972 quae
898 1891 1123 1953 dieitur
1147 1889 1518 1973 Apostolica,
1544 1893 1706 1954 seili-

194 1993 267 2046 cet
294 1985 529 2046 tundata
562 2003 751 2066 super
788 1985 1249 2062 fundamentum
1282 1981 1707 2064 Apostolorum

194 2084 237 2140 et
258 2079 705 2159 Prophetarum,
743 2078 822 2138 ad
864 2079 1087 2158 Ephes.
1119 2079 1191 2156 23
1220 2078 1395 2155 item,
1426 2079 1570 2158 quia
1612 2099 1708 2140 sa-

194 2179 458 2232 cramenta
486 2177 532 2247 ⁸,
562 2171 961 2248 sacrificium,
986 2171 1422 2248 sacerdotium,
1452 2179 1517 2232 et
1544 2179 1708 2234 totus

195 2263 587 2326 ecclesiasticus
630 2265 809 2341 ordo,
854 2282 931 2327 ex
970 2283 1097 2345 quo
1135 2266 1312 2345 quasi
1358 2283 1555 2326 unum
1595 2265 1709 2326 Ec-

198 2357 357 2418 clesiae
380 2375 595 2438 corpus
622 2357 963 2437 consurgit,
987 2378 1025 2422 a
1046 2355 1287 2420 Christo
1310 2357 1573 2420 Domino
1613 2359 1707 2418 in·

195 2455 459 2528 ceperunt,
486 2455 557 2510 ut
582 2451 720 2512 suis
746 2450 895 2512 locis
923 2451 1287 2512 ostenditur.
1313 2451 1562 2526 Quaeres
1583 2469 1707 2530 quo

198 2547 419 2620 tempore
443 2549 581 2623 post
606 2551 832 2606 natum
852 2544 1161 2606 Christum
1190 2544 1489 2625 inceperit
1507 2545 1710 2606 Eccle-

198 2637 277 2696 sia.
298 2637 669 2716 Respondeo,
688 2657 725 2698 a
753 2637 1062 2718 principio
1090 2657 1218 2700 suae
1250 2638 1708 2718 praedieationis

200 2727 447 2790 Christum
498 2733 764 2811 coepisse
811 2731 978 2794 illius
1022 2733 1229 2812 jacere
1276 2733 1705 2810 fundamenta,

202 2831 508 2886 nontamen
543 2825 812 2888 omnino
852 2827 1187 2889 absolvisse
1212 2825 1565 2905 aedificium,
1602 2847 1709 2888 us-

208 2935 293 2994 quc
327 2919 393 2978 ad
432 2925 685 2999 tempus
716 2918 846 2980 fere
893 2921 1283 2982 Ascensionis
1300 2967 1319 2997 ,
1362 2940 1502 2982 eum
1550 2921 1711 2982 dixit

215 3010 353 3087 Petro,
370 3009 591 3074 Joann.
624 3013 703 3074 21
738 3031 754 3075 :
781 3011 975 3077 Pasce
1002 3007 1136 3078 oo'es
1164 3031 1351 3077 mear.

270 3105 305 3164 ἵ.
337 3105 425 3168 Aa
444 3107 733 3189 opposita
757 3109 827 3168 in
854 3125 1019 3170 num.
1064 3105 1304 3168 1.--Αᾶ
1340 3113 1711 3187 argumenta

206 3197 335 3258 initio
362 3199 535 3271 facta,
565 3199 980 3280 respondetur
1002 3198 1213 3263 Patres
1240 3201 1558 3262 interdum
1583 3209 1709 3262 sta-

204 3297 329 3353 tuere
353 3293 727 3374 prineipium
754 3293 1035 3355 Ecclesiae
1067 3294 1134 3355 i‘n
1158 3293 1351 3370 Abel,
1380 3295 1527 3374 quia
1554 3301 1711 3355 tem·

200 3403 285 3462 pus
316 3385 454 3447 illud
492 3387 670 3448 inter
713 3385 913 3467 ipsum
944 3395 1007 3448 et
1048 3395 1367 3468 parentem
1406 3387 1585 3450 nihili
1616 3405 1713 3449 re-

199 3480 399 3553 putatur
420 3479 611 3542 :Abel
638 3485 853 3541 autem
880 3478 999 3540 fuit
1017 3481 1255 3561 primus
1274 3480 1501 3560 justus,
1524 3497 1711 3560 quem

198 3569 459 3650 Scriptura
495 3571 899 3634 commendat
948 3580 1083 3652 post
1154 3579 1471 3654 peccatum
1522 3573 1708 3648 Adae;

196 3660 289 3722 [uit
311 3665 479 3726 etiam
528 3667 777 3746 primus
815 3665 1100 3730 Ecclesiae
1130 3667 1366 3730 fructus
1391 3713 1412 3744 ,
1447 3673 1518 3729 ut
1566 3667 1713 3728 Gre-

194 3757 365 3833 gorius
394 3759 499 3829 ait,
556 3761 715 3839 quia
762 3761 1001 3840 primus
1038 3762 1104 3822 in
1157 3763 1359 3841 gratia
1408 3762 1709 3837 decessit3

197 3849 287 3909 l'uit
308 3853 525 3930 primus
557 3853 675 3933 qui
705 3853 879 3933 virgo
917 3856 1277 3934 permansit.
1304 3858 1533 3917 Auctor
1558 3873 1716 3936 quo-

196 3960 287 4021 que
324 3946 514 4024 operis
543 3947 624 4008 de
672 3947 1057 4010 Mirabilibus
1100 3947 1407 4025 Eeeloeioe,
1460 3948 1621 4010 libro
1654 3957 1712 4025 1,

198 4053 299 4115 cap.
354 4043 421 4114 1,
480 4039 869 4102 sacerdotem
926 4047 989 4103 et
1039 4043 1316 4123 primum
1376 4049 1715 4122 martyrem

198 4147 309 4192 eum
338 4131 600 4213 appellat
616 4151 643 4212 3
676 4151 821 4196 nam
874 4135 943 4196 in
972 4135 1081 4197 illo
1118 4127 1714 4216 coepit⁵persecutio-

198 4239 311 4286 nem
328 4229 442 4305 pati
456 4227 729 4290 Ecelaeia
752 4228 831 4290 ab
860 4225 1216 4291 hominibus
1246 4230 1471 4310 pravis,
1492 4229 1710 4292 Matth.

196 4317 260 4379 23
296 4339 311 4378 :
342 4319 395 4382 A
419 4323 721 4402 semine
767 4321 914 4386 Abel
936 4324 1128 4402 jacti,
1160 4329 1411 4405 propter
1446 4342 1607 4404 quse,
1635 4323 1719 4385 ad

200 4410 443 4476 Hebraeos
486 4419 590 4492 11,
623 4416 709 4477 ab
756 4415 863 4477 illo
900 4418 1085 4497 coepit
1109 4417 1337 4478 Paulus
1386 4434 1719 4479 numerare

200 4520 299 4580 eos,
334 4508 431 4587 qu·
474 4527 597 4592 per
649 4509 831 4586 fidem
881 4509 1141 4573 salutem
1184 4512 1483 4574 consecuti
1528 4515 1715 4583 sant,-

201 4615 311 4658 cum
336 4607 533 4662 autem
580 4602 997 4681 Augustinus,
1040 4603 1285 4665 Psalmo
1314 4604 1459 4677 128,
1490 4603 1579 4663 ait
1618 4602 1715 4663 in-

205 4693 405 4756 terdum
446 4695 633 4758 fuisse
676 4695 1011 4758 Ecclesiam
1058 4699 1127 4760 in
1186 4698 1317 4759 solo
1365 4697 1515 4759 Abel
1542 4743 1562 4774 ,
1612 4697 1713 4759 vel

206 4784 534 4867 abrahamo,
570 4789 869 4870 intelligit
895 4789 971 4853 de
1018 4790 1117 4852 his
1157 4795 1405 4852 tantum
1446 4790 1716 4871 Scriptu-

206 4893 313 4940 ram
332 4884 705 4945 mentionem
727 4883 953 4947 faeere.

274 5067 287 5100 ¹
326 5065 487 5126 Tem.
518 5067 557 5127 3
584 5067 663 5129 de
698 5067 1111 5142 sacrament„
1140 5065 1204 5129 d.
1250 5067 1351 5142 12,
1380 5073 1527 5128 sect.
1567 5070 1627 5144 1,
1656 5073 1720 5128 et

211 5152 333 5233 disp.
362 5159 455 5231 u,
482 5167 629 5222 sect.
652 5163 689 5223 3
704 5161 779 5223 de
802 5159 1153 5223 Ecclesiast.
1182 5159 1435 5239 ordine3
1464 5159 1716 5236 Bellar„

214 5243 275 5307 de
296 5249 511 5330 cleric„
534 5272 573 5315 a
594 5273 649 5317 c.
677 5255 737 5316 2.

806 5421 1065 5442 *—

3221 377 3340 440 255

2391 609 2606 662 ssse'rto
2645 609 2730 662 111.

1777 809 1879 872 An
1932 815 2252 890 postquam
2303 809 2590 874 Ecclesia
2645 805 3026 872 CHRISTI
3075 807 3336 890 incepit,

1857 923 2089 984 semper
2115 905 2449 980 duraverit,
2481 907 2540 966 et
2569 920 2756 983 acque
2791 903 2875 964 ad
2909 902 3092 978 finem
3133 899 3343 964 roeculi

1861 999 2168 1062 duratura
2194 998 2281 1060 sit
2303 999 2333 1058 ‘1

1860 1226 1919 1286 1.
1964 1222 2236 1286 Assertio
2281 1225 2340 1296 1,
2385 1223 2454 1286 de
2491 1221 2774 1286 Ecclesia
2802 1221 2876 1284 ab
2913 1220 3090 1284 initio
3134 1223 3345 1285 mandi

1777 1337 1963 1398 usquc
1995 1319 2077 1380 ad
2101 1315 2832 1381 Christum—Probatur
2851 1334 2889 1379 a
2915 1321 3173 1397 tempore
3193 1313 3346 1378 Aaoe

1781 1430 1966 1492 usqae
2023 1413 2108 1474 ad
2171 1408 2500 1474 Abraham.
2541 1441 2623 1456 -
2673 1409 2740 1470 ln
2787 1409 2904 1471 hac
2959 1408 3298 1488 quaestione
3322 1455 3342 1486 ,

1781 1503 2136 1566 tractandas
2177 1503 2565 1583 ingredimur
2601 1502 2886 1564 Ecclesiae
2913 1503 3341 1583 proprietateS,

1782 1615 2049 1677 quarum
2081 1597 2282 1676 prima
2314 1603 2408 1659 est
2432 1596 2806 1677 perpetuitas
2831 1599 2846 1634 ¹
2873 1622 2901 1669 ,·
2928 1602 3115 1676 atque
3145 1602 3215 1655 nt
3235 1595 3346 1656 de-

1783 1689 2040 1752 finiatur
2081 1689 2324 1765 clarius,
2356 1690 2808 1769 distinguamus
2861 1689 2984 1750 duo
3013 1695 3295 1768 tempora
3324 1709 3338 1748 :

1784 1783 2069 1855 alterum,
2105 1802 2144 1844 a
2175 1783 2480 1863 principio
2510 1782 2730 1843 mundi
2779 1801 2972 1862 usque
3015 1782 3094 1842 ad
3147 1780 3350 1842 Chris-

1785 1884 1921 1937 tum
1946 1895 1962 1954 ;
1992 1877 2281 1951 alterum,
2313 1895 2350 1937 a
2383 1876 2624 1938 Christo
2655 1895 2847 1956 usqne
2896 1875 2976 1938 ad
3002 1875 3194 1938 finem
3239 1893 3346 1936 sae-

1786 1969 1929 2032 culi.
1984 1971 2128 2030 Dico
2174 1988 2320 2048 ergo
2348 1969 2553 2050 primo
2607 1986 2625 2031 ε
2676 1967 2940 2031 Ecclesia
2966 1987 3004 2030 a
3040 1969 3136 2030 sui
3167 1967 3347 2029 initio

1788 2064 2044 2143 (saltem
2080 2069 2218 2144 post
2261 2065 2606 2144 primorum
2659 2069 2985 2142 parentum
3037 2063 3346 2144 poeniten-

1786 2159 1962 2234 tiam,
2003 2159 2053 2218 si
2084 2157 2243 2218 forte
2276 2165 2386 2237 per
2429 2156 2716 2218 haeresim
2773 2157 2960 2217 etiam
3011 2156 3169 2236 lapsi
3213 2155 3348 2216 tue-

1786 2257 1969 2326 rant,
2022 2249 2100 2313 de
2143 2267 2267 2330 quo
2316 2249 2468 2311 alibi
2493 2251 2566 2327 2)
2620 2267 2818 2329 usque
2879 2247 2958 2309 ad
3009 2248 3347 2310 adventum

1790 2344 2036 2420 Christi,
2071 2349 2369 2425 perpetua
2405 2343 2670 2422 quadam
2715 2341 2996 2403 fidelium
3023 2344 3348 2404 successio·

1788 2456 1867 2498 ne
1896 2437 2170 2513 duravit,
2212 2455 2352 2517 quae
2404 2453 2604 2516 neque
2635 2434 2898 2498 minimo
2944 2441 3222 2516 tempore
3254 2437 3350 2497 in-

1786 2536 2066 2610 terrupta
2104 2529 2246 2605 fuit,
2297 2529 2368 2590 in
2411 2547 2532 2610 quo
2583 2549 2712 2592 non
2766 2529 2955 2592 fuerit
2995 2529 3062 2590 in
3115 2531 3350 2592 mundo

1786 2623 1998 2702 aliqua
2023 2623 2302 2686 fidelium
2333 2623 2750 2702 congregatio.
2776 2623 2882 2684 Est
2908 2639 3075 2685 certa
3097 2629 3161 2684 et
3185 2641 3349 2685 eom·-

1790 2718 1999 2779 munis
2057 2716 2390 2778 conclusio.
2441 2713 2774 2792 Probatur,
2830 2717 3124 2796 quoniam
3183 2723 3350 2778 certo

1790 2815 2032 2872 constat
2063 2828 2138 2870 ex
2165 2809 2504 2888 Scriptura,
2531 2809 2727 2870 Adam
2747 2813 2810 2870 et
2831 2810 3024 2871 Evam
3053 2815 3191 2889 post
3213 2827 3350 2890 pec-

1790 2910 1998 2966 catum
2029 2901 2216 2964 fidem
2243 2901 2552 2964 habuisse.
2586 2903 2741 2964 Nam
2775 2902 3088 2982 Scriptura
3115 2921 3349 2964 memo·

1786 3005 1885 3058 rat
1912 2997 2111 3058 Adam
2153 2996 2350 3074 egisse
2384 2995 2834 3075 poenitentiam,
2865 3013 2937 3056 ae
2977 2995 3164 3057 fuisse
3197 3015 3350 3075 prae-

1790 3089 2190 3159 destinatum,
2241 3087 2570 3169 Sapientiae
2610 3089 2721 3166 103
2763 3088 3050 3168 idemque
3089 3089 3350 3150 ereden-

1788 3183 1939 3244 dum
1967 3189 2060 3244 est
2087 3181 2164 3244 de
2177 3181 2328 3257 Eva,
2349 3199 2548 3262 neque
2577 3182 2838 3244 cozitari
2865 3190 2975 3241 aut
3001 3181 3123 3243 diei
3155 3188 3352 3262 potest

1788 3275 1923 3338 sine
1974 3294 2204 3354 magna
2234 3275 2605 3350 temeritate,
2651 3276 2786 3334 ulos
2831 3274 3156 3338 decessisse
3197 3275 3349 3336 infi-

1790 3369 1980 3442 deles,
2003 3386 2111 3430 seu
2135 3365 2405 3428 finaliter
2431 3365 2618 3429 fidem
2645 3369 2944 3443 amisisse,
2974 3387 3121 3429 eum
3147 3387 3350 3449 neque

1794 3462 2115 3542 Scriptura
2144 3460 2210 3520 id
2232 3456 2486 3537 iudicet,
2509 3478 2710 3540 neque
2740 3460 2868 3522 ulla
2894 3461 2974 3522 sit
2996 3461 3352 3540 conjectura

1798 3555 1890 3617 vel
1916 3557 2074 3618 ratio
2105 3554 2185 3616 ad
2207 3554 2272 3615 id
2301 3554 2737 3634 suspicandum
2750 3571 2772 3632 ζ,
2797 3553 3084 3618 similiter
3113 3553 3351 3618 clamm

1792 3649 1980 3712 etiam
2014 3655 2128 3726 est,
2159 3655 2238 3710 nt·
2267 3665 2453 3728 supra
2479 3648 2633 3723 dixi,
2677 3667 2815 3710 eam
2862 3645 3047 3712 fidem
3082 3655 3352 3728 posteros

1792 3760 1932 3803 suos
1978 3742 2294 3814 docuisse3
2346 3747 2586 3802 constat
2636 3741 2830 3820 igitur
2877 3746 3158 3820 tempore
3208 3741 3352 3804 vitae

1795 3836 1965 3910 Adae,
1988 3836 2154 3916 quod
2182 3837 2302 3898 900
2329 3853 2527 3897 annos
2571 3836 2848 3911 excessit,
2892 3833 3224 3898 Ecclesiam
3249 3853 3354 3896 ex-

1792 3929 2010 3990 titisse.
2037 3929 2338 4010 Tempore
2365 3935 2577 3990 autem
2605 3927 2823 3990 mortis
2850 3927 2996 3992 Adue
3017 3929 3152 4008 jam
3185 3929 3353 3990 vive-

1794 4017 1904 4084 bat
1924 4021 2205 4098 Henoeh‚
2236 4024 2363 4084 imo
2391 4027 2522 4084 erat
2538 4019 2656 4083 308
2675 4040 3006 4098 annorum,
3037 4041 3113 4084 ex
3139 4021 3354 4102 quinto

1794 4133 1929 4195 cap.
1961 4115 2228 4193 Genes.;.
2269 4116 2374 4177 ille
2401 4121 2613 4177 autem
2651 4114 2770 4176 fuit
2812 4117 3035 4195 Justus,
3065 4121 3131 4176 et
3167 4111 3356 4176 iidem

1794 4207 2040 4285 habuit,
2085 4209 2363 4289 vixitque
2405 4209 2571 4270 inter
2614 4207 2897 4270 homines
2930 4207 3124 4270 donee
3152 4207 3233 4268 ab
3265 4207 3356 4268 eis

1797 4303 2264 4377 transferretur,
2295 4321 2494 4382 usque
2519 4299 2598 4362 ad
2643 4301 2760 4364 ⁴13
2794 4320 3032 4364 annum
3069 4304 3214 4362 vitoe
3243 4301 3358 4362 La·

1798 4396 2002 4472 mech,
2043 4395 2284 4476 nepotis
2334 4398 2453 4471 sui,
2483 4413 2670 4474 quem
2720 4395 2908 4458 fuisse
2943 4395 3182 4473 justum
3211 4412 3357 4455 con-

1796 4495 1917 4552 stat
1944 4508 2023 4552 ex
2054 4488 2258 4551 verbis
2284 4487 2533 4550 Genesis
2562 4488 2782 4568 quinto
2812 4504 2830 4548 ε
2869 4487 3001 4552 Iste
3037 4487 3356 4552 consolabi-

1796 4589 1905 4648 tur
1936 4601 2045 4646 nos
2074 4583 2144 4646 ab
2184 4581 2456 4666 operibus
2483 4587 2540 4644 et
2565 4581 2868 4646 laboribus
2895 4599 3184 4644 manuum
3219 4597 3357 4642 nos-

1797 4685 2038 4740 trarum
2061 4677 2128 4738 in
2161 4683 2349 4750 terra,
2387 4675 2486 4738 cai
2510 4673 2825 4738 maledicit
2848 4675 3146 4761 Dominus
3163 4699 3192 4747 ,·
3219 4693 3357 4754 quac

1795 4768 1985 4831 verba
2011 4768 2268 4830 fuerunt
2315 4767 2478 4828 dicta
2515 4767 2592 4828 ab
2638 4768 2770 4848 ipso
2797 4768 3086 4846 Lamech,
3133 4775 3196 4830 et
3224 4770 3358 4832 sine

1796 4861 1988 4922 dubio
2037 4880 2114 4923 ex
2165 4879 2392 4940 magna
2449 4859 2572 4922 fide
2613 4860 3042 4940 procedebant.
3093 4861 3359 4926 Lamech

1795 4962 2007 5017 autem
2035 4957 2254 5034 genuit
2298 4953 2424 5016 Noe
2471 4953 2551 5013 69
2586 4971 2780 5015 annos
2825 4960 2963 5034 post
3013 4955 3358 5017 translatio-

1796 5067 1941 5110 nem
1967 5047 2204 5122 Enoch,
2228 5046 2477 5127 quibus,
2508 5065 2701 5127 usque
2717 5048 2796 5108 ad
2813 5054 3060 5110 aetatem
3077 5050 3358 5111 adultam

1799 5143 1947 5220 Noe,
2003 5141 2335 5204 Ecclesiam
2379 5141 2444 5202 in
2498 5139 2622 5202 illis
2669 5141 3026 5206 hominibus
3077 5161 3360 5224 perseve-

1886 5339 1903 5374 ⁸
1950 5333 2172 5412 Supra,
2202 5331 2358 5412 disp.
2391 5331 2451 5408 5,
2478 5337 2627 5393 sect.
2664 5333 2725 5406 6,
2753 5335 3075 5398 nonnulla.

1879 5429 1906 5465 ²
1956 5425 2105 5488 Vide
2144 5424 2253 5488 lib.
2305 5427 2343 5485 4
2387 5425 2464 5488 de
2503 5425 2696 5504 Opere
2737 5443 2844 5488 sex
2889 5427 3159 5506 dierum,
3195 5449 3250 5494 c.
3319 5431 3358 5492 3

1799 5528 1860 5584 et
1888 5523 1947 5583 4.
3345 5537 3348 5540 ’
