3900 6217
496 405 619 468 m

493 511 698 593 napis,
760 517 877 574 etc.
914 510 1063 586 Qnae
1097 509 1234 573 loca
1267 511 1646 588 Ambrosius,
1688 515 1749 572 et
1789 508 2064 572 Hilarius

496 623 709 686 supra,
740 603 817 666 de
856 604 1163 668 catholica
1191 603 1315 667 fide
1356 605 1863 686 interpretantur.
1905 602 2064 663 Prae-

490 705 663 762 terea
696 717 882 762 nemo
904 699 1149 762 dubitat.
1186 700 1349 764 hanc
1391 699 1579 763 fidem
1619 698 2064 761 miraculorum

494 810 623 855 non
663 793 961 872 distingui
990 793 1071 854 ab
1102 792 1210 854 illa
1237 793 1313 854 de
1338 812 1463 874 qua
1496 791 1707 855 Jacob.
1715 836 1735 867 ,
1770 797 1798 852 1
1836 793 2058 870 capite,

494 886 701 966 inquit
734 902 751 947 ι
781 886 1063 952 Postulet
1088 885 1157 948 in
1173 887 1317 964 fide,
1338 886 1497 952 nihil
1531 887 1864 958 weitaim,-
1888 884 2062 946 illam

494 987 706 1041 autem
746 998 875 1041 non
915 998 1045 1042 esse
1088 979 1572 1042 substantialiter
1616 979 1968 1040 distinctam
2025 995 2064 1039 a

494 1071 619 1134 fide
651 1073 859 1136 infusa
878 1080 940 1136 et
963 1074 1290 1152 catholica,
1322 1079 1560 1136 constat
1602 1093 1679 1136 ex
1715 1074 1925 1135 Glossa
1964 1090 2062 1133 or-

495 1167 762 1245 dinaria,
811 1175 875 1230 et
914 1169 1159 1248 Lyrano
1186 1168 1299 1244 ibi,
1339 1169 1446 1248 qui
1488 1168 1705 1230 dicunt
1739 1165 2072 1228 haesitatio-

496 1278 665 1336 nem,
702 1279 892 1340 quam
920 1261 1190 1324 excludit
1213 1261 1321 1323 illa
1359 1260 1535 1337 fideS,
1566 1277 1693 1322 non
1723 1277 1853 1322 esse
1894 1258 2068 1320 illam

496 1371 637 1435 quse
664 1357 940 1418 nascitur
971 1373 1049 1418 ex
1072 1352 1563 1418 consideratione
1590 1353 1855 1434 propriae
1890 1351 2069 1413 intir-

496 1448 753 1524 mitatis,
804 1447 912 1510 sed
940 1465 1079 1528 quae
1122 1456 1216 1511 est
1242 1448 1319 1509 de
1356 1447 1463 1510 Dei
1506 1453 1826 1528 potestate,
1857 1445 1956 1507 vel
1985 1445 2063 1506 de

494 1541 817 1604 voluntate
846 1542 1035 1603 dandi
1066 1541 1375 1622 postulata
1400 1540 1773 1622 petentibus,
1817 1539 2061 1601 etiamsi

496 1635 599 1716 pie
628 1648 691 1698 et
720 1635 926 1698 debite
953 1642 1190 1716 petant.

578 1731 639 1790 7.
672 1728 984 1794 Probatur
1014 1730 1216 1812 primo
1262 1731 1471 1794 habita
1495 1731 1733 1794 ratione
1769 1727 2056 1794 nominis.

496 1821 749 1886 -Item
773 1823 982 1893 habita
1008 1824 1243 1888 ratione
1260 1821 1371 1887 rei.
1393 1856 1475 1872 —
1492 1821 1594 1886 Ad
1604 1823 2066 1902 fundamentum

499 1917 874 1980 contrarium
903 1917 971 1978 in
1000 1933 1166 1979 num.
1196 1918 1523 1980 1.·--Ratio
1554 1935 1702 1978 vero
1729 1915 2066 1978 conclusio-

498 2008 597 2070 nis
632 2010 833 2072 solum
880 2027 1009 2072 esse
1053 2017 1277 2091 potest,
1312 2014 1461 2091 quia
1506 2011 1637 2072 haec
1680 2016 1925 2072 tantum
1973 2014 2066 2070 est

498 2104 746 2184 proprie
774 2109 838 2165 et
881 2104 1289 2166 essentialiter
1330 2105 1480 2186 fides
1496 2121 1517 2182 ;
1568 2105 1736 2165 unde
1762 2103 1901 2164 aliis
1932 2119 2064 2164 non

498 2197 789 2258 convenit
822 2196 940 2258 boc
972 2215 1225 2270 nomen,
1275 2199 1397 2258 nisi
1444 2198 1714 2276 quadam
1750 2195 2058 2274 analogia.

500 2287 701 2365 Unde,
720 2291 1004 2370 quamvis
1027 2289 1183 2352 forte
1205 2289 1313 2352 illa
1341 2289 1588 2366 fiducia,
1621 2308 1759 2370 quae
1787 2307 2065 2352 necessa-

496 2383 591 2446 ria
618 2385 808 2446 etiam
829 2390 919 2446 est
949 2385 1014 2446 in
1049 2385 1383 2462 miraculis,
1415 2392 1619 2466 posset
1638 2385 1784 2460 dici,
1815 2403 1887 2445 ac
1912 2383 2066 2444 dici-

498 2482 604 2540 tur
628 2477 943 2540 interdum
958 2479 1131 2558 fides,
1152 2478 1409 2541 nomine
1438 2497 1637 2540 causae
1663 2477 1962 2540 translato
1987 2475 2066 2536 ad

499 2569 815 2646 effectum,
853 2577 925 2632 ut
948 2571 1099 2632 dicit
1126 2572 1197 2632 D.
1229 2571 1499 2634 Thomas
1529 2575 1588 2632 1.
1620 2573 1684 2644 2,
1710 2576 1927 2651 quaest.
1958 2569 2064 2643 40,

496 2667 672 2726 artic.
701 2667 763 2739 2,
797 2665 877 2726 ad
904 2667 968 2741 2,
998 2670 1233 2742 tamen,
1264 2667 1514 2746 proprie
1541 2664 1875 2743 loquendo,
1905 2669 1968 2723 et
1998 2668 2068 2724 ut

500 2758 568 2818 in
594 2757 939 2837 plurimum
984 2757 1136 2820 fides
1164 2759 1298 2838 ipsa
1346 2759 1715 2834 intellectus,
1759 2762 2066 2837 quatenus

495 2851 797 2932 peculiari
832 2851 1019 2914 modo
1062 2852 1412 2933 applicatur
1440 2852 1521 2915 ad
1565 2849 1939 2912 miraculum
1974 2849 2064 2909 fa·

497 2945 809 3022 ciendum,
849 2947 1077 3008 dicitur
1103 2947 1257 3008 fides
1290 2945 1758 3019 miraculorum,
1802 2961 1911 3005 scu
1957 2960 2066 3004 ne-

498 3041 762 3103 cessaria
803 3040 883 3102 ad
912 3040 1253 3116 miracula;
1284 3058 1423 3120 quae
1466 3039 1628 3101 ratio
1668 3036 2064 3117 potissimum

495 3134 613 3196 niti
656 3133 903 3198 videtur
932 3135 1001 3196 iu
1030 3134 1197 3196 vocis
1222 3132 1673 3213 significatione
1700 3137 1763 3192 et
1790 3131 2066 3211 proprie-

492 3233 643 3290 tate.
666 3229 729 3290 Si
761 3246 913 3290 vero
938 3229 1017 3290 de
1044 3245 1113 3290 re
1140 3228 1275 3309 ipsa
1298 3225 1654 3306 loquamur,
1679 3224 1827 3286 satis
1848 3241 1925 3284 ex
1941 3221 2068 3284 dic·

496 3321 577 3382 tis
607 3321 797 3384 etiam
834 3339 1161 3402 possumus
1190 3319 1557 3382 concludere
1586 3317 1798 3395 fidem,
1825 3334 1966 3396 quae
1987 3315 2066 3376 ad

500 3413 803 3475 miracula
828 3414 1187 3495 requiritur,
1218 3431 1347 3476 non
1372 3411 1682 3493 pertinere
1714 3409 1791 3472 ad
1830 3425 2064 3471 novum

493 3505 807 3584 habitum,
830 3525 941 3570 seu
962 3506 1259 3570 virtutem
1280 3506 1577 3581 infusam,
1608 3511 1809 3584 neque
1837 3501 2066 3564 consti-

494 3604 669 3662 tuere
696 3619 929 3662 novum
947 3619 1145 3682 genus
1170 3606 1279 3662 aut
1296 3598 1577 3662 ordinem
1601 3604 1879 3659 actuum.
1908 3596 2066 3656 Nam

496 3711 575 3754 ex
598 3693 800 3756 tribus
818 3713 1007 3774 supra
1028 3693 1433 3769 enumeratis,
1464 3711 1601 3772 quae
1626 3690 1897 3752 maxime
1924 3705 2066 3768 pos-

496 3793 641 3848 sunt
667 3805 1030 3851 concurrere
1058 3787 1138 3850 ad
1161 3804 1317 3868 opus
1334 3784 1797 3859 miraculosum,
1825 3783 2066 3862 primus

498 3881 1001 3946 manifestissime
1036 3887 1130 3944 est
1173 3886 1349 3943 actus
1376 3874 1543 3940 fidei.
1572 3876 1834 3950 TertiuS,
1861 3872 2065 3954 quoad

498 3975 937 4052 substantiam,
979 3981 1072 4037 est
1097 3980 1270 4036 actus
1296 3972 1451 4053 spei,
1480 3972 1631 4051 quia
1656 3987 1792 4050 spes
1818 3969 1888 4030 et'
1906 3966 2068 4028 fidu-

497 4067 594 4130 cia
644 4087 772 4130 non
837 4068 1330 4148 distinguuntur.
1392 4062 1715 4127 Secundus
1764 4079 1914 4124 vero
1936 4107 1960 4137 ,
2014 4061 2068 4122 si

500 4163 699 4237 adest,
735 4162 789 4243 ej
799 4163 1015 4225 usdem
1033 4159 1291 4222 rationis
1308 4164 1402 4221 est
1430 4175 1575 4219 cum
1600 4171 1855 4218 assensu
1870 4153 2067 4216 Theo-

497 4256 720 4336 logico,
752 4262 813 4319 et
835 4256 1047 4336 juvari
1074 4260 1273 4335 potest
1299 4271 1337 4313 a
1364 4250 1693 4332 prudentia
1731 4247 1939 4310 infusa
1966 4245 2066 4308 vel

500 4351 823 4430 acquisita,
843 4349 1046 4431 quoad
1063 4346 1541 4428 applicationem
1579 4341 1885 4424 generalis
1916 4339 2066 4402 fidei

499 4445 580 4507 ad
604 4445 721 4508 hoc
749 4443 1117 4526 particulare
1140 4443 1307 4504 factu
1315 4460 1399 4518 m,
1422 4439 1523 4502 vel
1538 4437 1651 4500 has
1664 4437 2066 4498 circumstan-

500 4541 619 4602 tias
653 4539 1076 4620 particulares.
1098 4539 1177 4599 Et
1202 4553 1277 4598 ex
1305 4534 1406 4595 his
1431 4532 1627 4594 tribus
1652 4529 1917 4607 actibus,
1940 4530 2066 4610 pri-

498 4653 639 4696 mus
664 4634 805 4695 fons
820 4638 913 4695 est
941 4636 1003 4694 et
1016 4629 1193 4693 radix
1223 4627 1512 4699 aliorum,
1556 4631 1781 4686 etcum
1808 4623 1964 4685 alias
1981 4624 2063 4684 sit

496 4729 915 4811 propriissime
944 4732 1114 4788 actus
1140 4722 1313 4800 fidei,
1352 4721 1489 4784 ideo
1521 4719 1610 4781 illi
1639 4717 2062 4800 propriissime

499 4822 789 4884 convenit
815 4821 977 4883 ratio
1003 4819 1150 4880 fidei
1178 4815 1645 4878 miraculorum.
1674 4815 1751 4874 Et
1788 4829 1898 4893 per
1928 4811 2064 4872 haec

496 4923 669 4997 patet
690 4914 1009 4996 responsio
1032 4913 1111 4975 ad
1150 4910 1631 4972 fundamentum
1666 4906 1891 4986 prioris
1922 4922 2062 4966 sen·

496 5011 729 5073 tentiae.
760 5011 915 5072 Nam
938 5007 1137 5070 solum
1164 5002 1479 5066 concludit
1518 5001 1704 5062 fidem
1735 4998 2060 5061 miraculo-

495 5122 663 5175 rum,
692 5104 911 5166 saltem
943 5097 1432 5172 accidentaliter,
1483 5093 1733 5158 differre
1782 5093 1861 5155 ab
1915 5100 2061 5154 actu

495 5198 640 5262 fidei
668 5197 1005 5273 catholicae,
1036 5193 1289 5270 scilicet,
1332 5192 1399 5253 in
1447 5190 1718 5271 quadam
1764 5187 2062 5268 peculiari

494 5292 872 5374 perfectione
900 5295 964 5354 et
997 5287 1314 5363 firmitate,
1355 5291 1419 5346 et
1465 5283 1741 5364 practica
1790 5280 2061 5360 applica-

494 5385 667 5448 tione
694 5385 862 5461 fidei,
892 5383 972 5445 ad
1006 5382 1125 5444 hoc
1152 5397 1307 5461 opus
1332 5377 1738 5458 particulare3
1775 5382 1839 5436 et
1864 5393 1937 5436 ea
1965 5393 2062 5436 ra-

494 5478 668 5541 tione
696 5495 825 5540 non
851 5483 945 5540 est
994 5473 1345 5538 communis
1384 5471 1529 5533 talis
1572 5475 1745 5532 actus
1769 5468 2062 5530 omnihus

498 5571 808 5648 fidelibus,
838 5587 1041 5650 neque
1066 5572 1348 5632 versatur
1374 5565 1443 5628 in
1481 5563 1775 5628 omnibus
1809 5561 2064 5642 dogma-

916 409 1161 463 mspu'r.
1194 410 1318 464 vlu.
1356 411 1437 464 DE
1470 407 1897 464 ms‘rchtoNE
1927 407 2093 462 num
2123 407 2208 460 AB
2239 407 2504 464 omnus
2537 410 2718 464 RONIS
2749 411 2830 463 ET
2861 411 3124 475 Gnarus,
3157 413 3293 469 Ere.

2142 507 2306 570 tibus
2331 509 2500 588 fidei,
2530 513 2836 594 praecipue
2863 513 3270 594 speculativis,
3293 517 3394 580 scd
3419 518 3480 581 in
3499 539 3654 602 prac-

2141 603 2300 681 tieis,
2332 611 2394 666 et
2416 607 2726 687 proecipne
2752 607 2820 668 in
2840 607 3343 688 promissionibus
3368 613 3490 675 Dei.

2221 698 2283 760 8.
2325 696 2592 780 ObJ'eetio
2631 705 2842 764 eontra
2883 701 3291 766 assertionem.
3323 739 3398 750 —
3431 707 3668 788 Res-pom

2141 789 2254 852 sio.
2287 823 2365 838 -
2385 790 3052 866 Fidermiraoulorum,
3075 801 3146 858 vt
3171 797 3258 858 sit
3277 794 3342 858 in
3369 806 3564 864 nostra
3573 819 3670 882 po-

2142 887 2377 948 testate.
2413 917 2498 932 -
2545 885 2855 950 Probatur
2889 904 2964 950 ese
3011 887 3340 970 Scriptura
3403 922 3482 938 -
3519 894 3664 973 Obji·

2143 977 2270 1040 cies
2305 1000 2320 1039 ε
2353 985 2526 1042 actus
2545 979 2691 1042 fidei
2714 981 3052 1059 catholicas,
3077 989 3140 1044 et
3161 984 3382 1063 quaevis
3403 987 3528 1065 ejus
3552 1007 3666 1066 per-

2141 1071 2350 1148 fectio,
2380 1079 2472 1135 est
2499 1073 2566 1134 in
2592 1079 2802 1136 nostra
2831 1079 3164 1155 potestate3
3208 1075 3336 1138 haec
3364 1095 3504 1139 vero
3537 1080 3670 1144 fides

2151 1166 2595 1229 miraculorum
2624 1185 2754 1228 non
2783 1167 2959 1243 item,
2999 1169 3159 1230 sicut
3179 1187 3292 1229 nec
3317 1178 3548 1250 petram
3571 1175 3671 1234 mi·

2149 1259 2384 1322 racula.
2414 1259 2616 1337 Unde,
2647 1261 2865 1322 Mattb.
2895 1264 2969 1322 17
2976 1306 2996 1337 ,
3025 1261 3299 1342 Apostoli
3323 1279 3448 1324 non
3484 1271 3672 1344 potue-

2151 1357 2300 1416 runt
2335 1354 2640 1435 expellere
2677 1355 3047 1432 doemonem,
3095 1373 3238 1416 cum
3272 1360 3471 1417 tamen
3505 1357 3670 1420 fldem

2151 1445 2520 1510 catholicam
2545 1449 2869 1512 haberent.
2903 1448 3322 1529 Respondean-
3367 1449 3527 1512 aliud
3557 1469 3670 1514 esse

2141 1549 2386 1623 patrare
2435 1542 2758 1618 miracula,
2810 1541 2980 1603 aliud
3025 1542 3254 1603 habere
3291 1542 3476 1604 fidem
3511 1542 3582 1605 de
3617 1563 3674 1606 se

2141 1635 2550 1699 sufficientem
2577 1636 2658 1699 ad
2685 1653 2760 1698 ea
2794 1635 3211 1715 impetranda.
3257 1635 3526 1698 Primum
3563 1653 3674 1700 non

2143 1738 2236 1792 est
2279 1731 2346 1791 in
2399 1730 2670 1792 hominis
2714 1733 3015 1810 potestate
3067 1745 3334 1809 semper,
3380 1735 3510 1790 tum
3550 1732 3677 1810 quia

2145 1823 2450 1904 completa
2474 1819 2748 1906 potestas
2773 1841 2912 1904 quae
2937 1823 3278 1904 requiritur
3303 1822 3378 1884 ad
3407 1841 3550 1903 opus
3575 1824 3674 1883 mi·

2143 1916 2524 1988 raculosum,
2554 1935 2680 1978 non
2718 1917 2980 1978 inhaeret
3011 1935 3124 1997 per
3155 1915 3406 1976 modum
3433 1915 3674 1993 habitus,

2145 2013 2333 2074 etiam
2361 2011 2428 2072 in
2456 2011 2579 2072 illis
2617 2012 2726 2090 qui
2764 2009 3123 2090 frequenter
3159 2009 3452 2072 miracula
3485 2009 3672 2084 edunt,

2145 2113 2216 2168 ut
2241 2105 2418 2167 docet
2440 2104 2623 2166 divus
2649 2105 2920 2166 Thomas
2955 2106 3016 2164 2.
3049 2103 3114 2178 2,
3145 2110 3360 2183 quaest.
3395 2105 3534 2179 1723
3561 2110 3676 2163 tum

2144 2199 2292 2280 quia
2313 2205 2538 2279 praeter
2555 2195 2765 2274 fidem,
2793 2198 3200 2277 requiruntur
3219 2195 3414 2258 multa
3433 2216 3504 2259 ex
3527 2204 3678 2278 parte

2145 2294 2292 2370 Dei,
2334 2311 2471 2373 quae
2519 2309 2648 2354 non
2689 2307 2931 2372 semper
2971 2292 3224 2366 dantur,
3271 2291 3458 2351 ctiam
3501 2292 3680 2370 posita

2143 2387 2289 2464 fide,
2320 2388 2468 2468 quia
2511 2404 2640 2448 non
2685 2386 2964 2464 expedit3
2999 2390 3276 2446 attamen
3303 2383 3456 2444 illud
3489 2403 3680 2445 secun-

2145 2481 2320 2558 dum,
2353 2481 2471 2542 hoc
2499 2485 2616 2552 est,
2635 2478 2864 2540 habere
2891 2475 3198 2553 fi1lem,in
3221 2477 3488 2538 hominis
3507 2484 3682 2556 potes—

2145 2584 2276 2638 tate
2297 2577 2561 2656 positum
2592 2593 2722 2636 esse
2751 2573 3072 2649 existimo,
3098 2590 3354 2652 esseque
3369 2578 3565 2632 actum
3593 2587 3682 2632 ve-

2145 2690 2214 2733 re
2241 2669 2508 2732 liberum
2537 2674 2598 2730 et
2621 2668 3009 2745 humanum3
3057 2684 3131 2727 ac
3170 2665 3314 2728 licet
3342 2665 3592 2745 pendeat
3615 2683 3682 2725 ex

2146 2763 2380 2826 auxilio
2403 2762 2642 2842 gratias,
2675 2761 2824 2821 illud
2851 2767 3064 2822 tamen
3092 2777 3220 2821 nou
3259 2759 3451 2822 deerit
3473 2757 3683 2819 volenti

2146 2855 2398 2920 credere
2425 2862 2498 2916 ut
2520 2860 2795 2935 oportet3
2829 2852 2996 2933 quod
3033 2854 3222 2934 plane
3249 2854 3427 2914 docet
3457 2852 3681 2925 Paulus,

2146 2952 2324 3014 dictis
2350 2950 2499 3011 locis
2519 2949 2600 3010 ad
2627 2948 2818 3010 Hebr.
2852 2951 2954 3023 11,
2979 2954 3042 3009 et
3081 2951 3110 3008 1
3159 2945 3437 3009 Corinth.
3489 2947 3598 3020 ¹33
3632 2950 3686 3004 et

2147 3044 2459 3122 colligitur
2483 3061 2560 3103 ex
2587 3041 2806 3103 Mattb.
2841 3043 2918 3104 14
2946 3046 3008 3102 et
3037 3042 3140 3117 17,
3167 3040 3276 3103 ubi
3309 3039 3572 3101 Christus
3593 3053 3683 3098 re·

2144 3137 2475 3219 prehendit
2500 3135 2844 3215 Apostolos,
2864 3133 2964 3196 vel
2985 3136 3178 3196 etiam
3203 3132 3498 3216 quosdam
3527 3131 3682 3205 alios,

2148 3231 2316 3313 quod
2341 3236 2624 3293 carerent
2649 3229 2728 3290 de
2755 3228 2875 3290 bac
2901 3226 3060 3305 fide3
3111 3235 3248 3290 erat
3275 3243 3424 3306 ergo
3465 3227 3528 3286 in
3569 3224 3686 3286 illo-

2147 3343 2290 3388 rum
2313 3330 2635 3406 potestate,
2665 3321 2820 3383 alias
2845 3341 2974 3384 non
3003 3329 3210 3384 essent
3237 3319 3686 3402 reprehensione

2146 3419 2345 3499 digni.
2378 3419 2531 3479 Item
2553 3417 2706 3478 Luc.
2734 3416 2833 3491 10,
2871 3421 2934 3477 et
2950 3433 3112 3496 saepe
3139 3415 3321 3490 aliaS,
3347 3409 3602 3475 consulit
3627 3416 3690 3469 nt

2145 3515 2486 3576 habeamus
2509 3510 2672 3571 hanc
2700 3507 2913 3586 fidem,
2943 3514 3007 3569 et
3044 3507 3258 3570 Jacob.
3296 3511 3326 3568 1
3374 3501 3694 3569 &Postulat

2145 3609 2215 3671 in
2234 3609 2352 3689 fide
2379 3604 2538 3668 nihil
2567 3603 2882 3678 ltoeeitam.
2925 3602 3039 3684 Est
3065 3617 3213 3681 ergo
3241 3600 3313 3662 in
3357 3605 3560 3660 nostra
3595 3613 3692 3676 po·

2142 3709 2382 3772 testate.
2406 3697 2684 3761 Tandem
2706 3697 3065 3777 hujusmodi
3083 3696 3235 3758 fides
3263 3696 3332 3757 in
3359 3713 3433 3756 eo
3459 3693 3561 3774 qui
3588 3693 3691 3752 im·

2143 3805 2348 3884 petrat
2373 3793 2670 3859 miracula
2713 3799 2804 3854 est
2829 3790 3012 3854 laude
3039 3789 3229 3871 digna
3273 3796 3337 3851 et
3357 3785 3690 3860 meritoria3

2147 3913 2296 3976 ergo
2341 3897 2404 3954 et
2441 3889 2663 3951 libera.

2761 4085 2979 4140 sssc‘rto
3019 4085 3082 4138 11.

2151 4253 2446 4330 Quomodo
2494 4251 2648 4331 fides
2677 4247 3032 4330 Theozoyioa
3063 4248 3316 4328 differat
3349 4265 3388 4310 a
3411 4244 3530 4324 fide
3555 4257 3696 4322 yra-

2227 4350 2323 4414 tia
2372 4346 2573 4428 oratis
2635 4346 2818 4417 datm
2874 4342 2978 4406 uti
3015 4346 3434 4422 consequenter
3485 4339 3552 4399 de
3583 4353 3700 4399 eer-

2223 4457 2392 4506 mone
2413 4437 2732 4520 sapientia·
2760 4443 2818 4502 et
2855 4435 3146 4510 seientioe,
3171 4435 3323 4498 dom
3357 4433 3698 4514 linquas-um

2231 4541 2286 4600 et
2309 4533 2807 4616 interpretatione
2835 4545 3196 4594 sermonum.

2223 4724 2251 4781 1
2268 4765 2282 4780 .
2315 4719 2537 4783 Prima
2563 4715 2784 4800 opima,
2827 4715 2896 4779 de
2929 4733 3050 4796 qua
3076 4730 3149 4777 ae
3175 4713 3244 4776 de
3279 4717 3412 4776 tota
3453 4709 3696 4774 sectione

2141 4814 2209 4876 in
2229 4813 2473 4894 Proleq.
2499 4813 2538 4873 3
2563 4811 2634 4874 de
2651 4809 2896 4882 Gratia,
2923 4827 3058 4889 cap.
3093 4809 3239 4870 5.-
3253 4805 3336 4870 Ut
3375 4806 3698 4886 exponatur

2143 4909 2210 4970 in
2234 4906 2474 4970 Paulus
2503 4905 2573 4968 in
2595 4905 2709 4968 hac
2725 4903 3021 4985 opinione.
3036 4902 3198 4962 —In
3218 4901 3336 4962 hac
3373 4897 3700 4978 quaestione

2141 5007 2236 5061 est
2263 5000 2469 5080 prima
2486 4997 2724 5078 opinio,
2757 4997 2936 5078 fidem
2957 4995 3226 5076 gratiam
3253 4995 3447 5072 gratis
3473 4991 3696 5064 datam,

2141 5111 2270 5156 esse
2303 5115 2310 5130 ’
2320 5110 2498 5174 psam
2537 5089 2754 5164 fidem,
2775 5089 3241 5153 miraculorum.
3279 5087 3374 5148 lta
3408 5083 3701 5162 Hierony·

2143 5205 2281 5250 mus
2288 5233 2309 5264 ,
2337 5184 2860 5265 Theophylactus,
2897 5182 3254 5246 Theodorus
3299 5183 3364 5242 et
3407 5175 3698 5238 AbulenS.

2141 5299 2332 5361 supra
2355 5279 2526 5341 citati
2539 5294 2560 5356 ;
2596 5278 2830 5340 indicat
2861 5277 3266 5355 Aumstinus,
3305 5277 3488 5334 tract.
3537 5271 3613 5332 32
3639 5267 3702 5327 in

2139 5374 2348 5451 Joan.,
2371 5392 2409 5435 a
2467 5371 2670 5434 medio
2693 5385 2715 5449 ;
2772 5377 2944 5432 tenet
2999 5368 3338 5442 Catherin.,
3388 5369 3419 5426 1
3473 5364 3551 5425 ad
3603 5363 3705 5423 Co-

2143 5467 2341 5529 rinth.
2404 5468 2480 5527 13
2533 5473 2597 5527 et
2639 5465 2830 5542 alibi3
2882 5469 3098 5526 contra
3149 5477 3340 5541 quam
3381 5456 3704 5538 expositio-

2143 5580 2290 5625 nem
2319 5560 2752 5639 objicipotest,
2783 5558 2930 5637 quia
2956 5555 3204 5630 PauluS,
3234 5558 3263 5614 1
3298 5551 3578 5616 Corinth.
3603 5549 3702 5622 12,
