3900 6217
494 415 615 474 240

486 516 705 578 litante
732 517 1045 598 loquimur
1074 518 1243 596 (nam
1264 519 1377 580 sub
1418 519 1540 581 alia
1567 522 2060 584 consideratione

482 611 614 689 jam
660 611 941 689 superius
1007 612 1073 671 in
1138 612 1553 691 disputatione
1620 616 1661 675 6
1696 657 1715 688 ,
1779 623 1924 676 sect.
1983 619 2057 690 9,

486 721 639 763 num
652 749 665 763 .
690 704 753 770 4.
778 705 963 764 locuti
982 704 1258 782 fuimus),
1279 707 1639 785 simpliciter
1656 709 2058 770 excludendae

488 807 631 858 sunt
676 798 902 858 auimae
948 801 1313 876 purgatorii,
1343 819 1481 881 quae
1514 819 1727 863 revera
1754 805 1886 882 jam
1928 821 2056 864 non

486 893 800 968 militant3
826 898 885 954 et
916 891 1033 952 hoc
1062 911 1243 954 sensu
1272 895 1393 956 dici
1436 906 1691 975 possunt
1718 915 1850 958 esse
1882 905 2060 961 extra

488 984 683 1058 viam,
714 984 879 1046 unde
917 1003 1094 1045 suam
1128 985 1442 1048 ecclesiam
1487 989 1609 1049 illae
1648 991 2053 1060 constituunt,

486 1096 627 1156 quaa
659 1077 820 1138 inter
856 1079 1343 1157 triumphantem
1390 1088 1452 1142 et
1497 1082 1875 1144 militantem
1920 1101 2058 1144 me·-

484 1171 660 1232 dium
690 1170 893 1232 locum
926 1178 1115 1234 tenet.

566 1266 624 1326 5.
676 1264 1079 1328 Corolcarium
1108 1271 1544 1332 secundum—
1574 1271 1879 1344 Secundo,
1912 1289 2058 1332 con·

484 1365 608 1419 stat
633 1377 763 1420 non
788 1377 1006 1422 omnes
1033 1360 1317 1424 homines
1356 1365 1623 1428 viatores
1653 1367 1817 1428 inter
1852 1364 2056 1426 Eccle-

483 1453 590 1512 siae
636 1453 912 1515 membra
940 1473 1067 1516 esse
1104 1459 1545 1535 numerandos,
1574 1467 1645 1520 ut
1674 1461 1753 1522 de
1794 1460 2054 1539 paganis

481 1543 706 1624 liquet3
740 1547 845 1606 sed
888 1550 1304 1611 controversia
1350 1569 1578 1632 magna
1618 1560 1711 1616 est
1752 1556 1820 1615 in
1848 1555 2054 1634 expli-

482 1639 678 1699 cando
716 1641 823 1720 qui
856 1643 1207 1721 pertineant
1246 1646 1325 1706 ad
1366 1648 1730 1724 Ecclesiam,
1762 1650 2055 1729 quivero

483 1733 851 1797 excludendi
892 1735 973 1796 ab
1006 1755 1081 1798 ea
1106 1738 1233 1799 sint
1252 1745 1297 1800 ⁸.
1330 1743 1417 1802 Ex
1447 1742 1809 1804 definitione
1838 1750 2052 1806 tamen

482 1827 631 1888 data
666 1827 801 1888 haec
833 1828 1034 1891 brevis
1064 1845 1125 1892 et
1153 1835 1459 1910 generalis
1485 1837 1701 1915 regula
1728 1838 1937 1916 colligi
1963 1838 2056 1898 vi-

480 1917 683 1996 detur,
717 1923 1017 1984 nimirum
1043 1942 1257 1987 omnes
1284 1929 1391 2007 qui
1435 1930 1621 1991 fidem
1656 1932 1910 2008 hahent,
1943 1933 2054 1992 Ec-

481 2013 680 2075 rlcsioe
706 2015 984 2078 membra
1000 2037 1152 2092 esse,
1176 2038 1391 2083 omnes
1412 2041 1559 2084 vero
1582 2027 1690 2104 qui
1712 2025 1817 2084 illa
1840 2032 2057 2086 carent

483 2122 657 2168 extra
691 2110 1022 2171 Ecclesiam
1056 2114 1370 2190 constitui,
1402 2125 1617 2178 contra
1646 2135 1835 2198 quam
1867 2120 2056 2179 variis

482 2201 682 2260 modis
710 2209 985 2264 erratum
1016 2210 1077 2265 et
1104 2207 1428 2285 opinatum
1460 2216 1575 2271 est.

416 2293 436 2308 ⁰
565 2295 625 2354 G.
671 2295 923 2358 Primus
953 2314 1124 2359 error
1164 2307 1375 2363 contra
1404 2305 1755 2381 proximum
1794 2306 2056 2368 corolla·

482 2392 669 2450 riom.
700 2424 781 2434 —
809 2391 1249 2472 Expuynaeur.
1281 2427 1363 2442 —
1392 2396 1631 2458 Primus
1666 2417 1838 2460 error
1865 2407 2058 2478 negat

482 2481 604 2542 fide
635 2485 926 2544 constitui
968 2485 1249 2547 membra
1292 2489 1599 2564 Ecclesiae,
1633 2493 1739 2553 scd
1770 2493 1873 2553 Dei
1902 2512 2056 2572 prae·

486 2575 921 2651 destinatione,
958 2578 1166 2657 itaque
1194 2599 1411 2644 omnes
1452 2589 1513 2644 et
1542 2585 1701 2645 solos
1742 2586 2058 2664 praedesti-

484 2675 663 2730 natos
700 2686 831 2732 esse
882 2672 1159 2733 membra
1202 2675 1510 2751 Ecclesiae,
1557 2679 1687 2738 sive
1732 2679 1823 2740 illi
1868 2679 2056 2742 fidem

485 2761 778 2836 habeant,
816 2764 943 2824 sive
973 2783 1099 2827 non
1138 2766 1428 2830 habeant.
1468 2772 1555 2832 lta
1582 2771 1964 2847 waldenses,
1995 2780 2059 2834 et

482 2857 755 2916 ,loannes
784 2857 932 2932 HuS,
970 2866 1033 2919 et
1060 2861 1397 2940 Wicleph.‚
1430 2864 1705 2926 damnati
1738 2867 1803 2926 in
1842 2868 2058 2927 Conci-

485 2947 569 3008 lio
611 2951 1081 3028 constantiensi,
1114 2955 1378 3017 sessione
1411 2959 1486 3018 {5
1512 2964 1577 3018 et
1604 2961 1705 3019 26.
1738 2960 1855 3033 Qui
1884 2979 2058 3021 error

486 3050 697 3121 aperte
721 3051 1030 3123 repugnat
1055 3047 1384 3127 Scripturoe
1418 3068 1639 3126 sacrae,
1670 3070 1809 3131 quae
1850 3054 2056 3116 Eccle-

483 3137 590 3195 site
632 3137 933 3199 unitatem
978 3141 1167 3202 refert
1210 3143 1275 3202 in
1314 3145 1617 3205 unitatem
1651 3145 1796 3206 fidei
1840 3153 1905 3206 et
1946 3147 2058 3208 ba-

486 3229 809 3308 ptismatis,
860 3245 929 3291 ut
976 3232 1358 3310 videbimus,
1408 3243 1471 3298 et
1518 3247 1685 3316 patet
1728 3238 1910 3300 Joau.
1967 3245 1994 3300 Ἰ
2033 3259 2052 3302 :

489 3320 783 3402 Quotquot
828 3331 1027 3389 autem
1070 3334 1416 3409 receperunt
1452 3349 1607 3404 eum,
1638 3331 1800 3395 dedit
1828 3334 1915 3395 eis
1944 3351 2054 3415 po-

485 3420 759 3479 testatem
801 3419 969 3494 filioe
995 3421 1111 3482 Dei
1129 3423 1289 3498 fieri,
1330 3423 1427 3484 his
1455 3424 1559 3503 qui
1599 3426 1871 3498 credunt,
1904 3435 2050 3501 etc.;

486 3508 560 3568 ad
594 3509 903 3573 Romanos
932 3513 1008 3572 12
1040 3533 1055 3569 t
1100 3513 1433 3594 Unicuique
1470 3517 1631 3580 Dm
1658 3517 1869 3582 divisit
1892 3537 2056 3580 men-

485 3620 695 3666 suram
730 3605 896 3680 fidei,
946 3608 1111 3668 sicut
1152 3608 1309 3668 euim
1354 3609 1423 3670 in
1460 3626 1578 3671 uno
1622 3627 1885 3690 corpore,
1931 3619 2048 3675 etc.

486 3695 815 3770 Praeterea,
838 3698 1022 3775 juxta
1057 3698 1226 3760 hunc
1262 3717 1556 3775 errorem,
1588 3703 1698 3781 qui
1737 3704 1927 3765 semel
1966 3713 2056 3766 est

486 3788 839 3850 membrum
891 3790 1175 3852 Ecclesiae
1197 3836 1217 3867 ,
1276 3811 1597 3872 nunquam
1651 3795 1877 3856 desinit
1925 3815 2055 3862 esse

485 3881 873 3956 membrum;
924 3902 1129 3964 neque
1172 3903 1205 3945 e
1250 3893 1486 3964 contra,
1531 3888 1639 3967 qui
1690 3889 1879 3952 semel
1924 3911 2052 3952 non

487 3979 644 4034 esset
671 3974 937 4054 populus
968 3978 1071 4037 Dei
1096 3995 1221 4039 non
1252 3984 1454 4057 posset
1482 3980 1753 4060 incipere
1792 4001 1917 4044 esse
1946 3986 2052 4045 Dei

486 4067 772 4145 popquS,
800 4075 1014 4130 contra
1036 4070 1099 4130 id
1131 4070 1207 4132 ad
1230 4071 1537 4133 Romanos
1570 4077 1635 4136 11
1666 4091 1682 4136 t
1708 4074 2054 4157 Aliquando

485 4165 544 4221 et
572 4177 673 4222 voe
701 4177 817 4222 non
848 4162 1192 4226 credidistis
1218 4165 1366 4240 Dec,
1390 4183 1551 4230 nuuc
1577 4174 1775 4232 autem
1806 4170 2056 4232 miseri-

484 4255 753 4316 cordiam
790 4259 1089 4320 consecuti
1116 4258 1303 4326 estis‚·
1330 4263 1391 4318 et
1417 4259 1635 4337 Ephes.
1672 4263 1713 4322 2
1740 4284 1755 4321 ι
1808 4263 1921 4328 Vos
1946 4267 2054 4343 qui

485 4347 810 4426 aliquando
857 4350 1045 4411 eratis
1096 4349 1300 4431 lonye,
1343 4352 1507 4426 sacti
1552 4353 1703 4415 estis
1748 4372 1935 4436 prope
1983 4359 2054 4418 in

484 4438 777 4519 sanquine
808 4440 1079 4514 chrisa,-
1105 4448 1165 4503 et
1190 4444 1375 4516 Petr.,
1412 4447 1441 4504 1
1482 4445 1813 4519 Canonica,
1852 4450 2052 4529 capite

486 4533 524 4592 5
559 4549 572 4590 :
608 4533 773 4594 Deus
800 4540 1000 4597 autem
1026 4538 1220 4597 omnis
1252 4538 1497 4617 qratioe,
1530 4538 1636 4618 qui
1658 4538 1889 4601 vocavit
1915 4559 2046 4616 noe,

486 4633 599 4684 etc.
642 4626 933 4704 Sequitur
962 4634 1261 4705 praeterea
1294 4628 1629 4690 Ecclesiam
1656 4639 1937 4694 constare
1975 4653 2051 4694 ex

486 4715 841 4777 hominibus
867 4719 1224 4797 gentilibus,
1251 4721 1573 4797 haereticis,
1616 4725 1893 4802 paganis„
1930 4734 2046 4788 etc.

487 4810 644 4883 Quia
677 4811 835 4870 iuter
866 4811 978 4872 hos
1002 4813 1306 4892 contingit
1330 4814 1553 4876 multos
1579 4834 1709 4878 esse
1736 4819 2052 4896 praedesti·

487 4907 697 4978 natos3
728 4909 913 4982 atque
950 4904 1105 4966 adeo
1148 4925 1183 4967 e
1226 4914 1439 4968 contra
1484 4908 1711 4970 multos
1758 4911 2054 4989 perfectos

487 4996 825 5057 secundum
886 5007 1253 5076 praesentem
1314 5001 1617 5079 justitiam
1648 5048 1669 5077 ,
1732 5022 1859 5063 nou
1922 5023 2052 5067 esse

486 5088 765 5149 membra
808 5090 1112 5167 Ecclesiae,
1144 5101 1206 5152 et
1245 5101 1690 5172 consequenter
1729 5104 1902 5156 extra
1941 5099 2054 5159 Ec-

485 5180 731 5242 clesiam
762 5183 1066 5244 invenisse
1089 5185 1424 5263 justitiam;
1450 5186 1546 5246 vel
1574 5194 1735 5247 certe
1766 5206 1891 5248 non
1921 5207 2052 5250 esse

485 5293 629 5335 vcre
676 5275 887 5352 justoS,
922 5295 1039 5338 nec
1080 5297 1221 5340 vere
1260 5279 1618 5359 baptizatOS,
1653 5284 1760 5360 qui
1802 5284 2052 5362 reprobi

570 5465 585 5500 ¹
628 5461 709 5522 De
757 5459 875 5523 hae
901 5469 1205 5538 controm,
1236 5464 1361 5526 late
1402 5465 1719 5542 Bellarm„
1750 5467 1860 5528 lib.
1890 5470 1931 5530 3
1971 5469 2050 5531 de

480 5551 671 5629 Eocl„
698 5575 733 5618 a
762 5571 815 5619 c.
850 5557 887 5618 3
918 5573 1109 5636 usqne
1136 5559 1214 5619 ad
1249 5560 1343 5620 10.

1684 425 1922 476 nlsrm'.
1963 427 2046 478 lx.
2085 425 2164 477 DE
2192 423 2508 476 echESIA.

2141 529 2306 583 suut.
2337 522 2611 584 Tandem
2641 541 2766 584 non
2795 541 2926 584 esse
2963 542 3174 584 verum
3207 525 3430 604 Papam
3461 543 3574 586 nec
3607 543 3707 584 ve·

2139 635 2280 678 rum
2311 616 2825 696 Episcopum,qui
2843 618 3162 695 praescitus
3189 624 3302 692 est,
3333 637 3469 698 quae
3495 619 3712 678 omnia

2139 709 2284 770 dicti
2330 710 2606 770 haeretici
2658 711 2924 788 turpiter
2965 711 3336 772 concedunt.
3383 713 3534 772 Vide
3581 713 3710 774 Au·

2139 802 2462 879 gustinum
2509 811 2724 864 contra
2765 805 3268 878 parmenianum,
3307 805 3491 884 capit.
3538 809 3614 882 43
3645 811 3714 866 et

2138 895 2532 973 Gregorium,
2563 898 2600 958 7
2649 896 2894 972 Μαι-ιιι,
2944 897 3142 976 capite
3185 901 3386 972 {13et
3415 898 3712 958 Walden-

2137 1006 2293 1062 sem,
2322 987 2482 1050 libro
2511 992 2552 1050 2
2579 989 2941 1050 Doctrinalis
2973 989 3144 1051 Fidei
3171 991 3462 1070 antiquae,
3487 1001 3610 1052 art.
3641 993 3708 1060 2,

2137 1100 2176 1142 a
2205 1099 2259 1142 c.
2294 1083 2367 1156 83
2387 1083 2948 1158 Turrecrematam,
2979 1082 3142 1144 libro
3175 1083 3400 1162 primo,
3419 1101 3552 1162 cap.
3587 1084 3708 1160 563

2141 1176 2374 1248 Dried.,
2406 1177 2447 1238 4
2473 1176 2552 1237 de
2579 1177 2804 1240 Eccles.
2841 1177 3264 1257 flegmatibus,
3291 1197 3354 1258 p.
3381 1179 3442 1254 2,
3466 1195 3604 1259 cap.
3631 1181 3710 1254 Ξ,

2141 1269 2460 1345 Pighium.
2485 1270 2906 1332 controversia
2933 1271 3138 1333 tertia.

2216 1366 2276 1423 7.
2295 1362 2604 1444 Arquitur
2630 1364 2957 1443 tripliciter
2977 1383 3090 1443 pro
3115 1371 3450 1448 apamio
3475 1384 3706 1430 errore.

2133 1454 2317 1519 -Aa
2334 1458 2612 1538 primm
2636 1456 3039 1520 locum-Ad
3049 1457 3579 1522 secundom—Aa
3587 1465 3715 1520 ter-

2136 1550 2312 1614 tium.
2341 1585 2420 1594 —
2439 1550 2635 1614 Nota.
2661 1581 2744 1596 -
2771 1550 2888 1611 Pro
2919 1550 3036 1612 hoc
3067 1558 3276 1612 tamen
3311 1569 3518 1612 errore
3531 1595 3550 1626 ,
3583 1553 3712 1612 tria

2139 1649 2396 1722 possunt
2423 1643 2713 1705 nonnihil
2739 1643 3121 1706 difficultatis
3147 1645 3390 1707 afferre.
3423 1647 3710 1706 Primum

2135 1744 2234 1796 est
2281 1737 2346 1796 id
2389 1738 2570 1798 Joau.
2608 1739 2728 1799 10:
2771 1736 2918 1802 Oves
2953 1757 3094 1802 meoe
3133 1757 3328 1804 vocem
3355 1757 3546 1802 mm
3593 1758 3716 1802 ax-

2135 1831 2332 1906 diunt,
2361 1838 2418 1894 et
2437 1821 2609 1893 'nemo
2627 1831 2825 1909 rapiet
2850 1849 2950 1894 eas
2979 1833 3048 1895 de
3071 1851 3258 1894 manu
3271 1851 3440 1903 mem
3469 1833 3574 1893 ubi
3591 1833 3716 1893 soli

2135 1922 2554 2004 praedestinati
2597 1922 2892 1985 dicuntur
2931 1943 3077 1986 oves
3119 1925 3366 1999 Christi,
3395 1933 3458 1986 et
3493 1932 3714 1986 tamen

2139 2036 2284 2080 oves
2307 2017 2534 2078 Christi
2555 2019 2836 2078 membra
2857 2026 3003 2079 sunt
3023 2019 3326 2080 Ecclesiae.
3351 2020 3712 2080 Secundum

2139 2118 2232 2172 est
2264 2111 2328 2171 id
2367 2111 2584 2190 primae
2610 2113 2791 2172 Joau.
2822 2114 2861 2172 2
2895 2133 2910 2172 z
2941 2113 3052 2174 Εω
3079 2111 3244 2176 nobis
3271 2115 3568 2187 exierunt,
3602 2114 3722 2176 sed

2135 2221 2256 2266 non
2289 2212 2468 2267 erant
2513 2223 2584 2268 ex
2627 2204 2794 2268 nobis
2811 2231 2837 2277 ;
2865 2206 2924 2268 ei
2965 2207 3128 2268 enim
3166 2213 3360 2269 essent
3403 2225 3478 2268 ιω
3511 2208 3710 2274 nobis.

2125 2295 2608 2379 permansissent
2655 2301 2860 2379 otique
2909 2301 3238 2363 nobiscum.
3291 2301 3517 2374 Tertio,
3573 2302 3710 2360 Au-

2135 2393 2420 2469 gustinus
2463 2390 2539 2452 de
2581 2393 2914 2470 Baptismo,
2955 2411 3012 2454 c.
3041 2394 3145 2468 27,
3187 2393 3412 2472 inquit,
3457 2394 3707 2455 hortum

2137 2484 2503 2557 conclusum,
2553 2486 2944 2558 Cantieorum
2993 2489 3054 2560 4,
3103 2485 3451 2564 significare
3499 2485 3710 2546 Eccle-

2136 2577 2290 2637 siam
2311 2623 2325 2647 ,
2358 2584 2420 2637 ct
2457 2577 2622 2638 intra
2649 2597 2714 2640 se
2746 2584 2988 2638 tantum
3021 2579 3477 2658 praedestinatos
3503 2581 3708 2639 conti-

2137 2688 2318 2744 nere;
2351 2678 2412 2731 et
2441 2673 2478 2732 3
2509 2672 2812 2732 Doctrinae
2851 2671 3237 2746 Christianae,
3271 2691 3405 2752 cap.
3441 2674 3540 2736 52.
3571 2691 3708 2732 non

2139 2781 2266 2824 esse
2299 2783 2514 2826 revera
2545 2765 2790 2826 Domini
2817 2784 3060 2844 corpus,
3105 2766 3208 2845 qui
3245 2785 3390 2826 rum
3419 2766 3526 2827 illo
3569 2783 3710 2826 non

2140 2857 2258 2917 erit
2286 2859 2354 2918 iu
2383 2864 2707 2919 aetcruum.
2739 2859 3202 2920 Advertendum
3248 2866 3456 2920 tamen
3497 2865 3592 2918 est
3623 2858 3710 2920 de

2139 2948 2358 3010 ovibus
2387 2949 2610 3011 Christi
2657 2961 2720 3012 et
2758 2953 2940 3030 justis
2981 2951 3292 3013 interdum
3332 2952 3502 3031 loqui
3537 2953 3710 3012 Seri-

2138 3049 2384 3121 pturam
2424 3050 2486 3104 et
2515 3044 2744 3119 Patres,
2775 3045 3115 3106 secundum
3161 3045 3602 3124 proescientiam
3641 3051 3707 3105 et

2136 3135 2740 3215 praedestinationem
2795 3139 2940 3213 Dei;
2993 3137 3306 3200 interdum
3357 3137 3700 3200 secundum

2135 3236 2500 3308 praesentem
2525 3230 2858 3308 justitiam„
2892 3234 2979 3292 Ita
3007 3232 3412 3309 Augustinus,
3443 3231 3520 3291 de
3549 3231 3703 3292 Cor-

2135 3323 2416 3400 reptione
2453 3329 2520 3384 et
2559 3324 2782 3401 gratia,
2813 3341 2950 3402 cap.
2983 3327 3044 3398 5,
3075 3331 3137 3385 ct
3175 3325 3254 3384 de
3293 3325 3466 3384 Dono
3495 3343 3704 3403 perse-

2135 3416 2450 3488 venantiae,
2482 3435 2618 3496 cap.
2651 3418 2712 3490 8,
2746 3424 2808 3478 et
2835 3423 3012 3478 tract.
3040 3419 3120 3478 45
3147 3419 3214 3478 in
3240 3419 3490 3493 Joaun„
3520 3418 3710 3478 docet

2134 3509 2448 3570 interdum
2475 3511 2678 3572 vocari
2701 3529 2868 3585 oveS,
2889 3529 3032 3589 quae
3051 3529 3120 3571 su
3131 3517 3198 3572 ut
3229 3513 3498 3590 potentia
3517 3512 3704 3586 tales,

2135 3618 2208 3662 ac
2259 3619 2476 3662 revera
2527 3603 2758 3664 suturae
2809 3604 3142 3683 aliquando
3187 3611 3362 3676 sunt,
3413 3607 3708 3683 quamvis

2137 3711 2302 3754 nunc
2327 3702 2474 3756 actu
2499 3697 2624 3756 sint
2652 3696 2804 3776 lupi.
2841 3698 2916 3758 Et
2943 3717 2980 3758 e
3005 3704 3220 3758 contra
3247 3697 3710 3759 observandum

2134 3805 2406 3866 quoque,
2439 3791 2692 3850 nomine
2711 3791 2926 3852 ovium
2944 3792 3010 3850 in
3031 3791 3346 3870 Scriptura
3363 3790 3708 3868 significari

2135 3880 2450 3942 interdum
2501 3882 2662 3943 solos
2706 3884 2906 3962 justos
2955 3889 3018 3944 et
3067 3883 3530 3962 praedestinatos
3555 3929 3571 3954 ,
3627 3891 3712 3944 ut

2133 3973 2348 4036 Matth.
2385 3976 2462 4036 25
2491 3992 2506 4035 ε
2543 3975 2794 4038 Statuet
2821 3995 2954 4039 oves
2981 3995 3024 4040 a
3047 3974 3302 4050 dextris,
3333 3983 3476 4050 etc.;
3506 3976 3708 4038 inter·-

2133 4065 2284 4126 dum
2332 4067 2754 4130 indifferenter
2799 4087 3036 4146 omnes,
3087 4076 3156 4131 ut
3201 4069 3381 4132 Joau.
3431 4068 3702 4129 ultimo:

2133 4159 2326 4222 Pasce
2351 4177 2480 4222 oves
2505 4180 2670 4225 meas
2683 4187 2710 4235 ,·
2731 4163 2886 4224 Psal.
2921 4164 3036 4224 78:
3059 4163 3197 4225 Nos
3220 4171 3418 4226 autem
3435 4163 3706 4241 populus·

2136 4257 2294 4327 tuns,
2337 4259 2396 4317 et
2441 4273 2572 4317 oves
2611 4273 2859 4338 pascua·
2901 4263 3055 4330 ταας,
3087 4255 3391 4318 Ezechiel.
3435 4257 3540 4330 34,
3565 4255 3706 4318 sere

2133 4363 2246 4424 per
2277 4354 2500 4408 totum.
2535 4350 2603 4409 ln
2633 4349 2798 4410 dicto
2825 4368 2976 4428 ergo
3003 4350 3137 4411 loeo
3163 4350 3344 4412 Joau.
3381 4351 3478 4424 10,
3509 4349 3706 4410 intel-

2133 4438 2242 4518 ligi
2271 4447 2469 4518 potest
2493 4461 2840 4504 sermonem
2863 4461 2994 4504 esse
3015 4443 3092 4504 de
3115 4442 3335 4505 ovibus
3357 4441 3708 4504 secundum

2133 4534 2771 4612 pra-destinationem3
2801 4537 2950 4596 dicit
2975 4538 3142 4598 enim
3173 4536 3482 4597 Christus:
3513 4533 3704 4598 Alias

2134 4645 2264 4689 oves
2288 4628 2488 4702 habeo,
2516 4635 2662 4704 etc„
2685 4628 3084 4708 loquiturque
3108 4629 3186 4690 de
3211 4629 3530 4699 Gentibus,
3557 4647 3708 4708 quae

2133 4721 2409 4782 nondum
2464 4729 2640 4782 eraut
2687 4723 2968 4785 membra
2997 4724 3154 4800 ejuS‚
3200 4730 3272 4785 ut
3323 4724 3390 4784 D.
3431 4723 3708 4783 Thomas

2135 4813 2416 4892 explicat.
2447 4816 2567 4876 Nec
2599 4823 2922 4895 propterea
2947 4816 3064 4876 soli
3094 4815 3510 4894 praedestinati
3551 4822 3706 4874 sunt

2135 4906 2418 4969 membra
2443 4909 2686 4982 Christi,
2711 4910 2778 4969 in
2801 4911 2899 4988 cuj
2908 4926 2980 4970 us
3007 4909 3158 4970 ovili
3181 4911 3370 4970 etiam
3399 4914 3545 4969 suut
3567 4908 3704 4968 11ae-

2133 5001 2220 5075 di,
2245 5003 2459 5062 Matth.
2489 5004 2588 5064 25.
2619 5003 2918 5064 Similiter
2943 5003 3282 5064 secuudum
3305 5003 3512 5064 locum
3537 5005 3554 5040 ¹
3585 5021 3706 5081 per

2131 5094 2740 5173 proedestinationem
2794 5098 3234 5176 interpretatur
3283 5095 3702 5174 Augustinus,

2132 5188 2210 5248 de
2239 5189 2494 5266 Raptis„
2519 5208 2573 5250 c.
2607 5191 2668 5264 3,
2703 5197 2765 5250 et
2789 5189 2938 5250 locis
2963 5207 3156 5269 supra
3193 5189 3424 5263 citatis,
3453 5205 3526 5249 ac
3555 5188 3706 5248 Hie·

2132 5299 2432 5359 rouymus
2493 5282 2724 5360 Dialog.
2781 5289 2996 5343 contra
3045 5281 3497 5356 LuciferianoS,
3552 5281 3708 5342 satis

2130 5380 2274 5434 ante
2301 5374 2513 5436 finem.
2541 5376 2694 5436 Vide
2721 5395 2854 5455 cap.
2885 5375 2966 5440 Si
2989 5393 3064 5439 eo
3093 5377 3260 5452 bono,
3281 5375 3358 5436 de
3387 5375 3704 5436 Poeniten-

2213 5567 2229 5600 ⁸
2281 5562 2360 5624 De
2389 5579 2514 5642 quo
2544 5562 2664 5624 late
2694 5561 2737 5623 l.
2775 5566 2842 5624 Η
2879 5561 2955 5624 de
2987 5562 3188 5640 Grat.,
3215 5581 3269 5624 c.
3293 5563 3398 5638 22,
3427 5580 3606 5623 num.
3635 5566 3702 5626 5.
