3900 6217
736 382 909 435 SECT.
944 383 1010 435 11.
1046 382 1130 433 AN
1164 380 1333 433 AMOR
1366 382 1469 435 nm
1504 382 1583 433 ET
1616 380 1873 435 Pnoxltss
1906 380 2046 433 SINT
2081 380 2350 433 mosol-:M
2383 378 2633 438 SPEClEl,
2669 375 2802 427 Ere.

160 500 313 543 nem
372 498 513 545 cum
558 484 720 559 Deo,
768 483 864 543 vel
917 501 1059 544 cum
1116 483 1449 563 proximis,
1506 483 1605 543 vel
1662 484 1727 543 in

158 577 391 654 seipso,
428 578 534 656 qui
564 586 735 637 actus
784 582 979 653 potest
1028 592 1154 637 esse
1192 575 1433 635 elicitus
1461 594 1501 635 a
1536 576 1729 635 chari-

158 676 318 744 tate,
370 670 421 730 si
466 688 542 731 ex
587 670 831 731 formali
860 669 1093 729 motivo
1132 669 1443 730 charitatis
1470 668 1612 743 flat3
1670 674 1729 729 et

158 764 316 841 quia
364 763 483 823 hoc
541 763 846 823 motivum
908 762 1177 823 maxime
1231 762 1730 821 accommodatur

158 855 277 914 tali
328 856 514 931 actui,
548 855 689 915 ideo
734 855 875 915 talis
916 860 1087 915 actus
1130 853 1397 915 maxime
1437 854 1732 914 tribuitur

160 946 455 1008 charitati
478 967 494 1007 z
516 949 668 1008 nihil
700 953 907 1009 autem
938 954 1104 1009 vetat
1132 947 1491 1025 huJusmodi
1519 953 1730 1007 actum

162 1040 311 1101 elici
340 1042 656 1103 interdum
690 1041 769 1103 ab
814 1041 938 1102 alia
964 1040 1192 1101 virtute
1230 1058 1303 1101 ex
1347 1040 1595 1121 proprio
1624 1058 1732 1099 cu-

153 1136 365 1215 jusvis
404 1140 636 1199 motivo
652 1154 672 1215 3
697 1144 759 1199 et
787 1139 1095 1217 praecipue
1120 1141 1396 1216 respectu
1428 1135 1737 1216 proximo-

160 1248 311 1290 rum
339 1250 495 1311 saepe
519 1232 715 1291 oritur
736 1250 811 1291 ex
834 1231 1091 1309 justitia.

250 1326 311 1383 7.
362 1322 560 1387 Sea-ta
588 1316 906 1387 conclusio·
935 1356 1019 1370 -
1050 1322 1315 1385 Dubium
1343 1338 1416 1385 em
1452 1322 1534 1383 D.
1581 1321 1739 1384 Tho-

162 1434 272 1479 ma
305 1417 653 1479 resolvitur.
696 1448 777 1461 --
806 1416 946 1476 Dico
994 1422 1167 1477 sexto
1208 1438 1223 1475 z
1271 1422 1493 1495 proetcr
1541 1414 1735 1475 dictos

167 1516 348 1569 actus
404 1510 752 1583 interiores,
811 1508 1002 1569 habet
1052 1508 1317 1569 charitas
1367 1508 1733 1569 exteriorem

166 1608 404 1679 actum,
432 1604 538 1681 qui
566 1600 977 1663 beneficentia
998 1602 1258 1672 dicitur;
1291 1601 1439 1682 quia
1461 1600 1735 1679 ejusdem

164 1698 424 1757 virtutis
454 1702 545 1757 est
581 1714 791 1757 amare
832 1703 894 1757 et
940 1695 1337 1771 benefacere3
1374 1712 1519 1755 nam
1563 1710 1738 1754 amor

170 1790 249 1849 de
289 1808 353 1851 se
382 1794 472 1850 est
500 1788 738 1865 efficax,
771 1788 1079 1868 praecipue
1106 1788 1158 1848 si
1187 1788 1513 1849 necessitas
1554 1786 1737 1847 amici

170 1888 413 1961 urgeat.
446 1883 565 1943 Sed
598 1882 766 1943 addit
792 1882 865 1943 D.
896 1880 1167 1943 Thomas
1192 1884 1253 1942 2.
1295 1883 1356 1954 2,
1383 1886 1596 1960 quaest.
1633 1880 1732 1953 31,

171 1978 352 2037 artic.
378 1978 438 2051 1,
470 1976 548 2035 ad
576 1978 639 2049 3,
671 1975 837 2035 hunc
860 1979 1064 2036 aetum
1107 1973 1333 2035 habere
1356 1973 1565 2036 locum
1590 1990 1738 2050 erga

170 2071 556 2149 proximum,
597 2087 721 2130 non
751 2087 900 2147 erga
926 2070 1157 2143 Deum3
1189 2066 1337 2147 qnia
1376 2068 1522 2128 licet
1570 2072 1738 2127 exte-

172 2165 307 2224 rius
343 2163 539 2223 multa
575 2180 899 2242 possumus
926 2162 1129 2223 facere
1166 2162 1231 2221 in
1259 2161 1559 2221 honorem
1596 2160 1735 2235 Dei,

175 2262 388 2316 tamen
418 2256 565 2335 quia
592 2255 802 2315 omnia
830 2254 960 2315 haec
988 2260 1133 2314 sunt
1161 2253 1391 2327 debita,
1440 2270 1565 2313 non
1594 2259 1739 2313 sunt

178 2348 511 2421 beneficia,
562 2348 664 2409 sed
715 2348 1009 2427 obsequia
1047 2363 1063 2407 z
1110 2346 1277 2407 unde
1328 2346 1575 2407 videtur
1624 2346 1740 2407 sibi

178 2441 341 2501 velle
369 2440 438 2501 D.
477 2442 744 2502 Thomas
766 2442 1130 2502 charitatem
1160 2440 1402 2501 nullum
1430 2458 1603 2520 posse
1627 2441 1743 2501 ha-

180 2535 327 2595 here
376 2539 582 2594 actum
614 2535 977 2594 exteriorem
1010 2534 1285 2613 proxime
1327 2540 1389 2593 et
1430 2552 1539 2612 per
1585 2535 1741 2613 seip-

182 2646 313 2687 sam
380 2628 747 2705 imperatum
822 2627 922 2687 vel
992 2626 1165 2706 quasi
1238 2627 1509 2687 elicitum
1582 2628 1743 2689 circa

184 2724 406 2797 Deum,
436 2722 541 2782 sed
566 2740 677 2801 per
710 2720 1099 2799 religionem.
1132 2720 1210 2781 At
1248 2721 1365 2780 hoe
1412 2738 1610 2801 neque
1638 2742 1742 2781 ve-

186 2834 325 2875 rum
356 2821 469 2889 est,
513 2832 712 2893 neque
740 2814 1089 2874 intenditur
1123 2832 1162 2873 a
1190 2816 1256 2875 D.
1291 2814 1552 2885 Thomu,
1598 2814 1743 2893 quia

186 2909 449 2969 charitas
510 2926 620 2987 per
682 2926 746 2968 se
813 2914 1013 2988 potest
1076 2908 1435 2970 immediate
1496 2925 1743 2969 movere

186 3002 467 3062 membra
496 3002 573 3061 ad
602 3002 934 3063 exteriores
974 3002 1244 3062 actiones
1290 3009 1537 3081 propter
1574 3020 1745 3061 amo-

186 3112 318 3155 rem
348 3095 477 3171 Dei,
510 3114 635 3155 non
663 3095 1048 3155 considerata
1088 3096 1328 3155 ratione
1364 3094 1579 3165 debiti,
1631 3112 1747 3155 nec

188 3188 460 3266 religiosi
498 3185 733 3261 cultus3
790 3187 949 3246 sicut
976 3187 1163 3247 etiam
1210 3186 1335 3247 fere
1365 3186 1609 3246 nullum
1658 3192 1748 3247 est

190 3278 423 3340 honum
444 3280 609 3359 quod
633 3278 899 3339 charitas
926 3280 1115 3359 possit
1140 3279 1414 3339 conferre
1440 3280 1743 3358 proxime,

193 3372 359 3453 quod
384 3390 511 3432 non
548 3372 739 3452 possit
762 3373 949 3432 etiam
978 3371 1115 3432 fieri
1142 3370 1265 3432 alia
1302 3374 1552 3446 virtute,
1584 3373 1748 3433 scili-

190 3471 303 3539 cet,
336 3464 779 3537 misericordia,
810 3465 1210 3543 gratitudine,
1235 3464 1625 3535 liberalitate,
1651 3465 1749 3525 vel

190 3558 415 3635 simili3
446 3559 566 3619 hoc
612 3566 818 3619 tamen
864 3575 987 3618 non
1019 3558 1322 3633 obstante,
1371 3564 1565 3636 potest
1605 3558 1750 3619 rha-

192 3654 339 3713 ritas
373 3670 482 3731 per
505 3652 765 3730 seipsam
796 3651 859 3710 id
900 3660 1212 3729 praestare,
1262 3651 1437 3712 nulla
1480 3652 1603 3712 alia
1632 3653 1752 3711 vir-

192 3752 325 3804 tute
354 3745 620 3818 utendo;
668 3744 867 3804 solum
919 3762 1066 3823 ergo
1114 3743 1313 3804 voluit
1362 3744 1429 3805 D.
1483 3745 1753 3805 Thomas

196 3839 500 3917 corrigere
546 3837 803 3897 modum
831 3837 1147 3915 loquendi,
1185 3844 1247 3897 et
1290 3838 1506 3899 docere
1541 3837 1755 3917 hujus-

197 3931 365 3989 modi
394 3929 721 4001 actionem,
744 3932 962 4009 quovis
990 3930 1170 3989 modo
1212 3938 1568 3991 exerceatur
1609 3948 1757 4007 erga

198 4025 415 4098 Deum,
448 4040 574 4082 non
599 4040 769 4102 posse
793 4022 917 4082 dici
944 4022 1336 4098 beneficium,
1370 4024 1513 4101 quia
1532 4041 1598 4083 re
1626 4023 1758 4102 ipsa

197 4123 289 4177 est
316 4115 525 4175 debita
550 4116 671 4176 Deo
702 4114 964 4175 infinitis
991 4115 1128 4174 aliis
1156 4116 1373 4190 titulis,
1405 4122 1467 4174 et
1507 4121 1597 4174 est
1628 4132 1758 4175 ma-

197 4210 291 4287 gis
320 4208 429 4270 Dei
471 4225 658 4287 quam
706 4215 956 4284 nostra3
1001 4226 1193 4287 quare
1243 4226 1487 4289 semper
1533 4206 1760 4268 retinet

200 4320 431 4363 nomen
459 4307 521 4361 et
545 4301 850 4362 rationem
875 4300 1179 4380 obsequii.

832 4555 1049 4607 sECTlo
1079 4556 1143 4606 11.

200 4744 303 4807 An
324 4760 495 4807 amor
532 4730 649 4806 Dei
688 4747 742 4804 et
764 4738 1033 4820 proximi
1066 4740 1193 4803 sint
1225 4740 1486 4819 ejusdem
1524 4736 1759 4821 speciei,

414 4842 474 4901 et
488 4836 729 4918 possint
751 4854 876 4899 esse
900 4853 1059 4897 anm
1092 4840 1266 4897 actus
1296 4849 1562 4895 nmero.

266 5051 519 5111 Constat
546 5052 715 5107 aetus
732 5044 1074 5116 charitatis,
1101 5060 1255 5122 quos
1278 5040 1765 5116 numeravimus,

205 5160 356 5220 erga
401 5143 595 5202 Deum
630 5146 691 5199 et
740 5136 1095 5218 proximum
1138 5134 1385 5195 differre
1413 5133 1655 5212 specie,
1700 5141 1768 5195 ut

206 5237 275 5296 in
312 5238 363 5294 l.
398 5235 438 5293 2
468 5232 529 5291 in
577 5249 803 5309 genere
832 5228 1203 5307 explicatum
1253 5232 1345 5287 est
1365 5248 1384 5300 3
1430 5223 1632 5285 solum
1668 5243 1767 5284 su-

207 5332 449 5409 perest,
524 5330 597 5385 ut
641 5338 1070 5402 comparemus
1126 5336 1399 5381 amorem
1450 5319 1556 5378 Dei
1624 5336 1767 5379 cum

186 5420 423 5482 'amore
470 5417 759 5497 proximi,
805 5420 867 5476 et
912 5414 1075 5475 idem
1104 5419 1196 5473 est
1234 5412 1309 5473 de
1342 5410 1477 5472 aliis
1506 5409 1767 5486 actibus,

208 5514 463 5599 gaudie,
495 5508 821 5585 desider-ic,
856 5507 1021 5583 odio,
1067 5512 1179 5568 etc.
1215 5503 1621 5585 (Consulatur
1642 5522 1773 5565 om-

3255 366 3372 427 (347

1808 482 1960 542 nino
1988 486 2224 556 auctor,
2269 479 2378 541 lib.
2413 482 2450 542 3
2477 480 2552 541 de
2579 477 2810 539 Habitu
2847 472 3186 555 religionis,
3219 492 3269 536 c.
3305 474 3361 547 5,

1809 590 1845 635 a
1879 592 1943 635 n.
1985 576 2044 636 8.
2073 578 2093 647 )

1892 671 1948 728 1.
1995 669 2215 733 Prima
2257 668 2567 732 sententis.
2603 700 2684 713 —
2711 663 3048 745 Rejicitur‚
3089 681 3202 745 pro
3255 679 3367 743 quo

1808 760 1940 825 vide
1984 767 2236 825 tractat.
2293 765 2360 825 de
2406 762 2682 823 Bonitat.
2738 767 2795 822 et
2825 757 3052 831 malit„
3099 756 3255 837 disp.
3303 758 3365 827 4,

1810 862 1955 919 sect.
1987 859 2048 917 2.
2076 888 2157 903 —-
2179 856 2388 917 Prima
2415 854 2718 915 sententia
2746 853 3014 913 affirmat
3047 852 3160 911 hos
3197 856 3367 910 actus

1810 952 2218 1012 materialiter
2245 951 2494 1031 quidem
2526 950 2588 1010 in
2624 948 2983 1009 entitatibus
3011 947 3136 1007 suis
3169 943 3370 1024 specie

1812 1042 2080 1118 differre,
2136 1050 2386 1125 propter
2435 1042 2894 1103 distinctionem
2948 1040 3366 1117 objectorum3

1814 1142 2025 1197 tamen
2053 1138 2120 1197 in
2159 1138 2360 1218 specie
2407 1136 2703 1197 bonitatis
2744 1142 2807 1196 et
2845 1134 3183 1194 honestatis
3227 1148 3371 1190 con-

1814 1232 2029 1293 venire
2073 1239 2324 1311 propter
2360 1230 2853 1292 convenientiam
2899 1228 2967 1290 in
3013 1227 3276 1297 motiv0,
3309 1230 3372 1284 et

1817 1324 2356 1408 participationem
2389 1323 2660 1403 ejusdem
2689 1321 2912 1402 objecti
2931 1318 3206 1382 formalis
3227 1340 3244 1392 3
3265 1316 3370 1377 sed

1818 1418 1951 1479 hoec
1981 1418 2288 1479 sententia
2319 1436 2445 1477 non
2475 1422 2565 1477 est
2591 1434 2762 1489 vera,
2802 1421 2871 1475 ut
2898 1420 3066 1493 patet
3093 1430 3168 1473 ex
3197 1410 3369 1491 prin-

1816 1510 1994 1591 cipiis
2028 1509 2240 1589 positis
2266 1511 2333 1569 in
2357 1512 2418 1571 1.
2441 1512 2503 1586 2,
2530 1507 2677 1588 qnia
2713 1507 2939 1588 species
2964 1505 3256 1567 bonitatis
3280 1509 3373 1563 est

1816 1602 2157 1664 essentialis
2185 1603 2376 1676 actui,
2402 1603 2607 1682 quiex
2625 1601 2864 1680 objecto
2891 1618 3002 1661 suo
3031 1603 3124 1659 est
3149 1597 3373 1657 hones-

1815 1703 1939 1771 tus,
1971 1701 2042 1756 ut
2073 1701 2219 1756 sunt
2259 1694 2329 1755 hi
2357 1694 2433 1757 de
2463 1694 2690 1774 quibus
2723 1694 3036 1773 loquimur
3047 1708 3066 1767 3
3101 1691 3151 1751 si
3177 1688 3372 1767 igitur

1818 1790 2199 1852 conveniunt
2244 1790 2311 1850 in
2363 1790 2558 1869 specie
2600 1788 2883 1863 virtutis»,
2929 1786 3118 1847 etiam
3148 1800 3372 1844 conve-

1817 1885 1996 1945 nient
2023 1884 2090 1943 in
2126 1881 2439 1944 essentiali
2473 1882 2669 1961 specie
2699 1885 2762 1942 et
2787 1882 3063 1942 entitate.

1897 1980 1957 2038 2.
2010 1975 2292 2040 Secunda
2346 1976 2664 2039 sententia.
2699 2012 2776 2021 —
2813 1973 3092 2037 Primum
3145 1971 3374 2049 sunda-

1816 2077 2102 2134 mentum.
2121 2069 2628 2149 —Gonfi'rmatur
2655 2069 2879 2149 primo.
2907 2101 2987 2114 —
3011 2065 3281 2129 Secundo
3303 2080 3375 2125 ex

1816 2166 1899 2228 D.
1927 2165 2176 2228 noma.
2196 2162 2575 2224 —Secunda
2619 2161 2924 2223 sententia
2963 2159 3111 2220 facit
3133 2158 3248 2219 hos
3279 2176 3376 2219 ac-

1818 2264 1917 2317 tus
1964 2256 2222 2317 omnino
2251 2256 2520 2317 diversos
2555 2256 2778 2335 speeie.
2824 2252 3119 2315 Generale
3146 2251 3377 2311 funda-

1818 2356 2104 2411 mentum
2134 2355 2248 2425 est,
2279 2350 2423 2427 quia
2455 2348 2620 2408 idem
2657 2346 2906 2407 habitus
2946 2346 3012 2406 in
3041 2344 3239 2424 specie
3272 2362 3376 2421 po-

1820 2448 1941 2503 test
1968 2442 2184 2503 elicere
2220 2448 2390 2502 actus
2419 2442 2618 2521 specie
2657 2441 3004 2516 distinctos,
3049 2444 3234 2516 prout
3270 2436 3379 2496 ob-

1816 2538 2052 2616 jectum
2080 2536 2336 2598 formale
2361 2538 2494 2615 ejus
2514 2536 2754 2597 diverso
2779 2534 2964 2595 modo
2988 2534 3227 2613 object-o
3253 2548 3379 2591 ma-

1824 2631 2026 2691 teriali
2053 2630 2427 2710 applicatur3
2447 2649 2596 2691 nam
2624 2630 2782 2690 sicut
2807 2628 3080 2708 potentia
3105 2646 3166 2686 se
3194 2624 3380 2686 habet

1825 2722 1903 2784 ad
1934 2724 2143 2802 plures
2182 2730 2374 2796 actim,
2423 2724 2511 2783 ita
2556 2724 2743 2783 etiam
2793 2740 2956 2781 unus
3000 2719 3282 2793 habitus;
3310 2724 3380 2777 ut

1825 2818 1994 2878 enim
2045 2816 2323 2895 potentia
2364 2822 2454 2876 est
2511 2816 2796 2889 generale
2847 2814 3218 2893 principium
3283 2828 3381 2870 ac-

1824 2916 2026 2985 tuum,
2056 2911 2144 2969 ita
2189 2909 2374 2970 etiam
2403 2909 2682 2984 habitus;
2714 2909 2877 2969 unde
2919 2907 2988 2968 fit
3021 2912 3090 2966 nt
3129 2904 3380 2965 habitus

1825 3004 2112 3077 respiciat
2139 3021 2319 3063 suum
2351 3002 2661 3080 objectum
2706 3001 2820 3062 sub
2866 3000 3150 3079 ampliori
3193 2999 3380 3059 ratio-

1826 3116 1938 3173 ne,
1979 3102 2151 3158 actus
2199 3114 2346 3156 vero
2375 3095 2489 3156 sub
2530 3096 2770 3157 ratione
2801 3096 2998 3173 magis
3026 3097 3338 3153 contracta
3357 3111 3375 3165 ς

1828 3191 2116 3270 quocirca
2146 3190 2357 3249 eadem
2396 3191 2554 3250 ratio
2581 3189 2857 3250 formalis
2886 3206 3045 3267 quae,
3072 3204 3385 3264 compara·

1828 3290 1894 3345 ta
1932 3284 2011 3345 ad
2053 3282 2358 3356 habitum,
2389 3301 2516 3342 nna
2557 3288 2671 3357 est,
2713 3286 3065 3361 comparata
3099 3278 3174 3339 ad
3213 3285 3386 3338 actus

1829 3376 2097 3454 recipcre
2121 3380 2319 3453 potest
2343 3373 2788 3447 diversitatem,
2815 3378 2997 3452 prout
3025 3371 3385 3431 diversimo-

1830 3468 1907 3529 de
1944 3467 2240 3527 informat
2271 3468 2540 3529 diversas
2569 3467 2890 3543 materias3
2919 3464 3082 3545 quod
3117 3464 3387 3524 maxime

1830 3560 1897 3621 in
1924 3560 2237 3639 proposito
2264 3560 2450 3620 habet
2473 3559 2702 3620 locum.
2743 3560 2972 3633 Prim0,
3015 3558 3162 3635 quia
3213 3573 3389 3616 amor

1834 3654 1939 3714 Dei
1966 3659 2056 3712 est
2089 3670 2331 3731 semper
2362 3652 2722 3713 immediate
2751 3658 2999 3731 propter
3043 3647 3387 3709 bonitatem

1836 3746 2174 3806 increatam
2220 3745 2618 3805 intrinsecam
2669 3745 2787 3825 ipsi
2829 3746 2992 3815 De03
3034 3759 3207 3803 amor
3242 3758 3390 3801 vero

1836 3838 2101 3917 proximi
2125 3837 2438 3897 interdum
2470 3844 2560 3898 est
2586 3837 2944 3898 immediate
2975 3841 3226 3915 propter
3252 3850 3391 3912 par-

1836 3930 2256 4009 ticipationem
2287 3936 2556 3989 creatam
2605 3928 2772 3990 illius
2814 3927 3108 3989 bonitatis
3152 3926 3394 3987 increa-

1837 4029 1917 4083 tae
1959 4041 1974 4083 :
2003 4022 2314 4082 interdum
2340 4039 2490 4083 vero
2523 4029 2615 4081 est
2643 4028 2894 4101 propter
2925 4020 3123 4099 ipsam
3155 4018 3396 4079 bonita-

1842 4123 1966 4177 tem
2001 4116 2364 4189 increatam,
2392 4114 2496 4175 sed
2525 4120 2736 4175 tamen
2764 4114 3104 4175 extrinsece
3129 4112 3400 4192 applica-

1837 4216 2007 4285 tam3
2033 4206 2167 4267 hoec
2199 4213 2407 4267 autem
2441 4226 2670 4285 magna
2697 4207 3021 4267 diversitas
3045 4210 3134 4267 est
3161 4222 3398 4283 respec-

1840 4308 1911 4361 tu
1940 4306 2134 4361 actuS.
2167 4300 2583 4361 Confirmatur
2611 4318 2686 4361 ex
2729 4298 2983 4360 diversis
3013 4297 3400 4377 proprietati-

1841 4393 1958 4454 bus
1985 4392 2209 4453 horum
2237 4410 2524 4453 amorum
2544 4438 2562 4465 ,
2597 4411 2745 4452 nam
2788 4389 2945 4452 alter
2972 4396 3063 4451 est
3102 4408 3277 4451 amor
3312 4389 3402 4449 ul-

1843 4486 1983 4545 timi
2017 4484 2179 4559 finis,
2212 4484 2366 4545 alter
2391 4504 2536 4545 non.
2563 4486 2734 4547 Unus
2761 4489 3060 4563 estsuper
3084 4482 3315 4557 omnia,
3343 4488 3404 4542 et

1846 4578 2070 4639 modus
2120 4578 2254 4656 ejus
2293 4583 2382 4638 est
2429 4596 2613 4656 super
2668 4576 2880 4636 omnia
2929 4575 3215 4653 diligere3
3249 4574 3405 4633 alter
3492 4591 3502 4603 ·

1846 4690 1974 4730 non
2005 4676 2095 4730 est
2121 4687 2306 4749 super
2335 4686 2568 4745 omnia,
2610 4674 2671 4728 et
2711 4668 2974 4746 requirit
3011 4672 3245 4729 certum
3275 4684 3406 4726 mo-

1848 4764 1998 4822 dum
2055 4768 2117 4822 et
2173 4778 2556 4823 mensuram.
2611 4760 2888 4821 Tandem
2960 4762 3031 4821 D.
3093 4759 3360 4819 Thomas
3385 4804 3403 4833 ,

1847 4860 2058 4934 quoest.
2091 4856 2194 4928 25,
2223 4854 2402 4915 artie.
2451 4856 2552 4928 12,
2586 4854 2662 4913 ad
2698 4856 2762 4925 Ξ,
2798 4852 3028 4913 fatetur
3061 4854 3124 4912 in
3157 4850 3409 4929 ohJectis

1846 4947 2210 5027 partialibus
2242 4946 2556 5007 charitatis
2591 4964 2767 5027 posse
2799 4946 3054 5028 reperiri
3096 4946 3406 5007 diversam

1847 5040 2150 5100 rationem
2182 5038 2522 5117 diligibilis.

1929 5134 1989 5193 3.
2037 5131 2248 5195 Tertia
2301 5131 2599 5195 sententia
2645 5132 2727 5195 D.
2791 5130 3033 5195 ,Thomoe
3086 5130 3410 5212 dupliciter

1844 5226 2158 5304 probatur.
2181 5226 2474 5286 —Tertia
2502 5226 2808 5285 sententia
2834 5224 3153 5283 constituit
3179 5223 3291 5282 hos
3314 5240 3412 5283 ac-

1850 5324 1949 5377 tus
1989 5316 2246 5377 omnino
2288 5318 2562 5394 ejusdem
2596 5318 2843 5396 speciei.
2895 5317 2984 5376 lta
3025 5316 3094 5377 D.
3135 5316 3407 5375 Thomas

1850 5413 1909 5471 2.
1943 5413 2005 5486 2,
2033 5416 2244 5489 quaest.
2280 5412 2381 5485 25,
2411 5416 2529 5469 art.
2556 5411 2612 5470 1.
2645 5410 2822 5471 Ratio
2845 5415 2958 5485 est,
2989 5410 3138 5487 quia
3159 5418 3306 5467 sunt
3333 5407 3412 5467 ab

1854 5503 2072 5564 eodem
2101 5502 2316 5563 habitu
2352 5502 2466 5561 sub
2507 5503 2723 5563 eadem
2761 5502 3000 5562 ratione
3035 5500 3302 5570 formali,
3345 5504 3410 5560 et
