3900 6217
709 391 878 445 SECT.
915 395 994 445 111.
1034 394 1175 455 QUAE
1207 394 1370 444 ALIAE
1402 391 1806 446 CONDlTlONES
1836 392 2273 454 REQUfflANTUR
2306 393 2365 444 IN
2401 392 2747 453 thmEC‘rO,
2784 390 2915 442 ETC.

217 511 388 554 nem.
437 491 666 566 Primo,
696 493 842 570 quia
889 509 1016 552 non
1057 497 1254 572 potest
1296 492 1608 551 moraliter
1634 510 1778 552 con·

216 593 405 661 stare,
444 585 706 646 alterum
733 586 798 644 in
828 602 900 645 eo
929 585 1210 664 exemplo
1238 585 1426 645 fuisse
1455 585 1782 644 efficaciter

217 687 458 740 motum
485 677 564 738 ad
593 677 954 740 furandum.
984 677 1288 752 Secund0,
1321 679 1470 756 quia
1497 695 1622 736 11011
1646 677 1781 754 qui·

217 773 372 832 libet
411 771 630 832 modus
671 771 1074 832 contrahendi
1119 770 1418 832 malitiam
1459 771 1778 849 injustitiae

215 866 460 926 inducit
489 863 931 941 obligationem
953 864 1384 937 restitutioniS,
1407 862 1511 922 scd
1541 868 1784 942 oportet

215 965 430 1020 actum
461 959 636 1018 illum
669 977 780 1038 per
808 977 870 1018 se
889 957 1119 1019 habere
1149 957 1450 1018 malitiam
1479 975 1556 1018 ex
1583 963 1783 1018 trans-

215 1053 536 1132 gressione
560 1053 834 1130 justitiae,
865 1057 936 1111 ut
973 1052 1103 1128 jam
1138 1069 1466 1129 exponam.
1499 1051 1573 1111 Et
1613 1049 1779 1111 idem

217 1147 359 1206 dico
410 1146 485 1206 ad
531 1145 797 1224 primam
836 1143 1392 1206 confirmationem.
1437 1143 1531 1203 Ad
1566 1162 1782 1204 secun-

219 1239 392 1315 dam,
437 1239 706 1300 concedo
743 1237 833 1298 ibi
881 1256 1008 1299 esse
1050 1237 1203 1298 duas
1243 1237 1526 1298 malitias.
1561 1237 1665 1296 Est
1693 1242 1783 1296 ta-

217 1352 370 1394 men
399 1332 850 1396 advertendum
884 1332 1208 1414 dupliciter
1258 1338 1474 1393 contra
1505 1330 1774 1408 aliquam

219 1428 518 1487 virtutem
553 1428 812 1504 peccari.
867 1426 1002 1487 Uno
1054 1425 1263 1499 modo,
1296 1443 1406 1506 per
1456 1443 1519 1485 se
1553 1424 1779 1503 prime,

219 1519 372 1600 quia
398 1521 624 1580 directe
653 1520 862 1597 agitur
895 1527 1109 1580 contra
1136 1519 1444 1598 objectum
1494 1518 1648 1595 ejuS,
1685 1515 1784 1576 vel

221 1613 722 1674 circumstantias
750 1613 839 1673 illi
870 1632 946 1674 ex
975 1631 1038 1673 se
1063 1613 1318 1688 debitaS,
1353 1619 1415 1672 et
1451 1611 1570 1670 hoc
1601 1610 1782 1670 modo

219 1709 385 1768 actio
419 1707 620 1768 solum
652 1707 816 1768 mala
867 1708 934 1766 in
979 1707 1340 1787 apparentia
1377 1706 1614 1768 nullam
1663 1710 1784 1764 vir-

221 1807 425 1864 tutem
461 1800 738 1862 offendit.
771 1801 908 1862 Alio
941 1800 1125 1862 modo
1154 1801 1392 1880 peccari
1423 1805 1622 1880 potest
1649 1804 1784 1858 tan-

221 1901 362 1954 tum
418 1913 496 1956 ex
555 1894 953 1973 consequenti
1001 1894 1384 1954 connexione
1439 1893 1741 1952 virtutum
1765 1906 1785 1968 ;

222 2007 398 2064 nam,
434 1993 506 2049 ut
533 1987 764 2048 dictum
797 1995 889 2048 cst
916 1991 972 2048 l.
1005 1991 1065 2064 Ξ,
1097 1987 1243 2066 quia
1279 1993 1451 2048 actus
1487 1985 1788 2044 virtutum

222 2088 372 2142 sunt
400 2081 674 2162 undique
703 2081 874 2155 boni,
910 2081 1158 2161 quando
1196 2079 1299 2142 hic
1327 2085 1389 2142 et
1417 2097 1585 2140 nunc
1616 2084 1787 2139 actus

225 2175 489 2254 alicujus
528 2175 775 2236 virtutis
817 2181 1018 2254 potest
1061 2193 1190 2235 esse
1237 2177 1582 2235 contrarius
1611 2173 1788 2234 alteri

225 2267 444 2326 virtuti
477 2268 496 2344 (
527 2268 808 2346 quamvis
836 2268 900 2328 in
937 2286 1047 2328 suo
1075 2268 1338 2346 objectu,
1369 2268 1463 2328 vel
1494 2268 1787 2328 circums-

228 2361 444 2420 tantiis
463 2361 636 2439 quasi
661 2361 1008 2421 intrinsecis
1029 2379 1154 2422 nou
1172 2359 1396 2422 habeat
1421 2361 1781 2437 defectum),

232 2471 360 2514 non
399 2461 598 2534 potest
624 2454 960 2534 prudenter
987 2453 1146 2530 fieri,
1174 2461 1360 2534 atque
1398 2454 1552 2514 adeo
1588 2471 1789 2532 neque

233 2553 324 2608 est
348 2555 516 2608 actus
545 2549 791 2608 virtutis
813 2548 1194 2627 simpliciter,
1213 2556 1272 2609 et
1299 2549 1440 2609 ideo
1467 2549 1792 2629 participat

230 2641 536 2702 malitiam
580 2643 953 2702 contrariam
993 2642 1241 2720 utrique
1281 2643 1516 2716 virtuti,
1559 2642 1662 2702 sed
1702 2641 1790 2701 al·

231 2740 428 2796 teram
465 2754 571 2814 per
613 2754 699 2809 se,
733 2735 992 2795 alteram
1021 2736 1200 2814 quasi
1239 2754 1349 2814 per
1389 2735 1694 2808 accidenS,
1731 2740 1793 2794 et

235 2833 702 2907 consequenter.
735 2829 834 2888 Sic
863 2828 1049 2888 etiam
1078 2829 1325 2908 propria
1356 2827 1593 2888 malitia
1621 2845 1792 2888 scan-

235 2922 363 2982 dali
391 2923 517 2984 fere
547 2941 788 3002 semper
824 2922 1120 2984 fundatur
1146 2925 1211 2982 in
1242 2924 1362 2984 alia
1391 2923 1664 2995 malitia;
1702 2930 1794 2982 ta·

239 3034 385 3078 men
417 3035 491 3078 ex
518 3015 938 3096 consequenti,
972 3022 1034 3076 et
1072 3034 1182 3098 per
1218 3017 1521 3092 accidens,
1553 3034 1794 3095 semper

238 3108 427 3170 habet
453 3109 662 3188 aliquo
707 3110 895 3172 modo
930 3109 1101 3170 illam
1143 3110 1538 3188 conjunctam
1580 3128 1657 3169 ex
1693 3109 1796 3170 de-

235 3202 404 3264 fectu
459 3204 935 3266 circumstantiae
986 3203 1240 3278 debitae,
1291 3204 1507 3264 saltem
1546 3210 1795 3282 propter

237 3295 428 3356 aliam
449 3297 768 3374 virtutem,
797 3303 1047 3376 propter
1075 3281 1263 3375 quam
1291 3315 1419 3356 non
1446 3296 1795 3358 laedendam

238 3391 579 3470 prudenter
610 3391 976 3452 cessandum
1025 3395 1187 3450 esset
1231 3389 1309 3450 ab
1355 3407 1540 3469 opere
1584 3389 1688 3450 hic
1734 3396 1795 3449 et

235 3504 406 3546 nunc
441 3483 708 3545 habente
751 3483 1014 3563 speciem
1065 3483 1250 3559 mali,
1291 3483 1570 3563 quamvis
1609 3501 1686 3544 ex
1734 3502 1798 3544 se

236 3584 394 3641 esset
419 3578 572 3640 alias
605 3577 954 3638 honestum.

861 3779 1077 3832 SECTto
1107 3780 1190 3831 111.

245 3954 392 4028 Quoe
433 3953 573 4017 alioe
613 3951 975 4016 conditiones
1013 3950 1405 4033 requirantur
1441 3951 1523 4014 ad
1553 3967 1800 4032 peccan-

498 4049 640 4112 dum
667 4046 958 4110 indirecte
978 4051 1218 4127 peccato
1251 4043 1548 4108 scandali.

330 4241 384 4298 t.
427 4236 650 4298 Prima
689 4234 986 4299 conclusio
1023 4233 1338 4315 bipartita.
1381 4217 1470 4278 -Ῑ
1503 4234 1585 4294 De
1613 4231 1804 4312 priori

247 4329 435 4391 modo
488 4328 760 4389 scandali
820 4328 1019 4407 posito
1069 4327 1336 4387 sectione
1387 4325 1756 4406 praecedenti
1783 4371 1804 4401 ,

243 4441 426 4486 num.
455 4431 512 4496 1,
535 4423 722 4502 quod,
755 4421 1014 4496 scilicet,
1045 4420 1446 4480 directissima
1467 4419 1810 4479 intentione

243 4517 657 4578 committitur
691 4561 713 4592 ,
763 4515 922 4576 nihil
977 4519 1066 4574 est
1112 4513 1279 4593 quod
1322 4512 1650 4590 dicamus;
1700 4531 1812 4592 per

245 4631 313 4672 se
359 4611 528 4671 euim
569 4615 772 4688 patet3
833 4625 980 4668 nam
1022 4624 1264 4685 semper
1299 4605 1403 4666 ille
1440 4605 1658 4666 modus
1720 4611 1811 4666 est

249 4703 474 4778 malus,
505 4703 654 4782 quia
693 4709 782 4764 est
815 4702 1143 4761 intrinsece
1183 4695 1396 4777 cont&
1437 4703 1810 4778 pracceptum

245 4796 532 4857 naturale
561 4797 947 4874 negativum,
975 4799 1038 4853 et
1064 4791 1194 4853 sere
1238 4790 1401 4852 idem
1437 4791 1514 4852 de
1543 4791 1813 4850 secundo

249 4889 436 4952 modo
465 4889 864 4950 censendum.
899 4888 1134 4946 Tamen
1165 4885 1314 4964 quia
1341 4885 1407 4944 in
1451 4884 1556 4943 illo
1583 4901 1674 4944 est
1702 4883 1814 4943 ali-

248 4985 404 5065 quid
443 4984 632 5044 etiam
683 4980 992 5056 indirecti,
1025 4986 1094 5040 ut
1149 4978 1492 5058 explicetur
1521 4978 1810 5053 exactius,

252 5080 392 5140 dico
420 5078 624 5157 primo
653 5093 668 5138 ε
701 5081 909 5155 petere
951 5093 988 5134 a
1031 5074 1337 5153 proximo,
1366 5073 1466 5133 vel
1498 5073 1816 5134 consulere

251 5190 412 5254 opus
445 5170 610 5251 quod
639 5169 816 5230 nulla
856 5169 1096 5229 ratione
1124 5171 1322 5246 potest
1353 5167 1480 5244 ipse
1521 5167 1652 5226 sine
1680 5185 1819 5246 pec-

253 5275 390 5328 cato
417 5270 753 5344 praestare,
799 5269 890 5324 est
932 5261 1262 5322 intrinsece
1304 5259 1541 5320 malum
1583 5258 1822 5319 malitia

255 5357 532 5424 scandali
567 5379 584 5432 3
637 5362 843 5436 petere
890 5360 1098 5414 autem
1142 5352 1306 5432 quod
1351 5352 1521 5412 licite
1568 5351 1821 5430 quidem

259 5455 398 5516 fieri
430 5457 669 5533 potest,
725 5449 1040 5509 moraliter
1091 5453 1302 5508 tamen
1355 5447 1476 5506 scio
1526 5464 1651 5506 non
1689 5445 1822 5505 sine

257 5551 506 5630 peccato
541 5545 674 5608 fore
715 5543 1158 5626 praestandum,
1193 5537 1504 5600 interdum
1532 5537 1696 5620 licet,
1727 5536 1823 5596 in·

3299 383 3415 446 725

1857 489 2105 551 terdum
2155 509 2276 550 non
2324 489 2487 550 licet.
2538 490 2744 550 Prima
2791 508 2933 570 pars
2980 495 3239 563 constat,
3270 491 3415 569 quia

1859 583 2041 657 illud,
2073 583 2390 643 moraliter
2430 583 2738 664 loquendo
2759 628 2779 659 ,
2828 589 2919 642 est
2958 582 3185 642 directe
3232 583 3411 642 indu-

1862 694 2001 736 cere
2028 676 2102 735 ad
2138 676 2368 736 malum
2398 700 2413 751 3
2448 696 2645 756 neque
2681 676 2846 737 enim
2886 676 3022 736 fleri
3060 683 3258 755 potest
3284 677 3414 738 haic

1863 770 2139 830 inductio
2170 772 2474 832 movendo
2499 772 2571 832 ad
2600 771 2901 832 malitiam
2932 771 3153 850 ipsam,
3186 772 3289 832 sed
3318 791 3415 832 so-

1861 863 1991 924 lum
2030 864 2333 925 movendo
2358 864 2435 924 ad
2464 871 2693 939 actum,
2728 883 2765 924 a
2796 882 2919 944 quo
2942 882 3067 924 non
3101 872 3417 943 separatur

1861 957 2123 1019 malitia.
2156 959 2438 1019 Secunda
2467 959 2655 1019 etiam
2684 977 2824 1038 pars
2849 963 2941 1018 est
2970 965 3135 1020 certa
3162 963 3224 1018 et
3252 977 3413 1018 com-

1861 1051 2091 1126 muniS,
2120 1070 2195 1111 ex
2233 1053 2592 1130 Augustino,
2630 1052 2809 1131 epist.
2854 1053 2991 1124 154,
3036 1056 3097 1110 et
3138 1052 3205 1111 D.
3256 1051 3416 1112 Tho-

1861 1163 1987 1220 ma,
2036 1145 2358 1224 quaestion.
2402 1147 2481 1208 78
2499 1191 2519 1222 ,
2546 1145 2722 1206 artic.
2755 1147 2831 1223 45
2865 1144 3282 1224 exemplisque
3314 1164 3421 1224 pa-

1861 1244 1950 1306 tet
1971 1256 1991 1316 ;
2026 1257 2171 1300 nam
2209 1239 2354 1299 licet
2399 1239 2709 1300 interdum
2742 1240 3168 1317 juramentum
3212 1245 3417 1318 petere

1862 1334 1941 1394 ab
1970 1333 2316 1408 idololatra,
2344 1351 2529 1412 quem
2552 1334 2675 1394 scio
2703 1351 2809 1412 per
2837 1331 2999 1392 idola
3022 1332 3373 1410 juraturum
3396 1355 3414 1407 ς

1863 1425 2147 1486 similiter
2173 1425 2316 1486 licet
2338 1434 2545 1506 petere
2574 1432 2859 1487 mutuum
2884 1425 2962 1486 ab
2984 1444 3057 1486 eo
3084 1443 3267 1504 quem
3296 1426 3419 1486 scio

1863 1519 2202 1600 petiturum
2248 1538 2481 1580 usuras,
2531 1519 2708 1581 Ratio
2754 1524 2846 1580 est
2868 1565 2888 1595 ‚
2932 1519 3078 1597 quia
3122 1536 3237 1596 ego
3282 1523 3422 1578 utor

1856 1615 1999 1692 jure
2030 1631 2167 1674 meo
2197 1613 2460 1693 petendo
2494 1614 2653 1693 quod
2690 1615 2929 1690 justum
2957 1620 3047 1673 est
3068 1657 3086 1686 ,
3130 1631 3253 1690 quo
3290 1631 3415 1672 non

1865 1725 2109 1787 semper
2134 1714 2346 1769 teneor
2374 1725 2473 1768 me
2504 1708 2745 1787 privare
2769 1729 2785 1781 3
2824 1706 2985 1766 unde
3010 1705 3249 1766 malitia
3272 1713 3421 1766 tuuc

1867 1801 2163 1882 permissa
2198 1806 2289 1862 est
2317 1819 2353 1861 a
2395 1818 2518 1873 me,
2558 1819 2680 1861 non
2712 1806 2981 1862 causata.

1947 1898 2009 1954 2.
2060 1893 2266 1968 Quoad
2311 1899 2602 1976 paratum
2652 1895 2735 1958 ad
2774 1895 3138 1976 peccandum
3182 1894 3421 1976 leyatur

1869 1995 2103 2063 auctor,
2136 1990 2241 2051 lib.
2276 1991 2311 2051 3
2341 1991 2409 2052 dc
2432 1991 2675 2052 Iuram.
2699 2035 2719 2066 ,
2754 2007 2806 2054 c.
2842 1991 2940 2062 13,
2970 1993 3027 2052 et
3056 1990 3285 2070 disput.
3320 1990 3417 2061 18,

1869 2087 1938 2146 dc
1972 2083 2359 2148 Sacrament.
2388 2129 2407 2160 ‚
2444 2089 2587 2147 sect.
2622 2088 2677 2145 1.
2710 2117 2789 2128 -
2814 2085 3150 2147 Iactantia.
3188 2119 3267 2128 -—
3310 2085 3425 2144 Di-

1866 2179 2086 2241 luitur.
2122 2214 2198 2223 —
2238 2178 2489 2260 Replica
2529 2196 2645 2242 non·
2700 2180 2941 2254 obstat,
2990 2180 3058 2241 de
3104 2197 3223 2258 qua
3270 2177 3423 2240 idem

1867 2279 2100 2347 auctor,
2143 2273 2211 2336 dc
2235 2273 2435 2346 Pom„
2472 2274 2633 2350 disp.
2660 2275 2763 2346 22,
2788 2279 2929 2336 sect.
2962 2276 2989 2333 1
3021 2317 3039 2348 ,
3072 2292 3131 2334 n.
3169 2273 3269 2342 18,
3312 2273 3421 2352 qui

1867 2363 2007 2428 hnic
2047 2367 2170 2428 Ioco
2200 2384 2319 2428 non
2346 2371 2667 2446 ropuynat,
2718 2385 2853 2428 cum
2893 2366 2981 2428 ibi
3032 2365 3316 2444 loquatur
3358 2365 3427 2444 dc

1870 2459 2198 2522 actualiter
2216 2463 2464 2538 parato,
2502 2460 2606 2521 ubi
2632 2460 2806 2520 nulla
2852 2459 3169 2522 intercedit
3217 2459 3425 2520 induc·

1871 2551 1975 2613 tio.
2003 2583 2085 2596 —
2116 2550 2231 2612 Sed
2260 2552 2420 2612 circa
2446 2550 2563 2614 hoc
2590 2559 2735 2614 sunt
2762 2551 2969 2630 aliqua
3012 2551 3420 2625 observanda,

1870 2648 1940 2703 ut
1970 2645 2200 2705 vitetur
2242 2644 2477 2706 malitia
2507 2646 2799 2706 scandali.
2836 2646 3115 2706 Primum
3162 2651 3298 2719 est,
3347 2663 3430 2704 au

1873 2736 1978 2797 ille
2006 2738 2084 2798 sit
2113 2746 2361 2817 paratus
2383 2739 2463 2800 ad
2489 2740 2890 2819 peccandum,
2911 2743 3143 2800 necne?
3165 2740 3228 2800 Si
3252 2758 3429 2818 para-

1872 2835 1973 2889 tus
2002 2837 2113 2906 est,
2140 2851 2177 2891 a
2206 2831 2417 2892 multis
2438 2833 2853 2894 communiter
2886 2834 3017 2892 sine
3040 2833 3432 2893 distinctione

1874 2923 2099 2982 dicitur
2150 2923 2332 2984 licere
2382 2924 2461 2985 ab
2503 2925 2611 2985 illo
2652 2932 2903 3004 petere3
2944 2926 3044 2986 sed
3086 2944 3201 3003 ego
3252 2925 3431 2985 credo

1874 3036 2003 3080 esse
2048 3017 2397 3078 addendum
2444 3037 2459 3078 :
2528 3019 2591 3079 Si
2656 3019 2737 3079 sit
2781 3019 2985 3098 aliqua
3050 3017 3435 3079 rationabilis

1875 3131 2058 3174 cansa
2088 3112 2361 3192 petendi,
2393 3112 2667 3192 alioquin
2697 3114 2829 3174 sine
2867 3131 3049 3174 causa
3087 3111 3433 3192 praeberem

1876 3207 2161 3288 proximo
2180 3206 2558 3266 occasionem
2580 3205 2871 3285 peccandi
2889 3229 2906 3281 3
2926 3223 3245 3284 nunquam
3266 3205 3435 3265 enim

1877 3299 2097 3379 aliquis
2122 3305 2212 3360 est
2238 3298 2325 3358 ita
2352 3305 2622 3377 paratus«,
2650 3306 2720 3358 ut
2738 3298 2839 3360 hic
2866 3305 2927 3359 et
2946 3315 3113 3359 nunc
3139 3297 3310 3358 sitin
3339 3316 3439 3356 ac-

1877 3391 2032 3454 tuali
2062 3392 2381 3452 voluntate
2415 3391 2746 3469 peccandi,
2790 3391 2895 3452 sed
2924 3389 3124 3451 solum
3164 3391 3232 3451 in
3266 3389 3443 3451 habi-

1879 3487 2060 3560 tuali,
2086 3503 2223 3564 quae
2252 3484 2509 3562 praecise
2536 3491 2782 3565 sumpta
2816 3503 2940 3544 non
2972 3490 3064 3544 est
3092 3488 3433 3562 peccatum.

1883 3580 2177 3654 Quocirca
2224 3578 2275 3638 si
2333 3596 2447 3658 ego
2498 3598 2626 3639 non
2675 3584 2947 3659 peterem
2998 3585 3061 3640 et
3108 3578 3439 3640 excitarem

1885 3675 1973 3736 sic
2012 3673 2401 3752 dispositum,
2434 3672 2535 3734 hic
2572 3678 2635 3733 et
2671 3691 2840 3734 nunc
2874 3689 3088 3734 revera
3116 3690 3245 3733 11011
3272 3689 3443 3749 com-

1883 3768 2158 3829 mitteret
2185 3767 2301 3826 hoc
2338 3772 2657 3846 peccatum
2682 3782 2702 3844 ;
2736 3771 2885 3845 e'rgo
2931 3773 3145 3827 contra
3182 3765 3443 3826 charita-

1882 3867 2011 3921 tem
2038 3865 2127 3921 est
2162 3859 2293 3920 sine
2324 3859 2679 3920 rationabili
2708 3877 2889 3920 causa
2916 3858 2979 3920 id
3020 3859 3245 3920 facere.
3282 3857 3445 3922 Obli-

1882 3963 1989 4034 gat
2016 3953 2185 4014 enim
2226 3953 2643 4014 misericordia
2662 3953 2739 4014 ad
2769 3953 3021 4013 vitanda
3040 3952 3285 4030 singula
3307 3970 3446 4032 pec-

1883 4055 2023 4110 cata
2057 4046 2363 4128 proximi,
2396 4047 2585 4108 etiam
2622 4045 3039 4126 paratissimi3
3077 4046 3201 4106 imo
3249 4045 3448 4123 magis
3515 4035 3521 4041 ⁶

1883 4142 2095 4219 hujus,
2123 4139 2271 4219 quia
2302 4147 2394 4200 est
2422 4141 2483 4198 in
2514 4139 2735 4217 majori
2758 4139 3030 4212 miseria,
3074 4139 3238 4219 quod
3266 4139 3450 4218 plane

1889 4235 2079 4296 sentit
2112 4234 2181 4294 D.
2210 4233 2502 4304 ThomaS‚
2541 4232 2647 4294 illa
2682 4237 2895 4310 quaest.
2932 4233 3033 4306 78,
3076 4236 3191 4294 art.
3223 4235 3300 4308 4,
3328 4231 3451 4292 illis

1891 4329 2095 4390 verbis
2144 4343 2160 4386 ε
2218 4327 2482 4406 Propter
2534 4325 2775 4404 aliquod
2835 4325 3045 4387 bonwm
3071 4370 3091 4401 ,
3136 4326 3313 4406 qualo
3366 4331 3455 4388 oct

1891 4421 2183 4496 subiectio
2219 4419 2488 4500 propria·
2528 4417 2937 4492 necessilatiS,
2972 4419 3065 4480 vel
3106 4419 3313 4481 alicnoe
3334 4443 3359 4492 ;
3394 4424 3457 4479 et

1895 4515 2065 4575 idem
2096 4511 2405 4592 significat
2442 4511 2519 4570 ad
2558 4511 2919 4572 secundum.
2954 4511 3165 4572 Dices:
3216 4511 3319 4573 ille
3367 4517 3459 4573 est

1895 4609 1960 4668 in
2014 4606 2333 4666 voluntate
2384 4610 2705 4683 promptus
2728 4649 2749 4679 ,
2776 4611 2839 4664 et
2865 4605 3147 4684 quamvis
3179 4624 3295 4683 ego
3329 4625 3457 4667 non

1893 4707 2136 4781 petam,
2183 4697 2497 4758 moraliter
2543 4697 2700 4757 alius
2748 4704 2953 4776 petet3
3007 4697 3104 4759 vel
3145 4706 3307 4759 certe
3354 4699 3458 4760 ille

1893 4792 2083 4854 hahet
2116 4791 2493 4852 desiderium
2534 4797 2602 4850 ut
2632 4789 2711 4850 ab
2746 4790 2855 4851 illo
2898 4798 3165 4869 petatur,
3198 4798 3267 4852 ut
3296 4798 3461 4872 patet

1896 4884 1965 4945 in
2006 4884 2285 4944 usurario
2326 4902 2531 4944 avaro.
2582 4885 3004 4963 Respondetur
3031 4883 3165 4944 haec
3192 4903 3322 4945 esse
3352 4903 3461 4964 per

1895 4977 2175 5039 accidens
2207 4982 2270 5037 et
2318 4976 2581 5052 incerta,
2628 4983 2689 5037 et
2721 4977 2975 5038 fortasse
3018 4977 3328 5040 interdum
3371 4985 3459 5039 te·

1900 5089 2067 5132 mere
2091 5069 2397 5150 judicari3
2430 5089 2538 5153 per
2586 5089 2650 5131 se
2678 5070 2897 5148 [autem
2946 5070 3210 5132 charitas
3256 5079 3461 5150 postu-

1898 5165 1989 5225 lat
2043 5171 2113 5225 ut
2151 5182 2265 5244 ego
2316 5164 2504 5223 vitem
2567 5183 2751 5224 omne
2808 5170 3121 5243 peccatum
3166 5165 3455 5243 proximi,

1901 5257 2151 5335 quando
2178 5255 2357 5320 facile
2386 5275 2652 5337 possum.
2700 5257 2817 5316 Sed
2859 5264 3111 5317 contra:
3159 5275 3305 5335 ergo
3352 5258 3459 5336 qui

1903 5350 2126 5410 invitat
2168 5351 2493 5411 mulierem
2538 5351 2877 5430 expositam
2930 5349 3006 5410 ad
3051 5350 3454 5427 peccandum,

1903 5451 2115 5523 peccat
2143 5444 2393 5524 speciali
2422 5451 2665 5522 peccato
2711 5442 3005 5503 scandali.
3039 5444 3464 5522 Respondetur

1905 5537 2295 5602 concedendo
2356 5539 2748 5616 illationem3
2790 5539 3060 5600 maxime
3118 5540 3263 5619 quia
3310 5549 3459 5602 tunc
