3900 6217
473 435 625 493 SECT.
660 433 744 492 111.
782 433 864 491 AN
897 433 1260 494 OCCULTARE
1289 436 1478 492 FmEM
1507 433 1604 486 Sl‘r
1635 425 2032 497 Pnonmrrum,
2068 427 2194 488 AUT
2228 435 2592 502 PERmssmt,
2629 433 2765 491 ETC.

151 557 222 625 set,
243 545 352 626 qnia
373 559 461 622 per
481 537 954 600 observationem
981 539 1234 602 alterius
1275 535 1568 620 praecepti

147 647 278 706 cessat
303 633 593 711 necoesitaS,
621 632 688 691 in
718 651 841 712 qua
868 633 1132 694 alterum
1154 633 1430 709 obligare
1458 647 1570 709 po·

146 739 272 806 terat3
306 735 355 790 et
398 725 465 786 ob
506 723 658 783 hauc
696 723 952 786 fortasse
995 743 1243 786 causam
1289 729 1568 785 auctores

141 847 228 890 non
267 822 524 896 assignant
579 821 826 898 tempus
896 819 1084 898 hujus
1151 815 1564 890 necessitatis,

136 921 216 980 uisi
253 918 301 976 in
339 912 438 973 illis
465 910 873 971 occasionibus
923 909 1446 982 extraordinariiS,
1508 913 1572 968 et

136 1009 253 1090 quau
296 1002 688 1065 accidentariis.
755 1001 830 1064 In
897 1004 1122 1083 quibus
1161 1003 1348 1064 etiam
1411 1001 1570 1061 addo

135 1119 250 1184 posse
275 1098 663 1176 obligationem
693 1097 1002 1175 pertinere
1045 1098 1122 1158 ad
1151 1096 1472 1177 proprium
1497 1095 1569 1156 fi-

135 1197 196 1256 rlei
227 1196 558 1272 praeceptum,
613 1188 713 1249 vel
769 1207 847 1249 ex
885 1195 1061 1270 parte
1102 1189 1231 1265 Dei,
1277 1190 1327 1251 si
1369 1189 1570 1252 honor

135 1290 231 1366 ejuS,
253 1285 302 1346 in
328 1287 601 1361 quantum
640 1287 734 1342 est
773 1281 918 1342 fidei
948 1287 1162 1344 auctor
1185 1289 1248 1344 et
1283 1287 1566 1355 assertor,

136 1377 434 1452 mericlitetur3
461 1379 526 1434 ut
559 1375 613 1434 si
637 1379 887 1454 propter
908 1375 1218 1437 defectum
1247 1375 1573 1437 confessio·

135 1471 186 1530 iis
219 1469 349 1534 fidei.
384 1466 588 1544 religio
638 1467 986 1530 Christiana
1032 1469 1184 1530 falsa
1231 1464 1574 1530 existimari

136 1563 269 1636 ussit,
293 1561 378 1621 vel
411 1565 712 1621 auctorem
757 1561 890 1640 ejus
917 1561 1144 1622 falsum
1181 1561 1443 1636 dixisse3
1475 1560 1575 1622 vel

139 1658 246 1714 tiam
279 1671 339 1714 ex
367 1658 524 1732 parte
561 1651 890 1732 ipsiusmet
919 1654 1213 1729 hominis,
1245 1656 1295 1715 si
1325 1659 1576 1737 propter

135 1767 202 1808 ton
241 1745 608 1806 confitendam
651 1743 838 1806 fidem
887 1747 1083 1809 nimio
1123 1748 1334 1808 timori
1369 1747 1575 1806 locum

137 1845 248 1912 aret,
269 1845 390 1899 etse
419 1845 750 1918 exponeret
769 1839 1041 1918 periculo
1065 1840 1164 1901 vel
1188 1837 1509 1900 deficiendi
1537 1857 1577 1900 a

139 1932 209 2004 «le,
237 1932 315 1991 vel
337 1929 685 1992 ostendendi
727 1931 1206 1992 inconstantiam
1247 1935 1312 1991 in
1344 1930 1473 1992 illa.
1505 1931 1576 1992 In

137 2026 174 2084 is
203 2026 336 2085 enim
373 2031 430 2084 et
461 2022 771 2084 similibus
806 2022 1068 2101 casibus,
1107 2026 1370 2104 ipsamet
1423 2024 1575 2084 fides

135 2118 244 2196 tpia
273 2115 487 2178 affectio
520 2115 801 2194 obligare
831 2123 1164 2197 potuerunt
1195 2117 1272 2179 ad
1299 2117 1575 2196 ejusdem

135 2209 476 2270 insessionem.
535 2209 618 2268 Et
665 2207 798 2270 haec
847 2215 992 2270 sunt
1025 2227 1187 2289 quae,
1233 2209 1449 2271 stando
1505 2211 1574 2270 in

135 2320 194 2360 tre
233 2301 438 2376 (lirino,
487 2301 562 2362 de
623 2307 903 2382 tempore
945 2301 1132 2381 hujus
1182 2301 1575 2381 obligationis

136 2399 241 2453 rere
261 2411 578 2472 possumus,
637 2395 726 2455 Ex
775 2396 916 2472 jure
961 2415 1110 2456 vero
1141 2392 1571 2470 ecclesiasticO,

136 2487 364 2547 traducta
389 2495 476 2547 est
513 2487 816 2566 obligatio
862 2487 1191 2567 peculim-Is
1237 2487 1575 2548 confitendi

136 2579 224 2638 lem
266 2581 424 2640 certis
473 2587 602 2641 tem
609 2579 889 2660 poribuS‚
939 2587 1002 2642 et
1042 2579 1224 2660 juxta
1257 2581 1574 2660 praescrip-

139 2691 182 2730 m
203 2673 428 2734 sormam
462 2675 526 2735 iu
568 2674 828 2753 proprio
850 2675 1117 2753 quodam
1149 2680 1321 2736 motu
1349 2675 1441 2735 Pii
1466 2675 1569 2750 lv,

139 2771 216 2824 xta
238 2784 296 2824 ea
321 2785 448 2845 quae
481 2775 790 2846 praecepta
815 2773 992 2828 erant
1021 2767 1086 2828 iu
1121 2767 1390 2828 Concilio
1436 2768 1573 2828 Tri-

135 2863 294 2932 nium,
321 2877 458 2918 sess·
500 2861 586 2920 24
627 2867 694 2920 et
727 2862 804 2921 ‘25
841 2859 917 2920 de
953 2860 1288 2920 Reformat.
1340 2859 1424 2921 De
1455 2861 1574 2920 hac

136 2967 199 3008 iro
219 2950 560 3029 obligatione
589 2951 762 3012 nihil
800 2954 866 3012 in
895 2954 1178 3032 praesenti
1227 2953 1427 3013 dicere
1465 2969 1575 3013 ne-

136 3059 208 3100 sse
242 3049 343 3110 est:
394 3044 672 3124 pertinet
716 3047 882 3106 enim
913 3046 988 3106 ad
1034 3043 1186 3106 alios
1233 3046 1574 3125 peculiares

136 3151 214 3192 sus
241 3135 302 3195 de
333 3137 404 3196 iis
431 3139 540 3216 qui
567 3137 955 3199 beneficium
985 3139 1310 3218 recipiunt,
1343 3139 1440 3200 vel
1495 3139 1573 3198 atl

136 3227 436 3305 scopatum,
487 3231 948 3310 praelationem,
993 3232 1441 3310 magisterium,
1474 3231 1572 3291 vel

141 3337 222 3377 um
271 3319 524 3383 similem
585 3323 858 3402 gradum
923 3329 1401 3404 promoventur3
1463 3323 1573 3403 qui

135 3417 227 3471 tem
251 3411 414 3491 plura
437 3415 516 3476 de
543 3417 660 3476 illa
691 3415 904 3477 videre
927 3415 1386 3492 desideraverit,
1409 3416 1576 3494 legat

135 3503 298 3578 nehes,
357 3507 422 3567 in
469 3507 819 3569 novissimo
871 3513 1054 3589 opere
1107 3509 1326 3602 morali
1391 3525 1575 3587 super

135 3595 396 3675 mogum,
426 3597 538 3661 lib.
573 3604 639 3666 Ξ.
693 3617 832 3683 cap.
885 3605 986 3678 15,
1042 3609 1108 3662 et
1131 3599 1438 3678 Garoiam,
1494 3601 1574 3662 de

135 3689 242 3750 iet..
271 3703 422 3770 part.
457 3695 521 3770 3,
553 3714 612 3756 c.
659 3697 724 3755 3.

611 3939 838 3990 SECTIO
871 3940 956 3992 111.

135 4115 263 4180 ‘trum
291 4122 594 4185 occultare
630 4123 816 4200 fidem
847 4124 936 4184 sit
969 4122 1362 4202 prohibitum,
1421 4127 1528 4184 aut

135 4215 498 4288 permissum,
532 4215 636 4280 vel
669 4216 974 4278 interdum
1019 4217 1446 4278 necessarium.

138 4473 150 4487 .
187 4431 514 4494 Occultatio
569 4433 732 4495 fidei
781 4434 1056 4495 medium
1087 4435 1236 4513 quid
1278 4441 1375 4497 est
1408 4437 1572 4498 inter

135 4521 436 4587 sessionem
465 4533 534 4588 et
575 4529 983 4605 negationem
1027 4528 1172 4587 fidei
1191 4543 1212 4603 3
1263 4546 1410 4588 nam
1462 4530 1570 4608 qui

136 4615 258 4675 litat
279 4619 645 4695 veritatem,
681 4635 796 4678 nec
847 4619 1170 4695 mentitur,
1213 4638 1328 4680 nec
1352 4639 1568 4682 verum

135 4713 176 4781 t;
227 4717 422 4788 potest
468 4719 698 4774 autem
753 4711 886 4772 haec
930 4713 1252 4774 occultatio
1306 4714 1571 4792 intelligi

135 4803 172 4858 si
227 4821 388 4866 mere
438 4807 773 4884 negative,
831 4805 1032 4884 qualis
1069 4823 1200 4866 esse
1254 4813 1454 4885 potest
1503 4809 1570 4867 in

135 4911 377 4976 cumque
423 4905 747 4978 tempore,
777 4899 967 4960 etiam
1014 4899 1266 4976 quando
1305 4917 1430 4960 non
1469 4917 1574 4960 oc·

136 4994 190 5047 ·1t
232 4993 468 5052 occasio
511 4989 864 5052 confitendi
917 4990 1149 5066 fidem3
1213 4995 1276 5052 et
1336 4992 1414 5056 de
1453 4992 1570 5054 hac

139 5097 170 5138 a
195 5087 278 5142 est
319 5085 626 5163 quaestio,
683 5083 826 5163 quia
853 5100 980 5143 nou
1020 5083 1218 5144 solum
1247 5085 1567 5164 permissa,

135 5175 302 5234 ctiam
325 5177 624 5236 humano
678 5177 862 5237 modo
898 5177 1237 5238 necessaria
1265 5185 1380 5254 cst,
1425 5179 1574 5258 quia

171 5273 364 5344 potest
383 5268 592 5330 homo
624 5285 870 5348 semper
894 5286 1026 5330 esse
1065 5267 1134 5329 in
1167 5270 1396 5330 actuali
1447 5287 1574 5330 suae

135 5361 536 5435 iprofessione
554 5382 574 5420 ε
604 5362 1118 5440 quotiescumque
1145 5367 1352 5422 autem
1380 5381 1418 5422 a
1431 5381 1576 5442 pro-

136 5467 248 5512 ‚one
299 5459 525 5528 cessat,
583 5460 794 5532 potest
839 5455 964 5514 dici
1011 5454 1324 5518 occultare
1386 5455 1577 5518 fidem

135 5563 168 5604 n
213 5547 316 5608 illo
371 5548 574 5611 modo
584 5564 610 5626 3
664 5547 788 5609 alio
828 5565 978 5628 ergo
1019 5548 1208 5610 modo
1247 5550 1576 5614 occultatio

1648 535 1914 594 sumitur
1947 534 2128 614 quasi
2147 536 2427 614 positive,
2451 535 2547 596 vel
2580 533 2853 616 physice,
2884 538 2983 600 vel
3010 558 3215 602 mora-

1648 626 1790 687 liter
1817 627 2151 706 loquendO,
2185 635 2246 688 et
2288 634 2490 706 potest
2515 630 2702 689 etiam
2732 631 2856 690 dici
2884 634 3211 694 occultatio

1649 719 1942 794 sormam,
1978 722 2124 800 quia
2150 721 2448 781 nimirum
2487 728 2844 784 occurrente
2866 725 3088 786 morali
3116 745 3215 787 oc-

1651 813 1894 873 casione
1933 813 2268 874 confitendi
2302 813 2512 884 fidem,
2572 813 2757 876 homo
2800 835 2925 877 non
2973 820 3107 881 vult
3137 838 3212 881 ea

1650 904 1764 981 uti,
1795 905 1894 966 vel
1917 905 2083 984 fugit
2111 906 2306 982 illam,
2336 912 2399 968 et
2426 907 2503 967 de
2526 905 2731 969 bacin
2752 913 3036 989 praesenti
3056 917 3213 976 trac-

1650 1003 1874 1058 tamus.

1731 1092 1790 1150 2.
1823 1091 2170 1172 Aliquando
2187 1093 2560 1173 prohibitum
2578 1099 2668 1156 est
2695 1095 2992 1158 occultare
3009 1099 3211 1175 fidem.

1650 1219 1727 1228 —
1751 1181 2095 1264 Aliquando
2120 1203 2254 1248 vero
2282 1204 2401 1250 non
2425 1193 2514 1252 est
2540 1187 2789 1250 malum.
2811 1221 2895 1234 —
2913 1189 3217 1255 Nonnun-

1650 1293 1828 1356 quam
1866 1279 2293 1352 necessarium,
2324 1284 2381 1342 et
2434 1281 2689 1360 quando.
2721 1313 2803 1326 —
2825 1283 2911 1342 De
2954 1285 3217 1346 occulta-

1651 1369 1820 1430 tione
1849 1370 2045 1449 igitur
2072 1371 2216 1432 fidei
2254 1371 2340 1433 sic
2374 1372 2723 1448 intellecta,
2769 1375 2890 1434 tria
2927 1377 3219 1438 videntur

1653 1470 1817 1524 certa
1859 1470 1921 1526 et
1970 1463 2153 1526 clara.
2205 1466 2481 1528 Primum
2536 1473 2649 1543 est,
2698 1465 3033 1545 aliquando
3087 1489 3217 1532 esse

1653 1557 2035 1636 prohibitum
2064 1575 2080 1619 ε
2114 1558 2231 1619 hoc
2257 1562 2645 1621 convincitur
2672 1578 2746 1622 ex
2778 1560 2959 1622 dictis
2988 1563 3053 1623 in
3083 1583 3220 1625 sec-

1653 1651 1822 1710 tione
1848 1651 2252 1729 praecedenti3
2282 1670 2428 1713 nam
2452 1653 2759 1714 occultare
2780 1651 2966 1716 fidem
2988 1659 3051 1715 et
3075 1674 3217 1717 con·

1655 1742 1816 1804 fiteri
1837 1743 2050 1819 fidem,
2076 1743 2155 1805 ad
2184 1745 2514 1806 minimum
2538 1752 2685 1807 sunt
2707 1747 3007 1826 privative
3029 1765 3219 1829 oppo-

1655 1836 1797 1911 sita,
1835 1842 2131 1916 tanquam
2161 1839 2321 1898 actio
2362 1843 2426 1898 et
2476 1839 2727 1899 omissio
2739 1855 2759 1916 3
2802 1857 2948 1918 ergo
2978 1845 3219 1920 quoties

1656 1928 1957 1989 confessio
2006 1931 2382 2010 praecipitur,
2438 1930 2763 1993 occultatio
2810 1933 3213 2011 prohibetur;

1655 2019 1759 2081 sed
1789 2026 2104 2083 ostensum
2142 2029 2231 2084 est
2258 2023 2703 2086 confessionem
2736 2041 2895 2104 saepe
2932 2027 3212 2106 praecipi3

1655 2131 1802 2195 ergo
1843 2119 1991 2175 tunc
2038 2115 2363 2176 occultatio
2410 2115 2801 2196 prohibetur.
2855 2119 3217 2180 Secundum

1655 2213 1763 2281 cst,
1791 2207 2266 2270 occultationem
2295 2209 2458 2269 hanc
2485 2228 2614 2271 non
2660 2227 2905 2290 semper
2932 2230 3059 2272 esse
3085 2231 3217 2274 ma·

1651 2299 1776 2360 lam
1807 2299 1906 2360 vel
1935 2301 2335 2378 prohibitam,
2368 2302 2474 2362 sed
2502 2319 2630 2363 esse
2664 2321 2839 2382 posse
2868 2303 3129 2375 licitam,
3158 2313 3220 2366 et

1653 2391 2001 2452 honestam.
2055 2394 2377 2470 Probatur,
2410 2395 2557 2474 quia
2596 2413 2723 2456 non
2754 2395 3117 2474 prohibetur
3143 2417 3219 2459 ex

1653 2484 1717 2545 vi
1739 2485 2029 2564 praecepti
2050 2485 2352 2562 negativi,
2377 2505 2517 2546 cum
2545 2487 2677 2566 ipsa
2704 2490 2782 2549 sit
2806 2490 3085 2567 quaedam
3114 2493 3227 2553 υθέ

1656 2579 1849 2652 gatio,
1881 2595 1989 2637 seu
2024 2577 2310 2657 privati0,
2353 2579 2451 2640 vel
2486 2579 2759 2656 omissi0‚
2804 2581 2905 2641 sed
2939 2582 3220 2661 prohibe-

1652 2676 1758 2729 tur
1787 2677 2235 2748 consequenter
2262 2689 2336 2731 ex
2382 2671 2445 2730 vi
2494 2673 2779 2752 praecepti
2825 2673 3178 2736 affirmativi
3198 2697 3215 2750 ;

1655 2762 1760 2824 sed
1805 2770 2183 2842 praeceptum
2212 2765 2651 2826 affirmativum
2679 2785 2805 2826 non
2833 2766 3067 2846 obligat
3110 2787 3219 2847 pro

1655 2873 1922 2935 semper,
1954 2860 2023 2915 ut
2048 2856 2282 2916 dictum
2316 2864 2441 2929 θεῖς
2480 2876 2627 2936 ergo
2656 2877 2855 2937 neque
2894 2860 3219 2921 occultatio

1654 2948 1800 3009 fidei
1859 2954 1949 3008 est
1999 2967 2264 3028 semper,
2316 2955 2379 3009 et
2422 2967 2537 3029 pro
2588 2967 2831 3030 semper
2878 2953 3213 3030 prohibita.

1653 3042 1882 3117 Tertio,
1917 3048 2151 3101 certum
2200 3047 2293 3101 est
2317 3041 2649 3120 aliquando
2681 3061 2805 3103 non
2842 3045 3040 3104 solum
3093 3063 3222 3106 esse

1657 3131 1897 3207 melius,
1925 3135 2029 3194 sed
2062 3135 2249 3194 etiam
2278 3153 2406 3194 esse
2434 3151 2611 3212 posse
2646 3140 3085 3212 necessarium,
3111 3157 3220 3199 seu

1653 3226 2118 3304 obligatorium,
2142 3227 2450 3288 occultare
2469 3227 2655 3288 fidem
2678 3246 2879 3296 suam,
2904 3230 3217 3306 videlicet,

1653 3321 1902 3398 quando
1935 3319 1999 3379 id
2044 3318 2181 3380 fieri
2220 3325 2417 3398 potest
2464 3319 2597 3380 sine
2628 3321 2938 3397 scandam,
2984 3326 3045 3383 et
3087 3324 3219 3384 sine

1658 3412 1887 3491 injuria
1917 3413 2021 3474 Dei
2051 3417 2159 3472 aut
2200 3409 2369 3487 fidei,
2402 3419 2465 3474 et
2490 3411 2768 3490 aliunde,
2812 3433 2891 3476 ex
2925 3417 3217 3478 manifes-

1655 3505 1890 3565 tatione
1952 3505 2219 3584 proprisc
2274 3505 2443 3581 fidei,
2497 3507 2732 3568 utilitas
2781 3507 3211 3587 proximorum

1653 3616 1780 3658 non
1845 3605 2157 3677 speratum
2217 3605 2367 3658 tunc
2433 3599 2599 3660 enim
2622 3645 2639 3674 ,
2697 3601 3071 3677 regulariter
3126 3601 3216 3662 lo·

1653 3693 1922 3770 quando,
1956 3691 2285 3752 consilium
2318 3691 2438 3754 erit
2462 3709 2587 3754 non
2634 3711 2697 3754 se
2724 3695 3019 3773 prodere3
3050 3697 3217 3775 quod

1652 3783 1704 3843 si
1728 3785 1857 3844 vita
1883 3783 2285 3862 periclitetur,
2318 3787 2380 3844 et
2424 3801 2687 3863 persona
2727 3785 2807 3846 sit
2833 3786 2911 3846 ad
2952 3787 3217 3848 aliorum

1649 3877 2045 3936 commodum
2068 3877 2435 3950 necessaria,
2456 3877 2611 3938 illud
2632 3878 2751 3938 erit
2774 3881 3210 3942 necessarium.

1651 3970 1738 4030 lta
1766 3971 2033 4030 sumitur
2057 3989 2133 4031 ex
2161 3971 2314 4031 Divo
2340 3969 2600 4045 Tlioma,
2628 3971 2775 4032 dict.
2808 3982 2928 4034 art.
2962 3977 3021 4048 2,
3051 3975 3125 4033 aa
3149 3975 3222 4046 33.

1647 4062 1959 4140 Sylvestro
1996 4070 2057 4122 et
2098 4062 2355 4139 Angelo,
2402 4062 2591 4122 verbo
2617 4062 2823 4139 Fides,
2852 4065 2963 4144 qui
3003 4067 3221 4127 dicunt

1648 4156 1960 4216 interdum
1998 4173 2129 4216 esse
2157 4154 2637 4236 reprehensibile
2672 4175 2739 4217 sc
2776 4158 3052 4238 prodere.
3098 4161 3215 4218 To*

1649 4247 1807 4309 letus
1846 4253 2083 4316 autem,
2132 4246 2240 4308 lib.
2288 4250 2351 4322 4,
2390 4265 2525 4325 cap.
2574 4249 2631 4318 2,
2667 4248 2817 4308 dicit
2857 4267 2987 4310 esse
3028 4257 3221 4311 teme·

1652 4343 1908 4402 rarium.
1933 4342 2012 4400 Et
2042 4341 2199 4401 ratio
2220 4346 2335 4414 est,
2358 4341 2508 4419 quia
2530 4355 2655 4400 non
2680 4341 2860 4401 debet
2878 4343 3015 4419 quis
3032 4361 3219 4421 expo-

1651 4452 1800 4496 nere
1835 4435 2029 4494 vitam
2068 4451 2243 4494 suam
2276 4433 2549 4512 periculo
2598 4434 2729 4494 sine
2776 4451 3005 4512 magna
3034 4453 3221 4496 causa

1651 4529 1934 4590 utilitatis
1981 4528 2340 4606 spiritualis,
2384 4526 2485 4588 vel
2524 4527 2818 4606 propriae,
2868 4528 2968 4589 vel
3017 4531 3221 4607 proxi-

1653 4639 1921 4697 morum,
1974 4621 2071 4681 vel
2120 4621 2317 4680 divini
2366 4618 2639 4680 honoris.
2679 4621 2833 4680 Item
2866 4637 3025 4700 saepe
3055 4623 3218 4682 aeci-

1653 4715 1800 4774 dere
1821 4719 2047 4794 potest,
2078 4717 2149 4772 ut
2179 4712 2404 4790 aliquis
2436 4729 2501 4771 se
2522 4718 2791 4790 exponat
2816 4713 3091 4790 periculo
3112 4731 3222 4774 ne-

1655 4808 1844 4886 gandi
1869 4807 2080 4881 fidem,
2098 4812 2163 4865 et
2182 4805 2325 4866 ideo
2351 4820 2475 4863 non
2508 4803 2683 4864 facile
2710 4821 2775 4864 se
2794 4803 2977 4865 debet
2996 4806 3221 4867 oflerre

1651 4899 1728 4961 ad
1759 4899 2171 4960 confitendam
2201 4897 2413 4972 fidem,
2456 4897 2705 4975 quando
2731 4897 3073 4975 periculum
3104 4901 3223 4958 im-

1652 4994 1872 5068 minet,
1918 4993 2040 5051 nisi
2086 4990 2414 5050 necessitas
2459 4995 2697 5066 cogat;''
2718 4994 2781 5050 et
2826 4990 2914 5050 ita
2956 4991 3225 5052 consulit

1653 5087 2019 5166 Cyprianus,
2050 5082 2309 5162 epistola
2338 5083 2447 5157 38;
2498 5087 2562 5142 et
2588 5081 2874 5144 Nicolaus
2917 5083 3100 5162 Papa,
3152 5083 3221 5144 in

1654 5179 1852 5258 capite
1883 5174 2271 5247 Sciscitari&
2307 5175 2593 5252 septima,
2624 5177 2963 5252 quaestione
2990 5177 3220 5254 prima,
3248 5181 3289 5222 ὓ

1658 5278 1720 5333 et
1770 5271 1938 5332 favet
1994 5268 2337 5330 Concilium
2378 5266 2853 5338 Eliberitanum‚
2890 5284 3129 5328 canone
3156 5270 3221 5345 6,

1655 5364 1790 5440 ubi,
1819 5363 1931 5442 qui
1960 5362 2125 5422 ultro
2140 5360 2342 5420 irritat
2360 5356 2647 5419 infideles
2665 5357 3011 5435 frangendo
3032 5359 3224 5436 idola,

1659 5457 1758 5518 vel
1797 5455 2039 5534 aliquid
2077 5453 2281 5515 simile
2322 5450 2629 5524 faciendo,
2681 5450 2909 5509 dicitur
2936 5467 3063 5510 non
3094 5469 3227 5513 esse

1657 5548 2059 5611 ascribendus
2081 5547 2149 5606 in
2192 5561 2455 5604 numero
2493 5547 2869 5622 martyrum,
2911 5542 2963 5604 si
2988 5544 3230 5608 occida-
