3900 6217
887 411 1057 466 SECT.
1091 409 1171 466 w.
1208 411 1293 468 AN
1326 414 1634 470 ASSENSUS
1666 410 1829 468 mom
1862 411 1960 467 sn·
1992 409 2408 474 mscuustvu&

188 515 427 591 materiale,
444 511 784 576 assumendo
808 511 1111 572 rationem
1135 510 1459 574 formalem
1484 531 1612 575 cre·

186 617 320 690 dandi,
339 627 425 692 pro
448 606 629 669 medio
654 605 1021 684 syllogismi,
1048 610 1113 666 et
1148 605 1471 668 inferendo
1500 625 1611 668 ve-

184 717 345 776 ritatem
372 699 759 785 propositionis
786 701 876 760 rei
915 698 1201 761 revelatae
1238 700 1353 761 hoc
1384 700 1601 762 modo:

184 803 293 879 Quoi
312 796 565 859 revelatur
586 811 624 852 a
654 793 777 854 Deo
805 796 898 854 est
922 809 1141 853 verum
1176 814 1193 867 3
1227 793 1331 854 sed
1364 792 1483 854 hoe
1515 811 1611 855 re·

182 897 339 958 relatur
358 910 388 951 a
410 889 517 950 Deo
530 903 548 964 ;
576 903 721 964 ergo
747 890 837 946 aet
854 901 1095 946 verum.
1125 885 1263 946 Alio
1292 887 1477 947 modo
1501 905 1607 966 po-

180 995 253 1051 test
272 987 509 1046 dismrsus
534 977 663 1039 fleri
696 979 861 1038 inter
886 978 1018 1058 ipsa
1050 978 1289 1058 objecta
1319 979 1609 1040 materia-

176 1085 317 1156 lia,e1
336 1074 537 1136 dnobus
560 1071 807 1132 creditis
830 1071 1150 1132 inferendo
1178 1072 1431 1134 tertium
1450 1094 1468 1148 3
1512 1073 1611 1134 iu-

177 1183 237 1236 ter
253 1189 361 1252 quos
378 1165 565 1227 modos
588 1169 681 1224 oet
708 1163 1058 1225 differentia
1090 1185 1105 1224 ε
1144 1183 1295 1226 nam
1318 1165 1490 1246 prior
1514 1171 1610 1226 est

170 1287 243 1348 per
260 1262 474 1325 medium
506 1257 936 1332 extrinsecum,
968 1257 1030 1318 id
1045 1263 1160 1333 est,
1190 1275 1304 1338 per
1332 1259 1610 1320 testimo-

168 1364 283 1421 nium
296 1350 543 1432 Dei,qnod
560 1350 971 1412 extrinsecum
992 1356 1084 1412 est
1097 1350 1282 1412 rebus
1296 1352 1607 1427 revelatis,

167 1461 205 1517 et
224 1469 303 1533 pm
318 1447 491 1534 nediu
512 1445 851 1526 syllogismi
894 1445 1253 1506 assumitur.
1299 1446 1609 1508 Posterior

166 1565 259 1606 vero
274 1549 345 1604 est
365 1559 457 1620 per
478 1537 747 1600 medium
770 1537 1173 1603 intrinsecum
1206 1557 1283 1601 ex
1310 1557 1437 1600 una
1466 1556 1609 1618 pro·

164 1637 337 1720 pietate
372 1633 448 1694 rei
488 1631 731 1693 creditae
776 1631 1101 1693 inferendo
1141 1631 1354 1706 aliam,
1400 1632 1611 1694 velex

164 1727 397 1791 universali
413 1723 855 1807 particularem,
887 1731 957 1784 ut
982 1740 999 1784 z
1024 1723 1239 1785 Omnis
1257 1727 1469 1786 anima
1492 1727 1609 1787 hu·-

163 1839 281 1884 msna
298 1827 371 1882 est
392 1817 774 1900 immortalis;
805 1816 1080 1878 christus
1110 1817 1296 1880 habet
1330 1817 1607 1880 animam

162 1917 439 1988 humanam3
470 1929 609 1991 ergo
636 1907 830 1973 habet
854 1911 1135 1974 animam
1162 1911 1608 1988 immortalem,

167 2018 201 2070 ei
218 2009 275 2070 sie
291 2007 351 2068 de
368 2005 509 2067 aliis.

210 2103 249 2160 Ξ.
280 2101 457 2161 Prima
490 2099 785 2160 sententia
816 2097 1139 2160 admittens
1178 2097 1373 2160 solum
1404 2099 1609 2178 pm'ori

164 2195 267 2254 sodo
284 2194 567 2254 discursum
596 2193 686 2252 ad
702 2191 901 2268 fidem.
925 2221 1010 2237 —
1032 2191 1199 2272 Esus
1225 2193 1605 2268 fundament.

161 2287 552 2363 -Gosfimatur
572 2283 841 2362 πονηρὼ
868 2285 1014 2362 filei
1042 2285 1322 2346 tamam
1347 2290 1403 2346 et
1424 2286 1611 2348 scien-

164 2381 239 2442 tir.
254 2409 313 2424 -
330 2379 417 2439 Est
438 2395 575 2456 ergo
601 2377 815 2457 prima
839 2378 1147 2438 sententia
1170 2376 1485 2438 affirmans
1508 2396 1609 2439 ac-

162 2484 244 2533 tum
262 2473 369 2534 fidei
401 2472 519 2533 fieri
553 2489 665 2551 per
696 2471 1041 2532 discursum
1076 2471 1267 2551 priori
1296 2471 1512 2548 modo,
1545 2471 1610 2533 id

166 2573 237 2640 est,
272 2585 353 2646 per
398 2564 663 2626 medium
726 2565 1169 2640 extrinsecum,
1222 2583 1350 2626 non
1398 2571 1609 2626 tamen

164 2660 380 2740 posteriori
424 2661 619 2722 modo.
686 2659 860 2722 Hanc
912 2661 1315 2742 posteriorem
1368 2666 1609 2741 partem

164 2773 271 2814 nune
293 2756 484 2826 omitto,
522 2755 676 2833 quia
714 2760 879 2816 recte
920 2754 1267 2830 intellecta,
1311 2771 1457 2815 vera
1490 2759 1605 2828 est,

164 2855 210 2905 ut
226 2856 365 2926 postea
390 2847 701 2929 explicabo
716 2863 739 2925 ;
770 2848 973 2928 quoad
1003 2849 1269 2928 primam
1301 2863 1446 2908 vero
1468 2864 1609 2926 par·

172 2947 253 2999 ten
272 2949 419 3002 tenent
442 2939 600 3002 hane
630 2941 1012 3002 sententiam
1042 2940 1287 3000 Durand
1298 2957 1402 3015 us,
1439 2940 1506 3000 in
1544 2941 1607 3015 3,

178 3033 343 3093 distinet.
362 3035 446 3110 24,
474 3041 703 3115 quaest.
750 3037 813 3110 ¹,
844 3051 1023 3096 num.
1050 3037 1125 3112 8;
1156 3033 1440 3109 Gabriel,
1488 3035 1611 3094 dis·-

176 3127 283 3184 tinet.
300 3127 369 3202 23,
404 3135 611 3208 quaest.
642 3129 715 3203 2,
754 3133 874 3189 art.
902 3129 967 3204 2,
1006 3127 1277 3192 conclus.
1310 3131 1337 3188 l
1367 3143 1387 3205 3
1430 3133 1497 3190 et
1520 3127 1607 3189 ibi

167 3217 413 3297 Almynus,
432 3229 641 3300 quaest.
668 3223 733 3297 3,
759 3226 823 3282 et
841 3227 1106 3283 tractatu
1131 3223 1171 3283 2
1193 3219 1439 3296 Moral„
1462 3239 1517 3283 c.
1546 3222 1607 3298 33

164 3311 383 3388 Hal-alius,
400 3315 460 3374 in
478 3318 537 3388 3,
558 3320 789 3395 quaest.
815 3317 841 3375 l
854 3359 875 3390 ‚
898 3316 961 3392 4,
994 3317 1170 3378 artie.
1190 3319 1219 3376 l
1230 3360 1251 3391 ,
1273 3315 1339 3376 in
1364 3317 1403 3376 3
1420 3319 1579 3395 part.
1586 3359 1609 3390 ,

163 3403 335 3467 munius.
364 3410 387 3468 1
414 3429 429 3481 ;
470 3408 777 3488 vasquez,
808 3413 837 3470 l
867 3415 1027 3490 part.
1036 3454 1057 3486 ,
1090 3408 1321 3489 disput.
1354 3412 1415 3472 5.
1462 3411 1609 3472 Pro·

161 3495 241 3556 bari
264 3505 414 3576 potest
436 3502 633 3580 primo
646 3546 673 3578 ‚
712 3502 861 3581 quia
886 3502 1076 3563 homo
1116 3520 1228 3582 per
1264 3502 1453 3565 fidem
1482 3521 1610 3564 ere·

158 3589 211 3650 dit
232 3600 425 3672 propter
452 3595 901 3660 revelationem
928 3596 1239 3674 divinam3
1275 3615 1423 3677 ergo
1453 3615 1611 3678 prse-

158 3681 217 3742 bet
235 3703 484 3748 assensum
504 3689 596 3749 rei
618 3689 939 3764 revelatae,
966 3691 1117 3769 quia
1137 3691 1310 3770 prius
1332 3697 1609 3770 tempore

156 3777 213 3838 rel
230 3785 399 3842 ustura
422 3781 649 3862 praebet
670 3801 991 3844 assensum
1019 3784 1385 3846 revelationi
1414 3806 1431 3859 3
1460 3803 1610 3864 ergo

156 3870 379 3934 intercedit
408 3875 491 3936 ibi
529 3895 719 3938 verus
756 3876 1083 3938 discursus.
1128 3877 1515 3939 Antecedens
1552 3883 1615 3939 et

156 3965 259 4040 prior
272 3973 669 4049 consequentia
696 3977 982 4032 coustant
1008 3989 1087 4032 ex
1109 3972 1386 4050 superius
1408 3971 1610 4033 dictis.

158 4056 340 4121 Diximus
370 4063 549 4138 enim,
594 4062 831 4143 disput.
862 4066 929 4140 2,
966 4069 1115 4126 sect.
1146 4067 1209 4140 4,
1250 4066 1413 4124 inter
1450 4064 1611 4126 veri-

154 4157 249 4212 tates
256 4154 543 4217 eiciendas
555 4175 671 4236 per
690 4157 881 4220 fidem
896 4175 1027 4219 esse
1040 4157 1313 4237 aliquem
1326 4157 1613 4220 ordinem

154 4248 497 4324 massarium,
528 4249 753 4312 saltem
786 4252 953 4312 inter
976 4267 1081 4312 eas
1107 4267 1249 4330 quae
1286 4252 1613 4314 continent

154 4335 515 4415 dependentium
540 4343 777 4423 objecti
803 4343 1143 4406 materialis
1174 4363 1211 4405 a
1237 4344 1507 4420 formali,
1544 4347 1612 4408 in

156 4429 309 4492 ratione
339 4433 541 4512 objecti
588 4436 928 4498 credibilis.
988 4437 1065 4498 Et
1108 4446 1409 4517 proeterea
1454 4439 1615 4501 dixi·

154 4535 261 4598 mus,
291 4525 679 4606 disputatione
727 4531 913 4590 tertia
936 4574 957 4604 ,
1014 4533 1431 4593 necessarium
1482 4549 1613 4594 esse

152 4629 435 4695 cognoscere,
457 4629 519 4682 et
542 4622 823 4701 judicare
850 4623 929 4685 de
952 4624 1214 4685 veritate
1239 4624 1465 4703 objecti
1488 4624 1613 4688 for·

153 4707 285 4784 malis,
304 4712 355 4772 id
372 4721 474 4790 aet,
496 4715 575 4776 de
594 4715 976 4779 revelatione
996 4717 1233 4793 divina,
1256 4719 1419 4798 quod
1449 4719 1612 4781 faeta

153 4799 215 4870 sit,
236 4811 287 4861 ut
306 4808 471 4883 possit
490 4808 843 4872 intellectus
866 4829 977 4890 per
992 4829 1133 4872 eam
1152 4811 1387 4873 moveri
1416 4811 1495 4873 ad
1514 4831 1613 4874 as·

152 4895 443 4960 &utiendum
468 4903 773 4963 mata-iuli
806 4903 1069 4982 objecto.
1114 4903 1271 4966 Hinc
1302 4923 1451 4984 ergo
1474 4923 1611 4986 pro—

154 4981 715 5073 banueonsequentia,
744 4997 895 5076 quia
915 4996 1007 5058 illi
1030 5003 1205 5058 actus
1229 4998 1391 5058 eima
1410 4998 1615 5078 objec-

156 5081 243 5136 mm
262 5086 527 5148 maisi-iaie
547 5094 613 5148 et
638 5088 901 5150 formale
924 5095 1071 5152 sunt
1090 5089 1363 5151 distincti
1370 5135 1389 5166 ,
1416 5097 1489 5152 ut
1512 5109 1614 5152 su-

156 5172 365 5238 miturex
386 5179 657 5243 doctrina
694 5183 821 5245 divi
855 5184 1141 5260 Thomas,
1178 5186 1383 5265 prima
1408 5191 1609 5264 parte,

158 5271 401 5338 quastione
436 5273 675 5336 decima
716 5281 958 5356 quarta,
1009 5277 1269 5340 articulo
1315 5278 1605 5358 septimo,

158 5354 230 5414 ubi
250 5361 383 5439 dicit,
418 5369 653 5445 quoties
681 5385 877 5433 unum
914 5370 1331 5450 cognoecitur‚
1378 5387 1487 5431 seu
1510 5371 1614 5451 ju·

160 5445 327 5512 ‹liutur
344 5475 439 5536 per
462 5459 625 5520 aliud
632 5505 654 5537 ,
685 5479 791 5522 seu
822 5471 1075 5544 propter
1097 5462 1293 5540 aliud,
1336 5461 1472 5525 fieri
1500 5483 1613 5545 per

158 5551 273 5604 &tus
290 5549 561 5615 distinctos
590 5577 611 5631 ς
652 5560 719 5617 et
740 5555 1048 5633 similiter,
1077 5561 1417 5638 quaestione
1446 5557 1611 5620 deci·

3133 407 3252 470 4⁷5

1690 529 1797 572 ma
1823 528 1990 571 nona
2002 554 2024 586 ,
2069 510 2330 572 articulo
2353 510 2606 592 quinto,
2647 507 2836 586 dicit,
2867 511 3114 592 quando
3143 527 3252 572 vo-

1688 605 1895 667 luntas
1938 605 2074 665 vult
2113 621 2312 666 unum
2357 610 2609 686 propter
2657 603 2828 665 aliud
2845 649 2866 680 ‚
2909 613 3080 666 actus
3120 622 3252 666 esse

1688 699 2044 775 distinctos3
2092 716 2240 778 ergo
2294 697 2578 759 similiter
2623 697 2688 758 in
2733 697 3026 776 praesenti
3041 742 3062 773 ,
3109 715 3252 760 cum

1688 792 1996 854 eredimus
2029 791 2348 853 materiale
2382 789 2687 871 objectum
2717 798 2967 871 propter
2993 791 3252 854 formale

1690 885 1876 946 etiam
1903 885 2228 961 creditum,
2250 885 2579 948 necessarii
2597 890 2744 946 sunt
2759 890 2930 946 actus
2953 885 3247 947 distincti.

1694 979 1845 1039 ltem
1876 979 2115 1040 ostendi
2145 978 2310 1040 idem
2339 984 2559 1057 potest,
2591 978 2738 1058 quia
2763 978 3004 1057 objecta
3028 979 3253 1040 talium

1692 1077 1943 1132 actuum
1971 1071 2256 1133 distincta
2277 1077 2443 1149 sunt,
2470 1079 2532 1133 et
2554 1072 2910 1133 distinctam
2932 1072 3252 1134 veritatem

1688 1165 2028 1239 continent,
2075 1163 2430 1244 habentque
2460 1165 2624 1227 inter
2651 1183 2714 1225 se
2742 1165 3023 1226 ordinem
3059 1171 3121 1227 et
3147 1165 3253 1226 de-

1688 1257 2088 1338 pendentiam
2115 1259 2180 1318 in
2209 1258 2428 1320 ordine
2451 1258 2526 1318 ad
2553 1258 2778 1336 fidem;
2809 1277 2958 1337 ergo
2985 1259 3102 1320 hoe
3127 1257 3252 1320 suf·

1689 1349 1818 1414 ficit
1844 1358 1915 1412 ut
1948 1358 2120 1414 aetus
2155 1351 2430 1414 distincti
2457 1353 2602 1414 siut.
2649 1353 2812 1430 Ergo
2841 1360 2931 1413 est
2957 1353 3122 1414 inter
3149 1371 3254 1414 eos

1693 1446 1980 1524 proprius
2027 1446 2360 1508 discursus.
2421 1445 2726 1508 Probatur
2767 1447 3205 1526 consequentia
3230 1492 3249 1522 ,

1694 1537 1838 1616 quia
1864 1555 2030 1598 unus
2055 1537 2282 1616 pendet
2301 1537 2382 1599 ab
2408 1537 2533 1599 alio
2555 1555 2666 1618 per
2691 1557 2780 1614 se,
2811 1545 2875 1600 et
2894 1539 3249 1616 intrinsece,

1689 1648 1761 1692 ac
1787 1631 2070 1712 proxime
2091 1675 2112 1706 ,
2157 1630 2326 1692 unde
2352 1630 2432 1692 ab
2459 1630 2569 1693 illo
2595 1639 2846 1708 manat,
2895 1638 3194 1713 tanquam
3215 1652 3254 1695 a

1689 1723 1939 1805 propria
1977 1741 2162 1786 causa
2199 1747 2214 1784 z
2261 1725 2446 1786 credo
2479 1725 2648 1786 enim
2692 1724 2812 1786 hoc
2841 1743 2972 1788 esse
3005 1743 3249 1802 verum,

1688 1818 1838 1896 quia
1864 1817 2048 1878 eredo
2079 1817 2272 1879 Deum
2304 1817 2460 1878 illud
2493 1818 2757 1896 dixisse;
2801 1818 2878 1881 ad
2907 1819 3254 1882 discursum

1688 1915 1896 1971 autem
1921 1909 2150 1972 sufficit
2173 1912 2340 1990 quod
2363 1928 2528 1972 unus
2549 1917 2722 1973 actus
2749 1912 2832 1972 sit
2855 1911 2934 1973 ab
2962 1912 3084 1974 alio
3111 1931 3252 1993 pro·

1688 2008 1827 2082 pter
1870 2005 2345 2081 connexionem,
2387 2006 2515 2066 sive
2560 2011 2841 2084 tempore
2883 2005 3001 2066 sibi
3037 2023 3252 2066 sucee-

1688 2097 1840 2156 dant
1856 2142 1875 2173 ,
1922 2097 2054 2158 sive
2092 2105 2352 2173 natura,
2392 2104 2464 2159 ut
2503 2098 2678 2158 docet
2725 2098 2902 2158 divus
2936 2099 3207 2160 Thomas
3227 2145 3248 2174 ,

1688 2189 1891 2268 prima
1910 2198 2102 2270 parte,
2133 2191 2472 2272 quaestione
2491 2191 2733 2252 decima
2749 2191 3254 2270 quarta‚arti‹·.ulo

1688 2284 1933 2362 quinto.
1968 2285 2044 2345 Et
2081 2284 2438 2346 confirmari
2478 2283 2594 2344 hoc
2627 2290 2850 2364 potest,
2889 2291 3024 2346 tum
3045 2303 3254 2346 exem·

1688 2378 1793 2458 plo
1818 2376 1964 2438 fidei
1993 2378 2315 2453 humanae,
2354 2378 2421 2437 in
2449 2395 2576 2458 qua
2599 2379 2732 2438 sine
2759 2375 2949 2440 dubio
2973 2397 3254 2442 assensus

1689 2471 1872 2533 datur
1897 2489 2010 2552 per
2035 2472 2408 2547 discursum,
2439 2477 2502 2532 et
2523 2489 2646 2533 uon
2674 2477 2924 2553 propter
2943 2471 3132 2534 aliam
3155 2491 3254 2534 ra·

1692 2566 1925 2628 tionem
1944 2609 1964 2640 ,
2003 2565 2124 2626 nisi
2152 2571 2404 2645 propter
2433 2564 2910 2645 dependentiam
2939 2567 3128 2627 unius
3147 2569 3256 2646 ju·-

1690 2659 1833 2721 dicii
1864 2658 2028 2720 eirea
2068 2675 2202 2719 rem
2229 2657 2553 2732 creditam,
2593 2657 2676 2720 ab
2701 2658 2828 2720 alio
2852 2659 3111 2738 judicio,
3154 2659 3254 2722 vel

1684 2750 1933 2831 judiciis
1971 2753 2138 2812 circa
2186 2751 2622 2812 testificantem
2646 2795 2667 2827 ,
2717 2759 2780 2814 et
2818 2753 3253 2814 auctoritatem

1688 2846 1843 2924 ejus.
1890 2845 2054 2906 Tum
2099 2846 2288 2906 etiam
2339 2843 2626 2924 exemplo
2669 2845 2999 2923 discursus,
3041 2847 3150 2926 qui
3184 2846 3255 2908 fit

1690 2938 1756 2998 in
1791 2955 2044 3000 assensu
2079 2937 2420 3000 scientifico
2445 2983 2466 3014 ,
2518 2956 2668 3001 nam
2694 2939 2898 3000 solum
2928 2939 3256 3002 intercedit

1690 3037 1942 3114 propter
1961 3031 2383 3094 diversitatem
2403 3039 2676 3106 actuum,
2707 3049 2974 3112 quorum
2995 3050 3154 3094 unus
3173 3033 3266 3094 ah

1691 3124 1815 3186 alio
1844 3143 1956 3206 per
1973 3143 2040 3187 se
2068 3124 2338 3206 pendet3
2382 3143 2532 3202 ergo
2562 3125 2868 3199 similiter,
2899 3132 3017 3187 etc.

1770 3220 1831 3280 3.
1880 3220 2162 3284 Secunda
2206 3223 2499 3282 sententia
2552 3220 2874 3282 admittens
2915 3221 3252 3283 discursum

1688 3319 1939 3394 utroque
1965 3314 2155 3376 modo.
2201 3345 2284 3360 ·-
2327 3311 2746 3391 confirmatur
2767 3314 2990 3394 mmo.
3022 3343 3106 3360 -·
3142 3313 3257 3376 Se-

1692 3409 1901 3470 cundo.
1944 3439 2028 3453 —
2077 3405 2364 3468 Secunda
2419 3407 2728 3468 sententia
2771 3414 2890 3480 est,
2935 3423 3254 3468 assensum

1690 3499 1838 3562 fidei
1878 3519 2054 3580 posse
2089 3501 2226 3562 fieri
2263 3518 2340 3562 ex
2383 3499 2686 3577 discursu,
2731 3518 2864 3563 non
2902 3500 3104 3562 solum
3147 3517 3258 3579 per

1694 3594 1972 3654 medium
1993 3595 2438 3670 extrinsecum,
2463 3594 2524 3654 id
2545 3601 2660 3668 est,
2682 3611 2794 3674 per
2814 3593 3257 3656 revelationem

1692 3687 1914 3766 ipsam,
1942 3705 2082 3766 quae
2112 3689 2194 3749 sit
2223 3688 2500 3748 medium
2527 3686 2895 3767 syllogismi,
2933 3686 3039 3749 sed
3065 3689 3256 3750 etiam

1693 3797 1803 3859 per
1830 3779 2108 3842 medinm
2135 3781 2567 3855 intrinsecum,
2596 3798 2674 3843 ex
2699 3799 2824 3842 una
2852 3779 2954 3842 vel
2980 3779 3256 3860 pluribus

1689 3873 2060 3936 veritatibus
2119 3872 2406 3936 revelatis
2481 3873 2670 3936 aliam
2737 3873 3084 3935 inferendo.
3167 3873 3258 3936 lta

1692 3967 1881 4028 sentit
1908 3966 2097 4042 Cano,
2139 3967 2300 4028 libro
2335 3972 2510 4027 sexto
2547 3966 2624 4028 de
2651 3967 2848 4042 Locis,
2883 3966 3085 4045 capite
3110 3966 3258 4027 ulti-

1692 4077 1836 4138 mo;
1876 4065 1939 4122 et
1968 4062 2163 4139 Vega‘,
2194 4059 2352 4121 libro
2375 4073 2544 4120 nono
2569 4059 2636 4120 in
2663 4059 3126 4134 Tridentinum,
3156 4079 3257 4120 ea-

1694 4155 1821 4234 pite
1850 4154 2156 4232 vigesimo
2189 4171 2388 4230 nono,
2429 4160 2492 4215 et
2519 4152 2682 4214 idem
2719 4155 2998 4216 sentiunt
3027 4156 3258 4216 Aureo·

1694 4247 1810 4322 lus,
1830 4253 1891 4308 et
1916 4246 2110 4326 aliqui
2133 4247 2442 4322 Doctores,
2464 4247 2532 4310 iu
2553 4247 2840 4327 Prologo,
2865 4249 3120 4329 quinon
3137 4250 3258 4311 dis-

1690 4337 1992 4418 tinguunt
2017 4342 2182 4402 inter
2203 4340 2488 4402 habitum
2525 4341 2902 4421 Theologiae,
2949 4349 3258 4423 quatenus

1694 4433 1929 4513 praebet
1987 4450 2306 4496 assensum
2361 4432 2884 4510 conclusionibus,
2929 4435 3009 4496 ab
3035 4434 3260 4496 habitu

1694 4526 1839 4588 fidei
1867 4547 1883 4587 ε
1928 4543 2079 4588 nam
2122 4543 2342 4588 eorum
2391 4527 2868 4590 fundamentum
2911 4530 3258 4590 necessario

1692 4638 1823 4682 esse
1864 4619 2072 4696 dehet,
2117 4621 2285 4700 quod
2323 4637 2608 4682 assensus
2651 4620 2872 4682 talium
2919 4621 3257 4684 conclusio-

1693 4732 1845 4776 num
1892 4719 2040 4774 sunt
2079 4720 2252 4775 actus
2291 4713 2460 4774 fidei.
2510 4713 2766 4774 Probari
2809 4725 3020 4775 autem
3057 4720 3258 4794 potest

1688 4807 1825 4868 haec
1852 4808 2186 4882 sententia,
2215 4807 2362 4886 quia
2390 4807 2534 4868 talis
2555 4824 2840 4868 assensus
2869 4809 3166 4870 fundatur
3187 4811 3256 4869 in

1690 4902 2058 4962 auctoritate
2107 4899 2322 4961 divina
2381 4900 2641 4962 obscure
2691 4901 3006 4965 revelante
3034 4918 3058 4982 3
3105 4919 3256 4983 ergo

1690 4995 1877 5058 habet
1898 4994 2210 5073 obiectum
2245 4993 2508 5057 formale
2539 4992 2688 5057 fidei
2708 5011 2729 5072 3
2764 5011 2914 5076 ergo
2935 5003 3028 5060 est
3049 5015 3259 5060 assen-

1687 5105 1790 5149 sus
1816 5087 1986 5150 fidei.
2032 5088 2416 5150 Anteoedens
2441 5095 2634 5168 patet,
2662 5090 2810 5171 quia
2829 5089 2934 5152 ille
2967 5097 3139 5152 actus
3165 5099 3260 5154 est

1689 5187 1891 5245 certus
1913 5189 1976 5244 et
1997 5181 2296 5244 obscurus
2321 5226 2342 5259 ,
2381 5201 2536 5263 quas
2561 5184 2718 5245 ‹iuas
2743 5189 3148 5264 proprietates
3179 5189 3260 5248 si·

1690 5276 1821 5336 mul
1850 5275 2078 5337 habere
2112 5293 2240 5338 uon
2273 5281 2495 5356 potest,
2529 5277 2650 5337 nisi
2681 5294 2760 5338 ex
2791 5277 3054 5338 obscura
3083 5297 3260 5342 revo-

1688 5370 1919 5432 latione
1942 5370 2176 5432 divina.
2207 5371 2624 5432 Confirmatur
2644 5389 2682 5432 a
2709 5371 3078 5450 posteriori,
3121 5379 3259 5437 tum

1689 5465 1837 5544 quia
1881 5481 2044 5544 saepe
2089 5462 2476 5528 definiuntur
2519 5463 2600 5524 ab
2647 5464 2916 5528 Ecclesia
2962 5468 3260 5532 veritates

1690 5575 1829 5638 quae
1853 5560 1921 5620 in
1944 5559 2134 5620 simili
2153 5559 2431 5620 discursu
2453 5564 2696 5620 tantum
2718 5557 3064 5624 fundantur
3076 5578 3099 5641 3
3123 5569 3260 5650 tum
