3900 6217
622 424 791 476 SECT.
829 425 892 476 ΙΙ.
926 425 1008 476 ΑΝ
1042 425 1330 477 SUSPECT!
1365 427 1445 478 DE
1479 427 1717 479 HAE'RESI
1751 425 1978 478 POENAS
2011 426 2363 478 INCURRANT
2394 427 2867 480 HAERETICORUM.

182 525 365 604 aliqua
399 521 798 602 ambiguitate
825 525 924 586 vel
971 527 1458 606 aequivocatione
1501 526 1706 608 signo-

180 635 302 678 rum
333 617 424 678 vel
455 618 784 692 actionum,
821 618 898 678 de
930 618 1152 697 quibus
1173 619 1267 680 vel
1292 639 1431 678 reus
1454 619 1707 679 convin-

180 713 340 785 citur,
380 709 476 770 vel
502 709 628 788 ipse
671 729 744 771 ea
789 709 1138 786 confitetur,
1189 718 1377 790 negat
1405 720 1613 772 tamen
1641 729 1706 772 se

181 821 242 865 ea
267 804 482 864 dixisse
529 804 626 863 vel
677 802 888 864 fecisse
935 805 1147 864 animo
1193 805 1500 866 haeretico.
1534 806 1708 865 Tunc

180 898 348 971 enim,
383 895 520 956 licet
547 897 800 959 fortasse
840 916 964 957 non
1008 899 1336 958 damnetur
1363 906 1434 958 ut
1463 899 1708 958 convic-

179 997 284 1064 tus,
313 997 554 1069 propter
582 991 821 1070 aliquas
839 990 1219 1070 conjecturas
1239 992 1528 1053 facientes
1547 993 1706 1052 veri-

178 1085 414 1146 similem
457 1083 631 1146 illum
681 1087 961 1147 animum
1013 1087 1327 1147 internum
1359 1106 1484 1147 non
1513 1087 1708 1149 haere-

179 1180 378 1252 ticum,
411 1176 836 1252 nihilominUS‚
877 1181 927 1241 si
954 1197 1167 1240 revera
1199 1178 1303 1240 ille
1331 1179 1589 1260 deliquit
1630 1197 1704 1240 ex

177 1271 368 1330 haeresi
383 1271 445 1330 in
455 1278 647 1346 terna,
683 1290 804 1332 non
831 1273 1163 1352 effugietin
1186 1273 1560 1334 conscientia
1580 1291 1709 1352 poe-

177 1383 272 1424 nas
313 1363 765 1442 haereticorum,
816 1366 864 1425 si
915 1367 1190 1446 alioquin
1220 1367 1469 1445 signum
1511 1374 1707 1427 exter·

177 1459 308 1516 mim
348 1457 426 1516 sit
463 1457 776 1518 sufficiens
821 1459 898 1518 ad
945 1459 1462 1521 manifestandam
1513 1460 1708 1522 haere-

177 1552 296 1618 sim,
345 1555 406 1610 et
455 1549 652 1610 solum
703 1552 1011 1612 incertum
1064 1561 1314 1632 propter
1340 1553 1708 1632 ambiguita-

178 1651 284 1704 tem
325 1641 416 1704 vel
447 1643 853 1724 multiplicem
885 1645 1398 1724 significationem
1429 1647 1708 1725 ejusdem

177 1736 347 1810 verbi,
398 1755 504 1797 seu
562 1739 841 1812 actionis„
884 1745 952 1798 ut
986 1755 1173 1818 supra
1201 1739 1352 1815 dixi,
1385 1739 1707 1800 tractando

177 1829 240 1889 dc
264 1829 468 1890 haeresi
497 1837 779 1891 externa.

240 1924 295 1981 4.
353 1923 566 1985 Tertia
592 1923 844 1986 assertio
888 1923 1204 2004 bipartita,
1250 1925 1318 1988 de
1369 1925 1710 2006 suspicione

177 2021 286 2078 tum
341 2015 478 2088 levi,
534 2020 660 2078 tum
715 2017 1467 2081 vehementi.-Suadetur
1501 2019 1709 2102 prima

171 2125 300 2188 pars
337 2111 716 2185 assertionis,
763 2127 878 2189 pro
919 2109 1258 2190 suspicione
1291 2111 1431 2174 levi.
1457 2143 1538 2156 —
1562 2111 1707 2171 Dico

178 2203 366 2262 tertio:
397 2209 717 2280 suspectus
741 2203 817 2263 de
845 2202 1086 2274 haeresi,
1120 2211 1182 2264 et
1211 2221 1336 2264 non
1365 2205 1702 2292 convictuS,

174 2295 228 2354 in
269 2301 514 2356 externo
561 2295 695 2357 foro
735 2313 864 2356 non
894 2297 1150 2376 punitur
1177 2297 1490 2358 ordinaria
1520 2315 1706 2376 poena

175 2386 574 2448 haereticorum
597 2405 618 2465 3
666 2395 864 2468 potest
887 2403 1121 2465 tamen,
1156 2409 1269 2472 pro
1309 2391 1548 2450 ratione
1575 2409 1704 2451 sus-

175 2481 425 2558 picioniS,
451 2481 684 2561 ,aliqua
709 2485 1171 2564 proportionata
1199 2501 1380 2563 poeua
1404 2485 1568 2563 juste
1597 2501 1704 2560 pu-

175 2572 296 2631 niri.
327 2574 462 2633 Haec
489 2577 748 2636 assertio
797 2577 1072 2654 procedit
1117 2577 1182 2636 in
1212 2577 1555 2655 suspicione
1583 2575 1704 2636 levi

176 2673 225 2724 ct
261 2667 321 2726 in
359 2667 711 2730 vehementi
730 2685 750 2746 3
785 2689 930 2730 nam
967 2670 1044 2731 de
1079 2671 1346 2730 violenta
1391 2671 1514 2748 jam
1544 2671 1706 2730 dixi-

177 2778 294 2819 mus
319 2761 608 2823 inducere
649 2763 1054 2826 sufficientem
1103 2760 1550 2844 probationem,
1586 2765 1702 2823 nisi

177 2863 464 2932 purgetur,
501 2854 602 2917 vel
631 2875 707 2917 ex
735 2857 1214 2920 circumstantiis
1243 2858 1330 2918 ita
1359 2857 1700 2930 minuatur,

179 2951 236 3004 ut
251 2947 366 3025 jam
395 2966 522 3009 nou
547 2950 820 3010 violenta
842 2951 948 3012 sed
977 2952 1308 3011 vehemens
1323 2949 1584 3011 dicenda
1600 2952 1697 3010 sit.

183 3037 242 3098 Et
266 3041 341 3101 ita
368 3042 432 3101 in
462 3059 582 3102 usu
635 3049 878 3103 tantum
917 3041 1052 3104 fieri
1091 3043 1243 3104 solet
1272 3043 1499 3124 duplex
1527 3043 1704 3122 abju-

177 3134 331 3209 ratio,
381 3135 620 3198 seilicet
664 3137 741 3198 de
783 3137 906 3198 levi
953 3144 1016 3198 et
1069 3137 1144 3198 de
1189 3137 1578 3198 vehementi?
1637 3139 1704 3198 in

179 3228 494 3306 suspicione
523 3229 720 3308 igitur
745 3230 868 3291 levi
888 3228 1215 3292 manifesta
1234 3235 1324 3290 est
1343 3233 1545 3312 prima
1565 3247 1706 3310 pars

179 3322 534 3383 assertionis:
583 3325 712 3384 imo
757 3325 943 3384 etiam
991 3323 1066 3386 de
1113 3324 1463 3384 vehementi
1495 3323 1706 3384 dic-unt

177 3411 361 3491 aliqui,
397 3433 520 3475 non
567 3415 844 3477 sufficere
889 3417 964 3476 ad
995 3417 1447 3497 procedendum
1483 3417 1545 3476 in
1576 3417 1706 3476 l'oro

178 3511 400 3568 externo
455 3515 678 3570 contra
731 3511 817 3570 sic
871 3517 1242 3589 suspectum,
1292 3508 1390 3569 vel
1437 3509 1707 3570 incarce-

176 3602 342 3662 rando
367 3603 571 3679 illum,
609 3603 707 3664 vel
735 3603 1108 3682 inquirendo
1132 3609 1345 3663 contra
1372 3602 1574 3678 illum,
1603 3607 1710 3660 aut

179 3695 592 3775 interrogando
636 3695 835 3757 illum.
889 3697 979 3757 lta
1029 3695 1206 3755 docet
1255 3697 1566 3756 Simancas
1607 3713 1708 3753 su-

175 3806 286 3866 pra,
313 3807 479 3850 num.
505 3791 594 3852 29
602 3805 623 3867 3
642 3795 704 3850 et
719 3790 996 3869 sequitur
1015 3789 1248 3862 Penna,
1271 3791 1310 3849 2
1330 3795 1514 3868 part„
1547 3806 1709 3847 eom-

177 3889 406 3946 mentar.
447 3885 552 3960 12,
585 3885 732 3945 licet
761 3883 1097 3954 CarreriuS,
1132 3889 1192 3943 et
1222 3882 1328 3942 ahi
1375 3899 1526 3961 quos
1553 3881 1710 3942 refe-

175 3981 319 4052 runt,
347 3984 604 4040 teneant
624 3976 1026 4038 contrarium.
1051 3973 1352 4037 Existimo
1377 3981 1582 4034 tamen
1605 3993 1709 4034 ne-

178 4069 386 4143 gotium
411 4089 544 4132 esse
577 4067 965 4151 prudentiale
984 4090 1001 4143 3
1037 4087 1184 4129 nam
1231 4067 1282 4128 si
1319 4066 1588 4147 suspicio
1619 4066 1710 4127 le-

181 4161 255 4220 vis
281 4163 566 4240 procedat
615 4181 693 4224 ex
736 4162 958 4223 delicto
988 4161 1186 4241 gravi,
1217 4161 1458 4222 ratione
1503 4159 1708 4220 delicti

177 4254 422 4319 sufficere
471 4256 701 4336 poterit
736 4255 816 4316 ad
862 4265 1206 4335 capturam,
1243 4261 1355 4316 etc.
1407 4255 1484 4315 Et
1527 4255 1613 4314 ita
1643 4255 1708 4314 in

177 4345 256 4406 his
279 4349 550 4412 videmus
593 4349 727 4410 fieri
769 4349 1221 4427 abjurationem
1269 4348 1346 4408 de
1386 4346 1531 4421 levi,
1557 4352 1628 4406 ut
1656 4347 1708 4406 si

179 4439 312 4518 legit
333 4443 564 4504 librum
609 4443 994 4516 haereticum,
1045 4441 1144 4503 vel
1175 4443 1445 4502 secundo
1473 4441 1705 4520 nupsit,

178 4539 272 4595 etc.
303 4535 555 4608 Quando
597 4553 745 4597 vero
773 4535 1014 4596 nullum
1051 4535 1340 4616 processit
1371 4534 1490 4594 tale
1519 4535 1708 4594 delic-

179 4631 313 4701 tum,
345 4645 492 4690 vera
533 4629 780 4689 videtur
813 4627 920 4687 illa
969 4629 1139 4708 prior
1169 4628 1497 4702 sententia,
1529 4645 1708 4706 regu-

178 4715 360 4781 lariter
385 4721 714 4801 loquendo,
759 4723 822 4783 id
872 4729 984 4792 est,
1016 4722 1144 4783 uisi
1193 4739 1378 4784 causa
1409 4722 1620 4803 pravis
1653 4725 1711 4782 et

177 4815 412 4890 prudeus
441 4817 618 4879 aliud
646 4815 934 4896 postulet,
961 4822 1032 4875 ut
1053 4815 1368 4876 Simancas
1401 4815 1588 4874 etiam
1615 4813 1709 4873 di-

179 4906 272 4964 xit.

243 5001 294 5060 5.
329 4999 642 5065 Suadam·
684 5001 882 5064 eadem
929 5019 1082 5084 pars
1099 5019 1217 5082 pro
1263 5001 1610 5064 vehementi.
1631 5034 1713 5048 —

180 5093 424 5162 Assertio
467 5113 618 5175 ergo
649 5099 920 5158 maxime
963 5095 1237 5175 procedit
1276 5096 1342 5155 in
1369 5095 1712 5176 suspicione

180 5187 525 5265 vehementi,
558 5196 620 5250 et
647 5191 736 5251 ita
763 5191 933 5270 prior
955 5208 1093 5269 pars
1121 5196 1213 5250 est
1240 5187 1611 5262 indubitata,
1637 5206 1710 5248 ex

181 5281 456 5361 principio
497 5282 922 5360 vulgatissimo
944 5283 1126 5360 juris,
1157 5283 1314 5363 quod
1337 5299 1505 5344 uemo
1530 5283 1704 5363 puni-

182 5379 270 5435 tur
293 5379 601 5440 ordinaria
616 5397 818 5460 pana,
854 5379 980 5440 uisi
1005 5383 1331 5456 coufessus,
1361 5377 1456 5439 vel
1483 5378 1714 5442 convic-

185 5468 286 5530 tus.
330 5471 405 5531 Et
452 5469 572 5531 hac
599 5473 838 5532 ratione
879 5489 1201 5550 nunquam
1224 5470 1366 5530 talis
1397 5477 1712 5553 suspectus

185 5561 424 5623 traditur
461 5565 650 5626 curiae
669 5563 972 5640 saeculari,
1005 5563 1123 5623 nisi
1159 5581 1222 5624 se
1255 5565 1538 5624 ostendat
1571 5581 1708 5624 con-

473 5685 574 5728 xil.

3229 425 3345 486 593

1785 531 2121 602 tumacem,
2171 532 2231 588 et
2256 527 2411 588 nolit
2448 529 2757 607 abjurare,
2789 528 2884 589 vel
2912 531 3347 609 purgationem

1786 619 2141 696 admittere,
2195 639 2397 702 neque
2443 622 2727 682 Ecclesiae
2772 621 3156 698 satisfacere3
3198 631 3349 684 tunc

1787 715 1954 774 enim
2000 733 2108 794 pro
2138 715 2415 775 convicto
2456 715 2741 790 habetur,
2790 716 2933 794 quia
2958 717 3219 795 suspicio
3244 735 3348 778 ve-

1791 805 2050 866 hemens
2088 808 2152 866 in
2197 807 2530 867 violentam
2566 809 2818 880 transit;
2861 817 2921 868 et
2949 809 3035 869 ita
3058 810 3348 870 statuitur

1788 901 1855 960 in
1884 902 2070 978 capit.
2101 898 2207 962 Ad
2241 899 2607 988 abolendam,
2641 909 2814 962 extra
2840 901 2913 963 de
2946 901 3253 978 Haeretic.,
3287 907 3349 964 et

1788 1011 1922 1072 cap.
1956 991 2313 1067 Accusatus,
2365 999 2426 1053 et
2471 1013 2604 1074 cap.
2640 993 2784 1058 Cum
2815 997 3215 1070 coutumacia,
3247 1014 3347 1056 eo-

1789 1084 1928 1146 dem
1960 1087 2056 1145 tit.
2067 1132 2086 1161 ,
2122 1087 2183 1145 in
2215 1088 2275 1147 6.
2312 1087 2389 1146 Et
2418 1087 2631 1148 eadem
2663 1088 2901 1148 ratione
2946 1093 3157 1148 contra
3208 1107 3346 1149 sus-

1785 1182 2033 1256 pectum
2086 1193 2220 1257 post
2264 1184 2528 1239 mortem
2592 1180 2723 1259 ejus
2778 1197 2903 1240 non
2954 1182 3187 1258 agitur,
3239 1183 3345 1242 scd

1788 1270 1991 1330 omnis
2019 1272 2307 1350 suspicio,
2336 1273 2736 1350 quantumvis
2763 1272 3117 1348 vehemens,
3150 1281 3346 1334 morte

1788 1363 2198 1442 extinguitur,
2229 1372 2299 1424 ut
2311 1365 2466 1425 dixit
2481 1366 2820 1440 Simancas,
2840 1366 3021 1426 titulo
3049 1367 3143 1438 18,
3167 1384 3339 1428 num.

1791 1457 1896 1530 13,
1927 1463 1992 1516 et
2016 1456 2199 1517 titulo
2235 1460 2337 1533 46,
2384 1475 2557 1518 num.
2586 1459 2665 1518 76
2681 1473 2701 1535 3
2726 1465 2787 1520 et
2824 1461 3054 1534 Penna,
3080 1463 3117 1522 3
3148 1467 3342 1540 parte,

1787 1557 2121 1610 comment.
2150 1553 2231 1610 92
2258 1557 2320 1611 et
2352 1551 2487 1612 169.
2534 1550 2711 1624 Quod
2752 1549 3228 1630 intelligendum
3256 1561 3349 1614 est

1786 1641 1854 1702 in
1881 1643 1942 1706 vi
1970 1643 2364 1723 suspicionis3
2397 1661 2542 1703 nam
2582 1644 2633 1703 si
2660 1642 2959 1706 fundetur
3000 1645 3066 1704 in
3098 1645 3343 1723 delicto,

1789 1735 2027 1795 ratione
2055 1735 2261 1796 delicti
2307 1735 2641 1816 aliquando
2686 1737 2787 1815 agi
2817 1739 3067 1815 poterit,
3096 1746 3165 1800 ut
3190 1741 3242 1799 si
3266 1741 3346 1800 sit

1787 1824 2015 1904 fautor,
2043 1828 2220 1905 juxta
2250 1847 2380 1908 cap.
2423 1826 2784 1904 Accusatus,
2817 1827 2854 1910 ξ
2881 1829 3103 1906 Pom,
3136 1838 3196 1893 et
3223 1840 3343 1892 tra-

1787 1917 1878 1979 dit
1905 1921 2115 1980 Penua
2140 1939 2327 2000 supra
2344 1938 2363 1998 3
2396 1927 2457 1982 et
2502 1921 2841 1990 Simancas,
2869 1923 3049 1983 titulo
3078 1927 3139 1999 4,
3168 1943 3341 1986 num.

1789 2015 1825 2072 5
1844 2028 1863 2089 3
1902 2013 2109 2092 RojaS,
2146 2015 2443 2094 singular.
2472 2017 2610 2090 134,
2635 2033 2806 2076 num.
2848 2019 2945 2077 12.
2972 2017 3173 2097 Atque
3197 2017 3346 2078 hinc

1787 2107 2031 2166 etiamsi
2062 2106 2156 2182 fit,
2202 2113 2272 2166 ut
2321 2107 2423 2167 isti
2473 2108 2758 2187 suspecti,
2804 2109 3047 2170 etiamsi
3078 2115 3147 2169 ut
3196 2112 3347 2172 tales

1788 2199 2150 2277 puniantur,
2184 2219 2307 2260 non
2340 2202 2662 2280 priventur
2698 2200 3012 2262 beneficiis
3035 2209 3217 2264 antea
3237 2205 3347 2264 ob-

1785 2293 1996 2354 tentis.
2054 2293 2142 2352 lta
2187 2293 2410 2353 docent
2457 2292 2689 2368 Penna,
2748 2303 3147 2357 commentar.
3204 2301 3343 2374 162³,

1783 2387 1969 2446 tertia
2000 2392 2192 2465 parte,
2223 2394 2285 2448 et
2310 2387 2603 2463 Simanc.,
2638 2405 2773 2468 cap.
2808 2389 2909 2464 26,
2940 2409 3112 2451 num.
3144 2394 3238 2452 14.
3272 2393 3348 2453 Et

1786 2481 1944 2541 ratio
1968 2487 2080 2556 est,
2114 2483 2260 2560 quia
2289 2481 2394 2541 illa
2424 2489 2513 2542 est
2537 2500 2662 2542 una
2688 2499 2761 2542 ex
2795 2483 3126 2546 ordinariis
3149 2488 3347 2566 poenis

1784 2571 2236 2648 haereticorum,
2282 2582 2343 2635 et
2389 2593 2514 2634 nou
2562 2581 2655 2635 est
2690 2575 3033 2654 specialiter
3063 2580 3348 2660 imposita

1784 2666 1862 2726 iis
1890 2667 1999 2745 qui
2026 2667 2101 2728 de
2128 2668 2254 2728 sola
2284 2669 2631 2746 suspicione
2665 2669 3069 2733 damnantur.

1865 2761 1926 2821 6.
1963 2761 2218 2822 Dubium
2272 2761 2340 2822 ds
2384 2762 2675 2842 suspectis
2703 2763 2771 2825 de
2794 2768 2954 2841 sacto
2983 2769 3243 2828 tantum.
3266 2799 3351 2813 —-

1784 2853 1874 2915 De
1900 2853 2157 2915 secunda
2195 2859 2376 2934 parts
2415 2854 2770 2918 assertionis
2814 2859 3012 2936 quoad
3034 2863 3349 2940 utramque

1783 2945 2197 3028 suspicionem.
2225 2979 2304 2989 ——
2331 2947 2425 3006 Au
2470 2966 2616 3007 vero
2643 2966 2753 3027 per
2780 2949 3191 3027 suspicionem
3225 2952 3349 3013 tac·

1782 3039 1830 3099 ti
1879 3040 2004 3099 sint
2057 3037 2361 3099 inhabiles
2404 3039 2482 3100 ad
2523 3040 2875 3122 recipienda
2913 3042 3230 3116 beneficia,
3288 3055 3347 3106 ct

1785 3132 1922 3192 ideo
1971 3132 2255 3212 privandi
2295 3132 2438 3207 siut,
2486 3132 2583 3194 vel
2628 3135 2829 3214 potius
2871 3139 2995 3195 sint
3036 3137 3167 3215 ipso
3204 3137 3347 3215 jure

1783 3223 2009 3304 privati
2053 3223 2367 3286 beneficiis
2422 3231 2558 3306 post
2602 3227 3008 3306 suspicionem
3041 3232 3304 3312 acceptis
3324 3276 3344 3306 ,

1789 3317 2121 3378 dicendum
2165 3324 2276 3394 est,
2330 3319 2382 3380 si
2432 3326 2606 3380 tanta
2646 3317 2765 3379 ruit
2792 3321 3081 3399 suspicio,
3122 3329 3341 3383 ettam

1788 3410 2145 3487 vehemens,
2192 3418 2253 3472 et
2302 3411 2581 3490 publica„
2620 3417 2689 3472 ut
2713 3413 2789 3472 ad
2823 3412 3233 3474 inducendam
3259 3417 3346 3475 ir-

1788 3504 2251 3582 regularitatem
2281 3497 2468 3565 fuerit
2497 3505 2826 3582 sufficiens,
2860 3514 3007 3566 tunc
3034 3508 3221 3568 etiam
3253 3509 3347 3568 in-

1789 3613 2036 3658 currere
2068 3597 2299 3657 dictam
2341 3596 2819 3674 inhabilitatem,
2858 3599 3004 3680 quia
3042 3600 3171 3661 haec
3195 3600 3345 3660 irre-

1790 3691 2188 3770 gularitatem
2221 3693 2637 3770 consequitur.
2671 3693 2734 3752 Si
2764 3711 2907 3754 vero
2932 3693 3198 3773 suspicio
3218 3713 3345 3754 non

1789 3783 2029 3844 inducit
2049 3785 2596 3864 irregularitatem,
2630 3803 2827 3864 neque
2853 3785 3080 3846 dictam
3108 3785 3348 3846 inhabi-

1789 3877 2027 3938 litatem
2072 3879 2328 3954 inducit,
2369 3879 2515 3957 quia
2572 3877 2636 3937 id
2687 3879 2858 3938 nullo
2894 3879 3033 3957 jure
3072 3888 3343 3941 cavetur.

1789 3971 1866 4030 Et
1902 3970 1983 4030 ob
2029 3972 2309 4032 eamdem
2357 3971 2661 4031 rationem
2710 3977 3025 4050 suspectus
3058 3991 3179 4032 non
3222 3974 3347 4052 pri-

1788 4071 1971 4125 vatur
1998 4064 2199 4136 boniS,
2235 4062 2355 4124 nisi
2391 4062 2499 4124 fiat
2541 4073 2875 4124 contumax
2908 4063 3252 4126 deficiendo
3281 4067 3377 4126 in'

1791 4159 2160 4236 purgatione
2189 4157 2508 4232 canonica,
2540 4157 2615 4217 de
2646 4175 2769 4236 quo
2800 4156 2993 4217 videri
3033 4165 3233 4236 potest
3256 4159 3348 4219 Si-

1792 4268 2063 4326 maucas,
2120 4249 2217 4309 tit.
2276 4251 2339 4320 9,
2398 4267 2574 4310 num.
2630 4251 2731 4310 26.
2782 4249 3055 4329 Denique
3098 4259 3349 4332 propter

1790 4343 2073 4404 eamdem
2119 4361 2388 4418 causam,
2421 4342 2723 4422 ejusmodi
2760 4342 3021 4422 suspecti
3070 4362 3193 4403 nou
3228 4364 3310 4424 pu
3334 4383 3347 4389 -

1789 4436 2055 4496 niuntur
2110 4453 2349 4496 carcere
2411 4441 2725 4515 perpetuo,
2787 4453 2895 4496 seu
2942 4453 3067 4496 n‘m
3120 4436 3345 4497 immu-

1790 4536 2036 4604 rantur,
2069 4545 2184 4588 nec
2237 4528 2519 4588 crucibus
2562 4529 2911 4606 signantur.
2959 4529 3043 4589 De
3084 4549 3208 4608 quo
3257 4534 3347 4590 vi·

1789 4623 1922 4682 deri
1947 4629 2146 4704 potest
2192 4622 2575 4699 EymerieuS,
2619 4623 2655 4680 3
2694 4627 2889 4700 parte,
2936 4640 3108 4682 num.
3144 4625 3255 4683 172
3287 4633 3348 4684 et

1793 4717 1939 4790 16¹3
1977 4717 2205 4790 Penna,
2259 4721 2658 4775 commentar.
2712 4715 2816 4789 41,
2868 4715 2933 4773 in
2974 4712 3120 4774 fine.
3148 4717 3345 4795 Atque

1790 4810 1877 4869 ita
1922 4815 2134 4869 manet
2178 4807 2435 4888 probata
2479 4808 2670 4867 altera
2706 4825 2847 4886 pars
2886 4809 3238 4868 assertionis
3270 4811 3346 4871 de

1789 4921 1977 4983 poena
2006 4903 2357 4977 arbitraria,
2391 4903 2539 4982 quia
2582 4919 2692 4982 pro
2724 4902 3022 4982 suspectis
3060 4901 3232 4962 nulla
3258 4911 3348 4964 est

1795 4997 2074 5077 specialis
2107 5013 2288 5076 poeua
2325 4995 2753 5056 haereticorum
2768 5009 2789 5071 3
2820 5012 2967 5072 ergo
2995 5013 3235 5056 necesse
3260 5004 3348 5056 est

1792 5097 1864 5150 ut
1887 5090 2177 5169 prudenti
2205 5087 2458 5149 arbitrio
2478 5087 2703 5167 judicis
2736 5089 3097 5166 puniantur.
3140 5089 3215 5148 Et
3243 5090 3349 5150 vix

1794 5185 1995 5263 potuit
2021 5181 2199 5242 aliter
2221 5181 2380 5254 fieri,
2410 5183 2557 5261 quia
2580 5181 2840 5260 suspicio
2866 5198 2989 5240 non
3017 5186 3107 5240 est
3134 5199 3261 5242 una
3283 5184 3349 5242 iu

1793 5275 2105 5349 omnibuS,
2152 5275 2253 5334 sed
2288 5275 2485 5353 major
2528 5281 2589 5334 et
2618 5274 2821 5332 minor
2860 5291 2991 5332 esse
3034 5281 3255 5354 potest,
3290 5282 3351 5334 et

1793 5371 1931 5431 ideo
1955 5372 2141 5430 etiam
2162 5385 2409 5448 poenam
2434 5365 2791 5426 variabilem
2813 5382 2940 5425 esse
2968 5383 3210 5427 necesse
3231 5379 3343 5428 est.

1793 5465 1869 5526 Et
1889 5465 2147 5525 fortasse
2187 5460 2266 5521 ob
2287 5461 2446 5520 hanc
2470 5476 2739 5530 causam,
2770 5459 2835 5517 iu
2883 5458 3267 5519 Clementina
3298 5462 3343 5532 Ι,

1791 5575 2037 5640 paragr.
2074 5555 2309 5629 Verum,
2343 5554 2418 5613 de
2440 5553 2747 5626 Haeretic.,
2766 5550 3106 5630 specialiter
3144 5555 3351 5630 iujun-

2955 5655 3032 5712 38
