3900 6217
1157 364 1325 416 SECT.
1361 366 1422 416 ll.
1459 364 1540 416 DE
1577 361 2023 415 lNFIDELlTA'l'IS
2057 363 2427 414 GRAvlTATE.
3280 361 3400 424 409

235 479 317 540 ria
339 474 438 535 illa
471 476 714 553 peccata
755 487 882 530 esse
909 471 1110 548 specie
1139 468 1408 544 diversa,
1431 468 1592 528 sicut
1614 469 1760 527 sunt

235 574 289 633 in
313 567 554 629 materia
579 563 916 638 charitatis,
950 580 1076 623 nou
1115 580 1325 623 amare
1367 563 1561 623 Deum
1605 567 1761 621 tem-

234 681 360 744 pore
405 658 624 733 debito,
653 657 751 718 vel
777 656 918 716 odio
945 655 1173 718 habere
1203 657 1400 730 illum,
1436 656 1584 734 quia
1612 654 1762 716 talia

231 760 452 838 peccata
493 751 816 812 manifeste
839 751 1072 812 habent
1113 749 1600 810 distinctissimas
1655 748 1758 808 de-

230 846 618 909 ordinationes
639 848 714 923 let
747 844 1012 904 malitias
1038 859 1059 921 3
1089 844 1178 904 ita
1202 843 1370 904 enim
1400 843 1580 903 estin
1605 860 1757 922 prae-

231 941 402 1002 senti:
449 954 595 998 nam
650 936 980 998 infidelitas
1006 981 1026 1012 ‚
1073 955 1208 1016 quae
1265 942 1356 996 est
1408 954 1517 1015 per
1562 935 1756 995 solam

227 1031 630 1102 omissionem,
672 1047 798 1090 non
849 1031 1178 1108 opponitur
1225 1029 1455 1089 directe
1507 1027 1757 1089 formali

227 1127 437 1204 objecto
477 1123 648 1194 fidei,
681 1129 742 1184 et
768 1122 1012 1184 veritati
1053 1123 1184 1198 Dei,
1234 1121 1390 1182 sicut
1423 1121 1758 1202 opponitur

226 1219 530 1282 infidelitas
557 1217 1026 1291 commissioniS,
1057 1233 1195 1296 quae
1222 1221 1548 1295 propterea
1573 1215 1762 1275 infert

226 1313 490 1391 injuriam
539 1312 726 1390 longe
765 1311 1090 1390 majorem,
1145 1315 1207 1371 et
1251 1308 1508 1372 diversae
1573 1311 1760 1370 ratio-

223 1409 348 1482 nis;
377 1403 476 1466 ille
503 1411 714 1465 autem
756 1403 926 1465 locus
969 1405 1036 1464 D.
1070 1405 1324 1464 Thomae
1363 1403 1552 1464 hahet
1579 1419 1757 1463 suam

225 1499 664 1569 difficultatem,
698 1517 836 1576 quoe
863 1499 940 1558 ad
975 1499 1142 1560 hunc
1189 1498 1390 1558 locum
1425 1514 1552 1557 non
1591 1513 1758 1575 spec-

221 1599 320 1668 tat,
349 1597 408 1654 et
446 1591 592 1653 ideo
617 1591 888 1653 breviter
925 1592 1062 1652 dico
1107 1591 1584 1670 intelligendum
1625 1607 1758 1651 esse

219 1685 579 1767 permissive,
611 1703 736 1746 non
764 1684 1217 1760 universaliter,
1243 1685 1308 1744 id
1337 1689 1450 1760 est,
1472 1684 1758 1744 omissio-

220 1797 344 1840 nem
369 1784 430 1838 et
453 1778 958 1839 commissionem
1003 1796 1128 1838 non
1159 1777 1475 1837 includere
1513 1794 1760 1856 semper

220 1871 547 1952 specificam
577 1871 1019 1947 differentiam,
1056 1889 1182 1932 non
1209 1871 1377 1951 quod
1419 1870 1757 1949 aliquando

217 1966 367 2028 illam
393 1963 626 2026 habere
653 1983 778 2026 non
805 1966 1042 2045 possint
1065 1980 1085 2043 3
1115 1983 1264 2027 nam
1292 1965 1410 2026 hoc
1437 1966 1625 2026 etiam
1657 1983 1760 2026 su-

216 2061 388 2120 mitur
429 2077 504 2119 ex
535 2059 756 2120 eodem
801 2057 876 2121 D.
906 2058 1142 2121 Thomu
1181 2062 1242 2120 2.
1270 2059 1311 2119 2
1333 2103 1356 2134 ,
1403 2065 1618 2140 quaest.
1653 2062 1756 2136 79,

216 2159 317 2215 art.
341 2155 382 2214 2
420 2157 482 2215 et
515 2155 582 2215 3.

819 2350 1036 2404 sEc‘no
1069 2351 1129 2404 ΙΙ.

309 2527 499 2600 Quam
540 2544 732 2609 μανι
767 2527 854 2591 sit
895 2525 1124 2608 infideli
1127 2525 1279 2590 tatis
1314 2531 1645 2607 peccatum.

279 2715 332 2774 1.
380 2712 614 2778 Status
667 2709 1041 2794 matianis.
1080 2743 1161 2756 —
1191 2711 1327 2770 Non
1381 2709 1760 2789 inquirimus

212 2827 278 2868 an
321 2813 650 2886 peccatum
699 2805 818 2866 hoc
867 2823 1006 2865 eam
1061 2805 1428 2883 gravitatem
1466 2804 1755 2883 attingat,

208 2915 328 2976 qma
354 2899 430 2960 ad
457 2906 786 2978 peccatum
817 2897 1078 2958 mortale
1105 2915 1181 2958 ex
1222 2914 1450 2975 genere
1483 2915 1596 2956 suo
1633 2897 1760 2958 suf-

208 2991 383 3069 ficiat3
412 2991 474 3050 id
499 2991 679 3052 enim
707 2997 1004 3070 tanquam
1035 2989 1434 3050 manifestum
1467 2991 1760 3070 supponi-

205 3103 346 3158 mus,
381 3086 548 3146 sicut
579 3085 966 3164 proposuisse
1005 3083 1252 3145 videtur
1281 3083 1575 3157 Chr-istae,
1613 3103 1757 3146 cum

206 3175 376 3239 dixit:
417 3178 546 3252 Qui
581 3195 702 3240 non
737 3176 1011 3253 credidit,
1029 3179 1170 3258 Jam
1185 3178 1508 3258 judicatus
1531 3183 1622 3242 est
1645 3201 1672 3251 ,·
1699 3184 1760 3239 et

205 3271 360 3330 alibi:
387 3270 508 3344 Qui
525 3289 654 3333 non
681 3269 1021 3345 crediderit,
1055 3271 1561 3343 condemnabitur,
1591 3277 1654 3332 et
1681 3289 1758 3332 ex

203 3364 464 3424 dicendis
521 3383 566 3424 a
614 3363 857 3424 fortiori
913 3362 1449 3444 comprobabitur;
1495 3364 1757 3444 inquiri-

207 3475 330 3517 mus
351 3475 504 3536 ergo
532 3459 702 3519 inter
729 3464 980 3538 peccata
1005 3473 1080 3519 ex
1107 3476 1220 3520 suo
1247 3475 1474 3537 genere
1521 3464 1758 3519 morta-

203 3549 295 3625 lia,
327 3569 514 3630 quem
567 3551 835 3631 gradum
889 3569 998 3612 seu
1045 3551 1251 3612 locum
1305 3551 1579 3612 obtineat
1617 3550 1754 3611 infi-

205 3641 404 3703 delitas
451 3644 666 3724 quoad
695 3646 1062 3722 gravitatem
1112 3661 1331 3706 suam:
1379 3643 1498 3704 hoc
1549 3650 1758 3705 autem

205 3753 236 3795 a
263 3736 433 3798 nobis
461 3744 670 3817 potest
702 3737 942 3800 duobus
985 3737 1182 3798 modis
1228 3738 1482 3798 tractari
1509 3744 1619 3797 ant
1656 3757 1760 3800 ex-

205 3827 424 3906 plicari,
455 3829 715 3902 scilicet,
747 3831 847 3892 vel
875 3830 1156 3892 absolute
1199 3848 1332 3892 rem
1371 3829 1568 3911 ipsam
1598 3832 1661 3891 in
1693 3849 1758 3892 se

203 3924 520 4000 spectando
545 3945 560 3983 ε
595 3924 697 3984 vel
721 3931 1100 4003 comparate,
1133 3924 1506 3985 conferendo
1534 3925 1756 3984 vitium

203 4013 306 4075 hoc
345 4032 486 4077 cum
517 4019 811 4096 peccam„
843 4019 982 4078 aliis
1009 4019 1342 4078 virtutibus
1379 4018 1694 4097 oppositi&

270 4112 324 4171 2.
370 4111 703 4174 Peccatum
735 4111 1131 4186 infidelitatis
1168 4117 1258 4174 est
1283 4129 1470 4174 unum
1498 4129 1574 4174 ex
1613 4131 1759 4192 yra-

202 4201 478 4265 vissimis.
503 4235 592 4250 --
623 4203 952 4268 Peccatum
1007 4203 1388 4285 infidelitatis
1426 4203 1758 4267 mamimum

201 4295 442 4358 omnium
475 4303 574 4360 cet
620 4296 692 4358 in
733 4302 1078 4360 nocumento
1113 4299 1274 4378 quod
1314 4295 1754 4376 infera—In-

201 4387 508 4459 fidelitatis
566 4394 880 4467 peccatum
935 4389 1256 4469 difficilius
1303 4407 1484 4470 quam
1533 4395 1753 4453 coetcra

204 4483 776 4544 curatum—Priori
825 4483 1012 4544 modo
1047 4482 1246 4543 solum
1291 4483 1496 4544 dicere
1536 4501 1751 4563 possu-

204 4590 326 4633 mus
349 4574 466 4634 hoc
484 4581 814 4655 peccatum
857 4593 936 4636 ex
975 4593 1202 4653 genere
1243 4595 1354 4636 suo
1395 4595 1526 4637 esse
1553 4595 1750 4636 unum

204 4681 268 4723 ex
303 4667 682 4742 gravissimis
742 4670 1026 4747 peccatis,
1077 4670 1146 4730 In
1192 4669 1311 4730 hoc
1375 4671 1752 4731 conveniunt

203 4758 362 4819 divus
379 4761 676 4836 Th0mas,
705 4768 768 4823 et
790 4780 1026 4838 omueS,
1047 4769 1232 4842 atque
1258 4761 1375 4822 hoc
1402 4763 1751 4841 siguificare

205 4851 381 4912 voluit
422 4853 835 4933 AugustinuS,
861 4861 1124 4916 tractatu
1174 4857 1253 4917 85
1299 4856 1364 4915 in
1405 4856 1653 4929 Joann„
1688 4863 1750 4916 et

204 4942 344 5004 libro
389 4947 578 5008 tertio
614 4955 830 5008 contra
857 4947 1012 5008 duas
1059 4947 1344 5028 epistolas
1390 4948 1749 5027 Pelagiano-

205 5053 351 5113 rum,
385 5041 594 5120 capite
631 5043 692 5113 3,
735 5059 880 5101 cum
919 5039 1075 5101 dixit
1113 5048 1430 5120 peccatum
1472 5041 1748 5105 absolute

206 5129 444 5206 dictum,
475 5134 654 5212 qnasi
686 5151 799 5212 per
827 5135 1316 5194 antonomasiam
1359 5152 1472 5213 pro
1502 5143 1749 5213 peccato

207 5221 570 5284 infidelitatis
597 5225 816 5304 accipi,
839 5225 926 5285 sic
949 5225 1362 5304 interpretans
1383 5227 1532 5286 illud
1564 5227 1743 5286 Joan.

209 5317 311 5374 45:
345 5316 422 5378 Si
463 5335 587 5378 uon
611 5319 922 5391 venissem,
953 5325 1097 5390 etc„
1127 5323 1436 5400 peccatum
1479 5335 1596 5378 non
1641 5320 1750 5380 Ita-

209 5407 424 5481 bcrent;
461 5417 526 5470 et
553 5409 708 5470 illud
747 5429 882 5490 cap.
918 5413 1032 5473 16:
1069 5409 1308 5492 Arquct
1351 5413 1639 5473 mundum
1681 5413 1750 5474 dc

205 5507 422 5578 peccato
442 5526 472 5572 ,·
511 5501 613 5564 hic
657 5521 806 5566 vero
851 5504 1069 5568 modus
1115 5502 1582 5582 significationis
1636 5521 1748 5586 per

1839 465 2333 524 antonomasiam
2373 482 2501 526 non
2544 463 2697 525 solet
2724 466 3031 544 usurpari,
3062 465 3181 528 nisi
3204 485 3401 548 quan-

1837 556 1918 616 do
1962 574 2062 616 res
2094 556 2437 633 significata
2474 576 2584 637 per
2631 575 2861 618 nomen
2898 558 3088 620 habet
3128 561 3401 639 singula-

1839 669 1973 710 rem
1998 650 2456 724 excellentiam,
2487 652 2583 713 vel
2614 669 2929 712 excessum
2966 653 3033 712 in
3062 671 3135 714 ea
3162 651 3400 716 ratione

1843 759 1966 820 qua
2008 742 2395 820 significatur
2443 763 2555 825 per
2598 763 2855 821 vocem3
2899 746 3027 806 imo
3072 765 3199 808 non
3246 749 3401 810 solet

1841 837 1961 896 dici
2002 838 2121 898 nisi
2148 839 2223 898 de
2260 856 2335 898 eo
2365 839 2527 917 quod
2556 845 2647 900 est
2676 840 3021 900 maximum
3057 841 3119 900 in
3152 841 3264 902 tali
3292 860 3399 921 ge·

1839 949 2011 1006 nere,
2044 931 2205 1010 quod
2246 931 2454 1011 aliqua
2483 933 2723 994 ratione
2755 935 3043 995 convenit
3088 934 3233 996 huic
3260 953 3399 1015 pec·

1839 1029 2009 1097 cato,
2060 1031 2129 1084 ut
2168 1025 2294 1103 jam
2342 1024 2683 1104 explicabo,
2718 1027 2997 1088 Secundo
3052 1028 3401 1090 declaratur

1839 1118 1975 1179 haeo.
2034 1119 2307 1195 gravitas
2354 1137 2393 1179 a
2441 1119 2657 1197 priori,
2688 1121 2835 1200 quia
2878 1121 3077 1182 virtus
3119 1121 3289 1196 fidei,
3324 1123 3403 1182 li-

1841 1216 1940 1271 cet
1986 1229 2113 1272 non
2168 1211 2247 1270 sit
2289 1211 2585 1284 maxima,
2612 1218 2706 1272 est
2735 1229 2861 1273 una
2902 1232 2981 1274 ex
3024 1215 3397 1294 praecipui33

1840 1320 1991 1382 ergo
2016 1309 2339 1383 peccatum
2380 1302 2471 1365 illi
2508 1305 2878 1384 oppositum,
2911 1313 2983 1367 ut
3017 1315 3111 1368 est
3138 1307 3403 1370 infideli-

1841 1407 1957 1472 tas,
1989 1399 2108 1458 erit
2152 1416 2353 1458 unum
2383 1417 2460 1460 ex
2488 1399 2884 1478 gravisSImiS,
2910 1401 3093 1480 juxta
3119 1402 3401 1480 regulam

1837 1490 2205 1564 Aristotelia,
2236 1492 2277 1552 8
2300 1491 2599 1566 Ethicor.,
2628 1511 2763 1572 cap.
2790 1497 2852 1569 5,
2898 1494 3219 1574 probatam
3252 1512 3289 1555 a
3326 1496 3395 1558 D.

1837 1583 2077 1645 Thoma
2110 1588 2163 1645 Ι.
2204 1589 2269 1662 2,
2302 1592 2519 1666 quaest.
2550 1589 2665 1662 73,
2690 1594 2811 1649 art.
2849 1591 2913 1664 4,
2944 1589 3015 1648 in
3062 1588 3401 1650 moralibus

1840 1677 1995 1738 illud
2026 1696 2178 1739 -esse
2234 1680 2573 1759 pessimum
2598 1725 2613 1754 ,
2656 1681 2821 1762 quod
2866 1685 3102 1762 optimo
3156 1689 3402 1743 contra-

1838 1771 2058 1833 riatur.
2094 1773 2321 1844 Tertio,
2353 1773 2433 1834 ab
2466 1773 2687 1834 effectu
2718 1775 3065 1838 declaratur
3098 1795 3174 1838 ex
3216 1795 3401 1838 nocu-

1839 1865 2069 1926 mentis
2108 1884 2245 1944 quoe
2282 1885 2493 1928 secum
2522 1867 2703 1930 affert
2730 1869 3063 1930 infidelitas
3089 1885 3111 1948 3
3150 1887 3299 1931 nam
3333 1870 3399 1931 in

1837 1956 1957 2019 hoc
1987 1960 2230 2022 excedit
2271 1961 2488 2021 omnia
2537 1967 2783 2040 peccata
2808 1979 2829 2040 3
2860 1968 2923 2026 et
2949 1963 3089 2025 ideo
3116 1964 3401 2024 existimo

1841 2051 1907 2111 in
1936 2051 2055 2113 hoc
2092 2071 2225 2115 esse
2257 2055 2751 2117 antonomasiam
2790 2056 3137 2118 fundatam.
3172 2058 3400 2131 Prim0‚

1839 2144 1991 2224 quia
2044 2145 2379 2208 infidelitas
2429 2148 2725 2210 radicitus
2782 2148 2993 2210 evellit
3048 2149 3399 2229 justitiam3

1838 2237 2026 2316 nam3,
2076 2257 2222 2302 cum
2258 2239 2415 2301 fides
2464 2241 2547 2302 sit
2590 2241 3071 2304 fundamentum
3122 2244 3398 2322 justitiae,

1837 2332 2005 2410 quod
2055 2331 2179 2394 alia
2218 2339 2468 2414 peccata
2512 2353 2637 2395 non
2682 2335 2997 2411 auferunt,
3026 2336 3207 2418 juxta
3250 2335 3401 2397 defl-

1837 2424 2142 2486 nitionem
2184 2425 2441 2488 Concilii
2488 2429 2883 2504 Tridentini,
2922 2445 3063 2491 sess.
3114 2431 3189 2507 6,
3244 2429 3401 2491 illud

1838 2516 2102 2580 destruit
2128 2519 2463 2582 infidelitas
2488 2521 2853 2602 expellendo
2880 2522 3091 2598 fidem,
3122 2529 3196 2584 ut
3233 2515 3421 2584 idem'

1839 2609 2185 2674 Concilium
2212 2615 2440 2692 tradit3
2478 2621 2540 2676 et
2566 2616 2655 2676 ita
2680 2616 2939 2677 omnino
2963 2617 3167 2694 privat
3200 2617 3403 2678 homi-

1839 2723 1987 2767 nem
2014 2707 2252 2785 justitia
2276 2727 2313 2769 a
2340 2708 2763 2772 fundamentis
2786 2710 2943 2790 ejus.
2972 2710 3149 2773 Unde
3194 2710 3267 2773 fit
3309 2727 3402 2771 se-

1841 2801 2044 2862 cundo
2087 2801 2249 2880 quod
2294 2804 2537 2864 notavit
2572 2803 2751 2864 divus
2778 2804 3069 2878 Thomas,
3114 2807 3143 2864 1
3182 2803 3261 2866 ad
3299 2805 3400 2865 ‘ri-

1839 2893 2039 2954 moth.
2080 2896 2143 2968 5,
2180 2900 2251 2954 ut
2289 2894 2625 2956 infidelitas
2687 2897 3024 2957 constituat
3078 2896 3399 2959 hominem

1839 2987 1905 3046 in
1943 3005 2017 3047 eo
2042 2993 2227 3060 statu,
2260 2988 2325 3048 in
2354 3008 2479 3070 quo
2515 2987 2671 3050 nihil
2716 2991 2837 3050 Deo
2874 2989 3168 3070 placitum
3200 2990 3401 3051 facere

1839 3082 2052 3161 possit,
2087 3082 2235 3161 quia
2276 3083 2409 3144 sine
2450 3082 2571 3144 fide
2612 3083 2991 3163 impossibile
3032 3090 3125 3144 est
3157 3084 3400 3164 placere

1841 3176 1991 3249 Deo,
2020 3193 2147 3235 non
2190 3177 2391 3238 solum
2428 3177 2633 3256 quoad
2680 3195 3030 3257 personam,
3062 3178 3166 3239 sed
3211 3179 3399 3240 etiam

1840 3267 2043 3346 quoad
2082 3269 2357 3347 singulas
2384 3271 2653 3331 actiones
2682 3272 2837 3349 ejuS,
2869 3276 2941 3331 ut
2974 3272 3041 3332 in
3072 3271 3403 3351 superiori-

1837 3359 1955 3420 bus
1994 3360 2345 3438 declaravi;
2391 3364 2557 3442 quod
2596 3369 2773 3425 tanta
2800 3366 3278 3442 exaggera¹ione
3306 3383 3401 3424 so-

1837 3452 1924 3514 let
1947 3455 2189 3516 tradere
2216 3456 2623 3534 Augustinus,
2654 3462 2727 3518 ut
2752 3457 2971 3518 docere
2998 3458 3282 3518 videatur
3308 3458 3403 3518 ni-

1837 3547 1926 3608 hil
1968 3547 2117 3608 boni
2173 3550 2424 3612 moralis
2478 3569 2653 3630 posse
2698 3551 2900 3612 facere
2941 3550 3291 3626 infidelem,
3326 3557 3401 3612 ut

1839 3643 2113 3703 maxime
2131 3643 2343 3705 videre
2380 3645 2524 3704 licet
2560 3645 2717 3706 libro
2747 3646 2787 3706 4
2810 3652 3023 3705 contra
3051 3644 3396 3719 Julianum‚

1841 3753 1975 3814 cap.
2010 3739 2090 3812 33
2134 3737 2241 3798 sed
2283 3737 2348 3797 id
2401 3739 2874 3818 temperandum
2932 3744 3067 3812 est,
3118 3743 3181 3798 et
3232 3756 3401 3798 nunc

1839 3827 2067 3889 sufficit
2090 3831 2255 3909 quod
2284 3832 2441 3892 nihil
2472 3831 2674 3894 facore
2715 3838 2916 3912 potest
2942 3831 3209 3894 infidelis
3232 3831 3397 3911 quod

1839 3924 2003 4000 apud
2033 3924 2227 3986 Deum
2264 3926 2487 3999 valeat,
2528 3927 2625 3987 vel
2654 3928 2733 3988 ad
2780 3925 3267 4004 impetrandum,
3298 3924 3395 3986 vel

1837 4015 1916 4074 ad
1946 4016 2154 4094 aliquo
2201 4019 2383 4080 modo
2442 4019 2833 4080 merendum.
2876 4017 3053 4080 Unde
3101 4017 3173 4077 fit
3216 4017 3399 4078 tertio

1837 4115 1910 4167 ut
1949 4109 2069 4170 hoc
2092 4121 2411 4189 peccatum
2440 4112 2753 4174 difficilius
2792 4117 3045 4172 curetur
3070 4127 3257 4189 quam
3282 4129 3401 4170 cae-

1837 4206 1970 4263 tera
1997 4224 2015 4278 ;
2044 4204 2191 4283 quia
2214 4215 2434 4266 caetera
2482 4209 2733 4284 peccata
2776 4204 3136 4282 relinquunt
3184 4202 3390 4276 fidem,

1837 4313 1949 4375 per
2011 4314 2197 4376 quam
2244 4303 2442 4377 potest
2493 4299 2681 4360 homo
2734 4297 2971 4374 aliquid
3036 4296 3392 4374 impetrare,

1833 4405 1957 4466 quo
1994 4387 2246 4450 tandem
2299 4389 2374 4450 ad
2428 4391 2748 4451 meliorem
2808 4393 3083 4450 mentem
3130 4388 3391 4461 redeat;

1833 4499 2005 4558 nam,
2032 4489 2103 4542 ut
2134 4490 2227 4564 est
2260 4482 2516 4560 vulgare
2544 4482 2705 4561 apud
2740 4483 3181 4560 August-inum.
3206 4481 3385 4559 epist.

1837 4578 1977 4649 ⁴05,
2007 4580 2068 4634 et
2092 4575 2277 4635 alibi:
2324 4576 2509 4638 Fides
2548 4576 2837 4654 impetrat
2876 4576 3033 4655 quod
3072 4575 3171 4636 lom
3210 4573 3394 4653 impc-

1831 4675 1955 4732 rat.
1992 4669 2325 4730 [nfidelitas
2352 4677 2559 4730 autem
2590 4685 2733 4728 cum
2770 4668 2947 4729 tollat
2986 4669 3197 4744 fidem,
3230 4668 3394 4729 tollit

1832 4779 2017 4822 omne
2059 4761 2429 4840 principium
2461 4763 2635 4840 quasi
2676 4762 3080 4823 intrinsecum
3108 4762 3393 4824 obtinen-

1831 4853 1896 4913 di
1937 4855 2243 4915 auxilium
2307 4860 2369 4915 et
2429 4854 2776 4916 remedium
2832 4863 3049 4916 contra
3118 4859 3387 4934 peccata.

1831 4948 2065 5023 Quarto
2105 4949 2397 5027 denique,
2428 4948 2585 5008 sicut
2614 4947 2765 5008 fides
2804 4953 2901 5007 est
2932 4948 3105 5010 radix
3147 4952 3392 5007 caetera-

1831 5059 1971 5100 rum
2014 5042 2342 5116 virtutum,
2374 5041 2463 5101 ita
2505 5040 2837 5102 infidelitas
2886 5039 3134 5100 infinita
3182 5055 3389 5099 secum

1830 5133 2010 5194 affert
2052 5134 2226 5205 vitia,
2262 5135 2601 5213 praesertim
2646 5139 2857 5194 contra
2884 5133 3103 5203 Deum,
3136 5136 3206 5190 ut
3239 5131 3392 5190 irre-

1829 5223 2253 5303 ligiositatem,
2296 5227 2787 5305 superstitionem
2802 5271 2816 5298 ,
2848 5223 3357 5302 ingratitudinem
3365 5266 3385 5296 ,

1829 5325 1891 5378 et
1919 5318 2185 5378 similia:
2228 5319 2323 5379 his
2347 5335 2494 5397 ergo
2527 5319 2727 5379 modis
2753 5322 2955 5397 potest
2981 5316 3247 5395 gravitas
3273 5315 3390 5375 hu-

1823 5411 1928 5491 jus
1968 5413 2197 5492 peccati
2228 5413 2509 5474 absolute
2532 5412 2855 5474 declarari.

1909 5505 1968 5565 3.
2016 5505 2446 5586 Infidclitatcm
2482 5507 2685 5570 odium
2734 5505 2851 5567 Dei
2896 5505 3127 5571 excedit
3168 5505 3235 5566 iu
3272 5521 3384 5568 ra-

3840 4971 3854 5335 ⁰'.-r-...-fl-Q==—
3844 4785 3854 4902 -.-=⁴-1·=
3844 4503 3854 4751 tb--ssss
