3900 6217
688 429 856 482 SECT.
893 432 930 482 1.
969 429 1050 480 AN
1086 431 1207 480 Pax
1243 429 1339 482 su·
1373 430 1433 481 ΙΝ
1467 428 1819 490 PRAEGEPTO,
1857 429 1957 481 em
1989 429 2319 482 REPUGNAT
2353 429 2699 492 DISCORDIA,
2732 429 2864 482 ETc.

151 528 615 606 damnificanti,
643 535 916 594 teneatur
937 532 1006 593 do
1028 531 1516 593 damno—Alias
1541 547 1734 608 quaes-

151 624 370 685 tiones
399 641 550 703 quas
571 625 639 684 D.
671 623 960 698 ThomaS,
992 625 1177 684 citata
1203 629 1416 702 quaest.
1447 625 1549 698 43,
1577 629 1734 683 trac-

151 724 286 794 tat,
315 727 433 780 att.
467 720 505 780 5
531 725 592 778 et
623 719 684 790 6,
727 717 792 776 in
839 718 1062 796 quibus
1091 718 1369 796 personis
1398 723 1601 795 posset
1638 717 1734 776 in-

149 811 370 872 veniri
413 811 807 886 scandalum,
840 811 1082 886 omitt0,
1129 812 1278 890 quia
1308 810 1515 871 faciles
1557 816 1722 872 sunt.

151 904 345 976 Quod
380 905 548 964 enim
578 904 805 982 inquit,
827 906 1100 966 activum
1123 903 1478 966 scandalum
1506 904 1582 964 ad
1613 904 1733 963 im-

149 997 468 1074 perfectos
510 997 842 1077 pertinere,
889 1015 1016 1058 non
1053 997 1133 1058 ad
1181 996 1504 1077 perfectoS,
1542 998 1729 1075 passi-

149 1107 321 1150 vum
370 1092 557 1152 etiam
604 1089 925 1163 similiter,
962 1089 1328 1167 regulariter
1376 1091 1730 1169 intelligen-

152 1183 321 1242 dum
351 1189 462 1258 est,
489 1182 638 1262 quia
665 1182 858 1243 virtus
885 1182 1154 1262 perfecta
1183 1182 1370 1244 efficit
1415 1189 1486 1245 ut
1528 1202 1730 1262 neque

149 1275 358 1336 homo
408 1274 586 1336 facile
639 1281 961 1336 moveatur
1013 1275 1093 1336 ad
1150 1276 1399 1338 ruinam
1448 1276 1730 1356 exemplo

152 1369 460 1440 aliorum,
494 1387 695 1448 neque
725 1369 880 1430 alios
927 1375 1188 1430 moveat.
1223 1371 1358 1432 Non
1401 1375 1610 1430 tamen
1636 1388 1733 1430 re-

151 1467 407 1540 pugnat
432 1462 744 1522 interdum
777 1462 992 1524 cadere
1021 1463 1088 1522 in
1119 1464 1278 1524 viros
1311 1463 1612 1543 perfectos
1633 1482 1732 1526 ra·

150 1556 405 1616 tionem
447 1554 762 1631 scandali,
807 1557 964 1616 sicut
1013 1565 1269 1637 possunt
1317 1558 1505 1618 etiam
1551 1575 1730 1619 ruere

153 1667 281 1727 per
321 1649 778 1728 suggestionem
813 1649 1134 1726 daemonis,
1187 1650 1352 1729 quod
1385 1657 1594 1712 tamen
1640 1651 1731 1712 fa-

156 1741 347 1802 cilius
391 1741 609 1802 accidit
635 1741 704 1802 in
730 1742 1072 1803 venialibus
1088 1789 1108 1819 ,
1139 1762 1326 1823 quam
1357 1745 1420 1804 in
1457 1745 1728 1806 mortali-

157 1834 286 1894 bus
317 1835 606 1914 peccatis.
639 1835 774 1898 Alia
804 1837 1060 1915 quoestio
1089 1856 1218 1900 esse
1254 1847 1486 1918 posset,
1524 1857 1606 1899 an
1633 1845 1730 1900 te-

155 1935 393 1988 neatur
423 1929 561 2007 quis
589 1929 912 1991 restituere
938 1929 1242 1992 damnum
1281 1933 1456 2011 cujus
1503 1932 1730 1994 forma·

155 2020 311 2082 liter
365 2039 550 2082 causa
615 2022 734 2084 fuit
789 2041 899 2102 per
952 2025 1332 2087 scandalum.
1391 2027 1728 2088 Dicendum

159 2113 340 2174 enim
371 2119 464 2174 est
505 2133 633 2176 non
667 2117 890 2189 teneri,
930 2117 1048 2178 nisi
1085 2117 1460 2180 interveniat
1485 2121 1732 2199 injusti·

157 2206 279 2282 tia,
312 2207 460 2286 quia
495 2208 626 2269 sola
658 2209 762 2269 illa
791 2209 1025 2286 obligat
1051 2211 1128 2271 ad
1157 2213 1630 2288 restitutionem,
1657 2221 1730 2275 ut

163 2307 412 2362 constat
452 2300 652 2378 infra,
695 2311 909 2383 quaest.
950 2306 1050 2366 62.
1101 2304 1276 2366 Unde
1323 2306 1511 2368 etiam
1553 2309 1625 2368 fit
1657 2315 1728 2369 ut

161 2411 296 2453 non
327 2401 614 2456 teneatur
648 2397 728 2456 ad
757 2399 1206 2459 restitutionem
1248 2399 1460 2460 damni
1489 2401 1725 2462 confes-

161 2488 366 2547 sarius
404 2490 510 2566 qui
557 2488 945 2568 culpabiliter
971 2508 1098 2551 non
1147 2491 1383 2572 obligat
1429 2494 1727 2572 poeniten-

163 2586 294 2639 tem
339 2581 416 2640 ad
445 2582 935 2661 restituendum3
968 2585 1116 2662 quia
1143 2585 1211 2645 in
1245 2605 1316 2646 eo
1358 2585 1560 2646 solum
1591 2605 1725 2665 pec-

163 2679 266 2732 cat
317 2680 535 2734 contra
567 2675 954 2752 religionem.
985 2679 1146 2756 Lege
1185 2680 1338 2754 Sot.‚
1366 2681 1406 2739 4
1436 2679 1509 2740 de
1537 2680 1722 2740 Justi-

165 2765 279 2839 tia,
318 2773 536 2846 quaest.
586 2769 657 2845 6,
688 2774 803 2830 art.
840 2772 899 2842 3,
939 2771 1205 2831 conclus.
1239 2774 1278 2832 2
1311 2778 1374 2832 et
1399 2779 1674 2851 sequent.
1703 2794 1720 2848 ;

163 2859 576 2938 Sylvestrum,
608 2862 794 2922 verbo
819 2863 1173 2940 Restitutio,
1200 2867 1259 2940 3,
1301 2872 1460 2944 part.
1487 2869 1543 2927 1.
1570 2867 1722 2928 Con·

163 2953 434 3012 trarium
464 2959 635 3015 tenet
662 2957 848 3022 Scot..
882 2957 946 3016 in
978 2959 1038 3032 4,
1065 2957 1330 3020 distinct.
1368 2961 1465 3031 15,
1498 2967 1720 3039 quaest.

169 3047 245 3114 3;
299 3045 613 3122 Richard„
656 3057 872 3126 quaest.
914 3052 976 3126 2,
1029 3057 1143 3111 art.
1193 3053 1279 3127 ὃς
1327 3053 1608 3128 Αᾶτίειη.,
1655 3057 1722 3116 in

161 3141 429 3198 materia
475 3141 550 3201 de
580 3142 1004 3216 restitutione;
1035 3146 1140 3204 sed
1189 3145 1433 3207 nullum
1486 3147 1721 3210 habent

158 3232 482 3311 probabile
521 3233 1019 3298 fundamentum.
1056 3240 1240 3317 (Vide
1260 3247 1596 3318 auctorem,
1647 3243 1724 3305 de

163 3324 373 3399 Poen.,
403 3324 563 3406 disp.
603 3329 702 3404 12,
735 3334 880 3390 sect.
903 3331 966 3407 6,
994 3350 1060 3392 n.
1091 3333 1194 3410 8.)

647 3529 1094 3594 DISPUTATIO
1135 3534 1238 3594 XI.

357 3691 434 3736 ΒΕ
459 3692 772 3740 PRAEGEPTO
801 3695 881 3740 AI>
909 3697 1104 3742 PAGEM
1142 3698 1533 3745 Pitumnum.

247 3813 414 3872 Inter
461 3810 708 3874 effeetus
763 3816 1080 3877 charitatis
1140 3817 1496 3878 numeravit
1546 3819 1726 3880 divus

158 3905 434 3966 Thomas
472 3923 707 3983 pacem,
743 3915 805 3968 et
836 3909 974 3969 ideo
998 3911 1129 3988 agit
1159 3911 1234 3971 de
1269 3912 1592 3972 contrariis
1616 3932 1726 3992 pa·

158 3998 255 4072 ci,
305 4002 362 4059 Ξ.
406 4001 445 4058 2
471 4045 489 4073 ,
533 4019 571 4060 a
609 4009 822 4077 quaest.
871 4003 944 4062 37
981 4003 1058 4064 ad
1087 4005 1201 4078 423
1241 4009 1448 4064 tamen
1498 4006 1720 4082 multa,

159 4109 308 4171 quae
339 4092 652 4168 dicuntur,
689 4096 884 4172 magis
915 4095 990 4156 ad
1021 4097 1346 4156 materiam
1378 4097 1454 4157 de
1484 4099 1724 4176 justitia

157 4185 542 4265 spectabant,
576 4187 722 4265 quia
749 4187 854 4248 vix
883 4187 1128 4250 laeditur
1151 4208 1295 4269 pax,
1335 4191 1458 4250 nisi
1489 4209 1597 4269 per
1628 4192 1725 4251 in—

154 4281 386 4360 juriam
407 4296 426 4356 ;
449 4282 550 4341 sed
579 4281 875 4360 quoniam
903 4285 1162 4344 materia
1189 4290 1283 4344 est
1309 4286 1538 4362 gravis,
1571 4290 1724 4344 trac-

157 4373 397 4434 tabitur
417 4374 535 4436 hoc
568 4375 722 4438 loco,

697 4559 914 4611 SEC'rlo
947 4559 1151 4612 UNICA.

165 4730 388 4792 Utrum
412 4747 543 4811 pazo
571 4729 662 4792 sit
687 4729 756 4790 in
794 4736 1086 4812 prcecepto
1115 4731 1214 4792 cui
1252 4736 1563 4813 repuynai
1600 4731 1721 4795 dis·

617 4823 824 4887 cordia
853 4831 914 4888 et
947 4823 1261 4888 contentio.

239 5016 300 5072 1.
331 5008 552 5075 Prima
569 5013 1416 5092 conclusio.—Respondetur
1437 5015 1725 5094 simplici-

153 5113 252 5168 ter
272 5125 484 5186 pacem
510 5124 640 5166 esse
677 5106 741 5166 in
771 5113 1078 5185 praecepto
1111 5129 1125 5166 ι
1155 5107 1274 5166 hoc
1308 5107 1476 5168 enim
1506 5109 1724 5170 intrin-

151 5219 288 5260 sece
303 5199 582 5279 sequitur
594 5218 668 5259 ex
685 5217 915 5271 amore,
931 5198 1008 5258 ad
1028 5218 1208 5279 quem
1229 5205 1464 5278 spectat
1483 5201 1722 5262 animos

151 5295 554 5371 conjungere,
588 5299 658 5352 ut
685 5298 926 5353 constat
951 5292 1030 5352 ad
1061 5292 1239 5353 Rom.
1273 5295 1372 5368 12,
1416 5298 1478 5353 et
1511 5295 1549 5353 2
1577 5293 1716 5356 Cor.

154 5392 232 5451 13
260 5407 273 5449 :
301 5388 526 5450 Pacem
553 5387 778 5460 habete,
814 5393 872 5449 et
898 5387 1062 5449 Deus
1097 5388 1290 5469 pacis,
1324 5393 1440 5448 etc.
1471 5387 1588 5448 Sed
1616 5387 1722 5447 ad-

3257 427 3365 486 731

1812 529 2205 590 voluntatum
2244 530 2563 608 primarie,
2594 535 3035 608 consequenter
3065 530 3255 591 etiam
3277 531 3379 607 ju-

1813 622 2141 696 diciorum,
2174 622 2485 684 actionum
2532 633 2596 683 et
2642 641 3019 684 sermonum.
3052 622 3238 683 Aliud
3288 629 3381 684 est

1811 717 2195 793 negativum,
2241 716 2502 791 scilicet,
2546 735 2673 776 non
2702 716 2901 778 facere
2945 717 3183 796 aliquid
3210 717 3376 796 quod

1810 808 2099 869 dissolvat
2126 810 2311 871 istam
2342 810 2825 871 consensionem.
2865 810 3020 870 lllud
3063 810 3231 888 prius
3276 829 3371 870 re·

1810 919 1958 963 vera
1983 908 2218 981 spectat
2244 903 2318 963 ad
2350 920 2651 978 amorem,
2684 912 2994 982 quatenus
3022 902 3136 963 sub
3164 920 3377 962 amore

1811 1012 2063 1054 omnem
2096 994 2333 1056 honum
2369 995 2741 1056 desiderium
2782 1002 2841 1057 et
2878 994 3376 1056 benevolentiam

1811 1087 2425 1166 comprehendimus;
2468 1087 2633 1148 unde
2680 1087 2761 1148 ad
2811 1089 2925 1148 hoc
2956 1106 3084 1149 non
3134 1088 3379 1149 videtur

1809 1181 2231 1241 necessarium
2258 1181 2518 1260 speciale
2544 1190 2946 1261 praeceptum,
2968 1187 3190 1260 praeter
3212 1198 3379 1241 com-

1809 1291 2003 1334 mune
2033 1272 2396 1334 dilectionis.
2436 1273 2738 1334 Posterius
2776 1274 3150 1353 privativum
3180 1278 3380 1352 potest

1811 1384 1938 1428 esse
1968 1366 2294 1445 multiplex
2320 1388 2335 1427 ε
2370 1367 2607 1427 namin
2633 1366 2753 1427 hoc
2778 1367 3073 1442 consistit,
3103 1374 3171 1427 ut
3190 1366 3377 1427 homo

1809 1477 1874 1519 se
1903 1457 2210 1520 abstineat
2233 1458 2311 1518 ab
2338 1459 2511 1520 omni
2558 1459 2797 1520 actione
2842 1477 2981 1537 quse
3026 1458 3211 1538 possit
3254 1457 3377 1518 dis-

1809 1551 2046 1612 solvere
2072 1554 2251 1612 istam
2273 1569 2487 1631 pacem
2500 1568 2521 1630 3
2553 1557 2613 1612 et
2626 1550 2771 1612 huic
2800 1552 3107 1631 proposito
3122 1551 3378 1631 opponi·

1808 1650 1915 1705 tur
1939 1644 2239 1706 dissensio
2271 1645 2687 1720 voluntatum,
2750 1651 2814 1706 et
2858 1645 3151 1724 quicquid
3196 1645 3273 1706 ab
3302 1663 3378 1706 ea

1812 1738 2127 1816 procedat,
2148 1755 2285 1818 quae
2311 1738 2589 1818 generali
2613 1739 2865 1800 nomine
2898 1744 3093 1816 potest
3114 1738 3236 1800 dici
3256 1737 3377 1800 dis-

1813 1828 2044 1892 cordia.
3040 1875 3057 1886 ..

1889 1925 1950 1984 2.
2000 1923 2281 1988 Secunda
2302 1925 2627 1989 conclusio.
2649 1961 2729 1971 —
2750 1922 3147 2006 Explicatur,
3169 1929 3377 2004 etpro-

1811 2018 1992 2081 batur
2023 2019 2321 2082 conclusio
2360 2038 2431 2082 ex
2464 2021 2696 2102 duplici
2722 2022 2887 2081 modo
2931 2019 3262 2082 discordias.
3292 2051 3376 2064 —-

1810 2113 1894 2172 De
1933 2131 2059 2191 qna
2107 2114 2243 2175 dico
2282 2113 2551 2174 secundo
2600 2112 2761 2174 hanc
2808 2113 3173 2172 discordiam
3222 2113 3375 2172 irra-

1807 2207 2167 2269 tionabilem
2203 2225 2331 2268 esse
2376 2208 2629 2286 quidem
2668 2207 2917 2279 malam,
2960 2212 3022 2267 et
3057 2206 3375 2267 interdum

1808 2303 2182 2363 contrariam
2210 2302 2516 2378 charitati,
2563 2302 2877 2363 interdum
2906 2319 3053 2362 vero
3088 2300 3225 2360 aliis
3249 2301 3373 2361 vir-

1807 2394 2074 2470 tutibus3
2145 2395 2460 2475 loquimur
2519 2402 2729 2457 autem
2785 2395 2862 2456 de
2924 2392 3365 2469 irrationabili,

1806 2489 1955 2567 quia
1983 2508 2436 2569 nonnunquam
2464 2489 2601 2550 fieri
2628 2493 2828 2569 potest
2862 2493 2933 2548 ut
2969 2487 3099 2548 haec
3126 2486 3369 2547 dissen-

1806 2585 1898 2644 sio
1925 2585 2005 2645 sit
2037 2586 2212 2664 quasi
2236 2585 2597 2660 materialis,
2624 2590 2686 2645 et
2709 2584 2866 2644 nihil
2895 2583 3197 2659 derogans
3224 2582 3368 2643 cha-

1803 2678 1995 2740 ritati.
2028 2678 2279 2758 Explico
2308 2684 2370 2738 et
2398 2677 2587 2758 probo
2616 2677 2869 2738 omnia:
2901 2675 3175 2736 consistit
3198 2675 3366 2736 enim

1803 2771 1935 2833 haec
1964 2772 2267 2833 discordia
2300 2777 2371 2831 ut
2419 2789 2532 2849 ego
2588 2771 2773 2832 velim
2824 2769 3204 2830 contraiium
3238 2769 3369 2847 ejus

1805 2866 1971 2947 quod
2020 2867 2338 2946 proximus
2388 2864 2543 2941 vult,
2598 2865 2760 2944 quod
2808 2864 2945 2925 fieri
2990 2868 3212 2944 potest,
3268 2861 3369 2923 vel

1805 2961 1952 3040 quia
1975 2961 2396 3040 unusquisque
2447 2956 2895 3019 rationabiliter
2940 2963 3249 3029 movetur,
3298 2961 3371 3017 ut

1806 3053 1884 3114 ad
1911 3053 2243 3114 volendum
2265 3055 2365 3132 jus
2390 3069 2596 3126 suum,
2622 3069 2827 3130 neque
2855 3050 3042 3111 infert
3070 3051 3136 3112 in
3176 3069 3249 3110 eo
3279 3049 3365 3110 al-

1803 3147 1920 3206 teri
1945 3146 2264 3225 iniuriam,
2291 3163 2495 3224 neque
2526 3162 2637 3224 per
2662 3163 2727 3204 se
2749 3143 2882 3204 vult
2902 3144 3365 3204 incommodum

1805 3241 1961 3320 ejus,
2002 3248 2064 3302 et
2112 3240 2231 3302 hoc
2290 3240 2474 3302 modo
2520 3243 2721 3318 potest
2772 3237 3073 3299 discordia
3122 3238 3365 3298 nullum

1805 3352 1933 3395 esse
1962 3341 2305 3414 peccatum,
2336 3333 2383 3392 si
2414 3332 2831 3410 unusquisque
2863 3350 3005 3393 vere
3047 3349 3157 3411 per
3184 3351 3247 3392 se
3274 3331 3369 3390 in-

1813 3427 2029 3487 tendat
2085 3427 2449 3500 honestum,
2496 3423 2630 3486 sine
2670 3424 3017 3486 intentione
3057 3423 3367 3486 inferendi

1810 3519 2047 3580 malum
2068 3519 2271 3581 alteri.
2360 3549 2371 3562 =

1893 3615 1952 3673 3.
1998 3613 2133 3673 Alio
2164 3614 2347 3674 modo
2372 3619 2567 3694 potest
2591 3614 2732 3694 quis
2755 3612 3073 3675 voluntate
3110 3630 3221 3673 sua
3249 3613 3369 3674 dis-

1811 3706 2059 3766 cordare
2098 3724 2137 3766 a
2177 3707 2495 3768 voluntate
2532 3708 2811 3782 alteriuS,
2842 3706 3091 3785 quando
3128 3712 3371 3767 tenetur

1808 3799 2175 3874 consentire,
2208 3808 2268 3861 et
2298 3807 2448 3862 tunc
2470 3801 2774 3878 discordia
2803 3807 2894 3860 est
2918 3799 3117 3873 mala;
3162 3807 3369 3860 tamen

1805 3893 1965 3954 sicut
1992 3894 2287 3972 obligatio
2310 3894 2417 3956 illa
2449 3901 2647 3974 potest
2665 3895 2815 3956 oriri
2844 3913 2917 3955 ex
2948 3895 3135 3954 variis
3177 3893 3369 3954 virtu-

1805 3987 1993 4062 tibus,
2025 3989 2111 4047 ita
2158 3987 2289 4047 haec
2319 3987 2559 4048 malitia
2595 3993 2799 4068 potest
2841 3987 2920 4048 ad
2948 3987 3191 4046 diversa
3218 3985 3371 4047 vitia

1805 4083 2138 4160 pertinere.
2160 4083 2431 4142 Tenetur
2458 4082 2626 4142 enim
2656 4081 2937 4142 subditus
2964 4101 3041 4142 ex
3067 4080 3200 4158 lege
3230 4079 3373 4140 obe-

1807 4174 2058 4234 dientiae
2078 4175 2461 4235 voluntatem
2494 4193 2669 4235 suam
2692 4175 3076 4237 conformare
3095 4192 3235 4233 cum
3266 4191 3370 4234 vo-

1806 4266 2043 4328 luntate
2073 4268 2429 4344 superioris,
2464 4268 2643 4329 Unde
2672 4270 2721 4328 si
2765 4268 3090 4343 discordet,
3124 4274 3367 4346 peccat3

1807 4367 2017 4420 tamen
2067 4359 2173 4420 illa
2227 4360 2535 4422 discordia
2596 4361 2955 4422 immediate
3008 4366 3099 4421 est
3154 4366 3372 4420 contra

1806 4452 2245 4514 obedientiam.
2280 4453 2578 4514 Similiter
2610 4454 2925 4516 interdum
2977 4459 3219 4514 tenetur
3268 4452 3371 4513 de-

1803 4545 1969 4606 bitor
1996 4565 2073 4606 ex
2096 4547 2337 4625 justitia
2366 4547 2737 4608 concordare
2766 4547 3151 4607 voluntatem
3194 4563 3369 4607 suam

1805 4659 1944 4700 cum
1988 4638 2306 4701 voluntate
2362 4641 2703 4716 creditoris„
2752 4647 2815 4700 ct
2869 4646 3015 4701 tunc
3069 4639 3373 4700 discordia

1806 4733 2113 4793 contraria
2137 4733 2254 4793 erit
2282 4740 2495 4794 contra
2514 4734 2819 4812 justitiam
2834 4750 2855 4812 ;
2886 4735 2974 4795 ita
3002 4734 3071 4795 D.
3104 4734 3372 4794 Thomas

1806 4829 1866 4888 2.
1895 4829 1959 4901 Ξ,
1986 4831 2199 4904 quaest.
2232 4829 2346 4902 743
2377 4833 2438 4888 et
2456 4828 2624 4903 Sot0,
2652 4828 2719 4888 in
2749 4828 2968 4906 quinto
2996 4828 3073 4889 de
3098 4827 3369 4902 Justitia,

1809 4925 2021 4998 quaest.
2056 4923 2152 4979 11.
2188 4921 2413 4980 Contra
2452 4919 2818 4981 charitatem
2856 4927 3067 4980 autem
3096 4921 3213 4980 erit
3239 4939 3372 4998 spe-

1803 5011 2063 5084 cialiter,
2111 5012 2357 5090 quando
2414 5012 2522 5072 illa
2555 5013 2851 5092 obligatio
2883 5020 3019 5073 orta
3064 5013 3253 5074 fuerit
3293 5031 3371 5073 ex

1803 5106 1932 5166 solo
1979 5106 2229 5167 vinculo
2282 5107 2622 5182 charitatis,
2664 5114 2734 5166 ut
2783 5108 2835 5166 si
2868 5108 3187 5186 proximus
3222 5106 3372 5168 velit

1803 5199 2054 5278 aliquod
2085 5199 2319 5259 bonum
2351 5199 2629 5260 obtinere
2670 5199 2782 5260 sibi
2828 5202 3230 5262 necessarium
3260 5206 3371 5261 aut

1805 5293 1985 5354 valde
2013 5293 2185 5368 utile,
2218 5311 2333 5372 ego
2374 5299 2583 5352 autem
2622 5293 2754 5354 sine
2797 5312 2980 5354 causa
3016 5294 3369 5356 rationabili

1804 5386 1993 5447 velim
2019 5385 2341 5464 impedire.
2384 5387 2539 5446 Nam
2576 5385 2692 5446 etsi
2716 5385 2956 5446 nullam
2986 5386 3247 5448 inferam
3274 5389 3371 5449 in-

151 5481 522 5542 vertendum
545 5487 638 5542 est
665 5481 732 5540 in
763 5497 910 5558 pace
935 5479 1056 5540 duo
1085 5478 1496 5541 considerari:
1524 5497 1721 5540 unum
1797 5480 2060 5559 juriam,
2090 5497 2166 5540 ex
2207 5498 2271 5540 se
2300 5479 2549 5540 videtur
2582 5477 2699 5539 hoc
2722 5479 3011 5540 amicitiae
3045 5480 3221 5542 valde
3262 5482 3368 5542 de-

153 5585 246 5638 est
275 5575 630 5661 positivum,
671 5573 838 5661 quod
881 5573 1159 5640 consistit
1204 5573 1270 5640 in
1324 5573 1722 5644 consensione

1803 5591 2051 5664 rogare,
2071 5580 2135 5634 et
2156 5573 2524 5654 regulariter
2552 5572 2691 5641 talis
2717 5571 3021 5642 discordia
3042 5573 3240 5663 oritur
3257 5579 3368 5642 aut
